2249 3624
537 149 623 188 Lm.
655 148 685 187 1.
727 148 824 188 ομ».
854 145 1163 186 iux—xxii.
1204 142 1262 196 §§
1294 140 1483 183 43—50.
1806 133 1885 176 223

128 257 319 309 regiones
351 262 391 295 et
421 269 581 294 rursum
615 254 727 292 omni
759 253 870 292 cultu
905 258 1073 305 propter
1104 252 1185 290 vim
1216 250 1382 302 frigoris
1413 253 1482 288 aut
1505 246 1651 286 caloris
1676 244 1886 284 vacantis?

126 315 191 357 46.
224 319 307 357 Nos
339 318 446 357 enim
479 332 529 356 ne
561 331 668 356 nunc
699 315 865 368 quidem
899 315 1028 353 oculis
1051 314 1258 352 cernimus
1281 326 1347 358 ea,
1379 324 1486 364 quae
1511 309 1717 354 videmus;
1751 318 1887 359 neque

126 386 188 420 est
228 380 337 419 enim
380 380 488 418 ullus
529 393 676 418 sensus
717 379 756 417 in
799 390 996 429 corpore,
1038 376 1130 421 sed,
1176 382 1218 414 ut
1251 389 1331 414 non
1366 373 1524 426 physici
1555 370 1690 411 solum
1725 370 1887 415 docent,

128 456 267 481 verum
309 442 433 480 etiam
473 441 643 486 medici,
685 441 754 492 qui
796 440 872 478 ista
914 444 1055 490 aperta
1088 444 1125 476 et
1160 437 1367 489 patefacta
1400 436 1613 480 viderunt,
1647 433 1737 472 viae
1770 430 1888 485 quasi

125 505 329 557 quaedam
368 510 462 542 sunt
500 503 551 542 ad
591 503 758 547 oculos,
805 501 854 540 ad
895 502 1028 545 auris,
1075 501 1125 539 ad
1159 500 1269 539 naris
1300 514 1322 538 a
1355 498 1452 537 sedi·
1485 497 1610 536 animi
1643 494 1919 549 persei·atae.5

126 567 269 617 ltaque
309 578 433 617 saepe
465 571 534 604 ant
566 564 814 615 cogitatione
847 570 915 601 ant
946 564 1085 615 aliqua
1120 565 1154 601 xi
1188 562 1318 601 morbi
1353 560 1543 613 impediti
1577 558 1730 612 apertis
1762 563 1888 608 atque

124 629 294 679 integris
326 633 365 666 et
397 627 526 665 oculis
559 632 597 664 et
628 626 796 664 auribus
831 639 904 662 nec
930 624 1116 663 videmus
1149 639 1222 663 nec
1247 624 1460 667 audimus,
1494 628 1537 661 ut
1559 621 1679 660 facile
1704 617 1888 669 intellegi

126 689 253 740 possit
283 688 465 727 animum
499 694 537 726 et
570 688 710 726 videre
742 693 781 725 et
813 687 978 731 audire,
1014 700 1095 724 non
1128 701 1196 725 eas
1230 686 1378 738 partis,
1413 698 1518 737 quae
1542 683 1661 735 quasi
1683 681 1889 720 fenestrae

123 751 205 789 sint
236 750 382 795 animi,
415 750 568 802 quibus
601 756 737 788 tamen
770 749 922 787 sentire
956 748 1058 786 nihil
1093 755 1217 800 queat
1252 761 1386 792 mens,
1420 748 1497 785 nisi
1531 745 1567 785 id
1592 751 1685 796 agat
1707 749 1748 783 et
1767 742 1889 781 adsit.

123 812 265 859 Quid?
298 812 410 864 quod
441 811 585 850 eadem
617 817 753 849 mente
786 824 850 849 res
887 809 1185 848 dissimillimas
1226 809 1582 860 compremlimus,
1616 812 1657 845 ut
1694 805 1940 849 colorem,10

121 886 334 926 saporem,
381 874 579 919 calorem,
627 874 819 918 odorem,
865 874 1044 910 sonum?
1092 884 1197 923 quae
1242 884 1466 923 numquam
1500 871 1687 923 quinque
1735 866 1890 906 nuntiis

121 937 283 975 animus
315 942 607 987 cognosceret,
641 936 719 974 nisi
750 935 800 973 ad
834 948 926 973 eum
959 935 1098 972 omnia
1131 933 1383 972 reserrentur
1415 938 1454 971 et
1487 933 1518 971 is
1547 932 1733 971 omnium
1765 929 1891 968 iudex

123 997 236 1037 solus
269 1004 390 1036 esset.
436 1000 573 1050 Atque.
605 1010 654 1037 ea
687 996 872 1049 profecto
906 1003 989 1035 tum
1024 996 1152 1035 multo
1186 995 1356 1048 puriora
1389 1000 1425 1033 et
1449 994 1698 1033 dilucidiora
1720 1004 1892 1032 cernen—

122 1066 203 1106 tur,
246 1073 338 1099 cum
371 1074 453 1113 quo
498 1066 645 1099 natura
676 1059 754 1099 fert
785 1059 890 1098 liber
920 1059 1084 1098 animus
1118 1057 1365 1110 pervenerit.
1428 1053 1492 1094 17.
1526 1057 1627 1095 Nam
1661 1068 1769 1094 nunc
1802 1054 1892 1107 qui-

122 1122 228 1169 dem,
260 1136 513 1176 quamquam
546 1122 751 1162 foramina
783 1122 871 1168 illa,
906 1134 1013 1174 qnae
1047 1126 1189 1173 patent
1221 1119 1273 1159 ad
1305 1119 1487 1158 animum
1520 1131 1542 1157 a
1574 1131 1772 1170 corpore,
1811 1116 1942 1156 cal-⁴5

122 1184 324 1224 lidissimo
364 1185 539 1224 artificio
579 1191 724 1224 natura
756 1184 954 1223 fabricata
987 1189 1065 1229 est,
1106 1188 1241 1222 tamen
1275 1182 1448 1222 terrenis
1481 1181 1772 1233 concretisque
1804 1192 1894 1219 cor-

121 1247 292 1300 poribus
333 1253 429 1286 sunt
470 1248 722 1298 intersaepta
764 1246 945 1299 quodam
987 1245 1133 1285 modo:
1179 1258 1273 1284 cum
1316 1250 1454 1284 autem
1487 1242 1591 1281 nihil
1622 1242 1700 1281 erit
1730 1247 1894 1294 praeter

121 1309 329 1357 animum,
362 1310 477 1349 nulla
509 1323 572 1349 res
606 1310 769 1348 obiecta
800 1308 1000 1361 impediet
1033 1320 1116 1360 quo
1149 1307 1287 1346 minus
1320 1305 1520 1360 percipiat
1550 1304 1671 1357 quale
1704 1303 1893 1357 quidque

121 1373 182 1413 sit.
235 1373 346 1412 XXI.
381 1372 579 1420 Quamvis
624 1372 795 1424 copiose
842 1371 943 1410 haec
987 1370 1236 1415 diceremus,
1283 1369 1317 1408 si
1362 1381 1426 1407 res
1474 1367 1724 1421 postularet,
1768 1379 1893 1419 quam

121 1435 271 1481 multa,
315 1448 440 1488 quam
472 1435 608 1481 varia,
650 1440 804 1488 quanta
835 1432 1072 1486 spectacula
1103 1432 1265 1471 animus
1296 1432 1338 1470 in
1370 1431 1472 1470 locis
1504 1430 1753 1470 caelestibus
1785 1434 1944 1469 esset20

122 1495 357 1537 habiturus.
418 1494 483 1535 48.
518 1497 635 1545 Quae
669 1497 838 1550 quidem
870 1496 1057 1547 cogitans
1089 1495 1205 1534 soleo
1237 1507 1362 1546 saepe
1396 1493 1535 1532 mirari
1566 1507 1650 1533 non
1681 1492 1894 1532 nullorum

121 1561 387 1601 insolentiam
422 1560 794 1612 philosophorum,
827 1559 899 1611 qui
931 1564 1100 1597 naturae
1133 1557 1413 1609 cognitionem
1436 1555 1696 1596 admirantur
1717 1555 1894 1608 eiusque

122 1622 329 1662 inventori
373 1628 414 1662 et
470 1623 647 1675 principi
695 1623 846 1674 gratias
889 1620 1124 1660 exultantes
1165 1625 1293 1671 agunt
1338 1632 1520 1671 eumque
1558 1623 1812 1658 venerantur
1850 1622 1896 1657 ut

123 1684 268 1731 deum;
311 1685 510 1724 liberatos
549 1686 660 1724 enim
700 1698 743 1724 se
776 1697 850 1736 per
881 1697 974 1722 eum
1007 1683 1149 1722 dicunt
1185 1681 1438 1734 gravissimis
1483 1681 1688 1727 dominis,
1734 1686 1894 1719 terrore

121 1747 377 1799 sempiterno
401 1753 440 1787 et
463 1748 614 1787 diurno
637 1761 684 1786 ac
707 1752 911 1786 nocturno
934 1750 1060 1784 metu.
1094 1744 1186 1792 Quo
1209 1745 1395 1783 terrore?
1428 1756 1513 1796 quo
1537 1745 1674 1783 metu?
1698 1756 1806 1796 quae
1829 1745 1892 1781 est
1908 1749 1944 1778 25

121 1823 224 1849 anus
255 1816 337 1849 tam
369 1810 499 1849 delira
531 1823 638 1863 quae
662 1810 805 1849 timeat
826 1809 923 1854 ista,
957 1821 1065 1862 quae
1090 1821 1160 1847 vos
1184 1806 1398 1853 videlicet,
1431 1806 1463 1845 si
1487 1804 1659 1860 physica
1681 1820 1766 1846 non
1788 1808 1894 1847 didi-

121 1872 295 1918 cissetis,
314 1872 544 1911 timeretis?
565 1872 884 1911 Acherunsia
907 1870 1097 1923 templa
1119 1870 1222 1909 alta
1244 1868 1375 1915 Orci,
1398 1868 1592 1922 pallida
1614 1868 1720 1917 leti,
1742 1870 1895 1910 obnu-

120 1934 226 1975 bila
258 1935 487 1974 tenebris
520 1934 647 1974 loca.
693 1936 785 1974 Non
818 1933 945 1987 pudet
976 1932 1271 1986 philosophum
1302 1932 1344 1970 in
1369 1945 1417 1971 eo
1439 1932 1623 1984 gloriari,
1655 1933 1767 1986 quod
1790 1933 1894 1974 haec

120 2011 205 2037 non
236 1998 379 2037 timeat
410 2003 450 2036 et
481 1997 592 2050 quod
625 1996 729 2036 salsa
759 2009 851 2036 esse
883 1995 1152 2047 cognoverit?
1195 1995 1224 2033 E
1257 2007 1341 2046 quo
1381 1994 1567 2047 intellegi
1601 2002 1739 2048 potest
1770 2010 1896 2049 quam

122 2060 232 2100 acuti
257 2065 404 2099 natura
428 2059 532 2105 sint,
565 2059 763 2112 quoniam
785 2059 887 2098 haec
911 2059 1000 2097 sine
1023 2058 1213 2097 doctrina
1237 2057 1434 2096 credituri
1459 2057 1640 2098 fuerunt.
1684 2056 1749 2097 49.
1772 2060 1896 2100 Prae·
1910 2066 1946 2094 ³0

123 2121 278 2161 clarum
309 2127 447 2160 autem
480 2122 621 2160 nescio
655 2119 753 2173 quid
785 2120 927 2173 adepti
959 2126 1076 2166 sunt,
1110 2119 1224 2173 quod
1258 2119 1494 2159 didicerunt
1523 2134 1586 2167 se,
1620 2135 1712 2161 cum
1734 2127 1896 2176 tempus
1954 2108 1957 2116 ¹

124 2183 266 2223 mortis
285 2182 481 2229 venisset,
506 2189 612 2222 totos
631 2197 721 2222 esse
745 2183 971 2235 perituros.
1007 2182 1128 2231 Quod
1153 2188 1195 2221 ut
1214 2183 1270 2221 ita
1287 2183 1338 2221 sit
1354 2205 1406 2209 —
1422 2182 1529 2221 nihil
1548 2183 1658 2222 enim
1677 2198 1816 2238 pugno
1832 2207 1896 2232 —,

123 2244 223 2297 quid
264 2244 386 2284 habet
424 2246 504 2285 ista
537 2260 604 2284 res
641 2251 714 2285 aut
749 2245 943 2284 laetabile
975 2251 1045 2284 aut
1076 2245 1335 2298 gloriosum?
1379 2246 1463 2284 Nec
1494 2251 1634 2285 tamen
1664 2246 1764 2287 mihi
1797 2260 1897 2287 sane

123 2307 348 2360 quicquam
387 2308 569 2347 occurrit
607 2321 680 2347 cur
721 2321 807 2347 non
847 2306 1104 2360 Pythagorae
1147 2308 1198 2347 sit
1238 2313 1278 2347 et
1317 2308 1501 2347 Platonis
1540 2322 1638 2348 vera
1679 2310 1896 2350 sententia.

124 2368 174 2408 Ut
205 2369 316 2408 enim
347 2370 550 2409 rationem
582 2370 698 2409 Plato
731 2369 889 2408 nullam
921 2370 1101 2409 adferret
1123 2391 1177 2398 —
1198 2370 1293 2409 vide
1317 2370 1419 2423 quid
1449 2370 1608 2409 homini
1631 2369 1808 2411 tribuam
1829 2393 1896 2420 —‚
1911 2379 1946 2407 35

123 2432 215 2484 ipsa
245 2432 493 2472 auctoritate
525 2445 590 2471 me
622 2431 852 2484 frangeret:
885 2438 944 2472 tot
973 2439 1114 2472 autem
1140 2432 1323 2472 rationes
1346 2433 1503 2480 attulit,
1538 2438 1582 2472 ut
1606 2433 1710 2473 velle
1732 2434 1896 2481 ceteris,

126 2495 208 2535 sihi
239 2501 351 2534 certe
382 2495 639 2548 persuasisse
670 2494 874 2534 videatur.

238 2557 370 2596 XXIL
402 2555 468 2595 50.
512 2556 595 2596 Sed
628 2557 794 2609 plurimi
827 2561 971 2596 contra
1002 2557 1190 2596 nituntur
1221 2558 1471 2611 animosque
1504 2557 1625 2611 quasi
1656 2558 1792 2610 capite
1827 2557 1899 2597 da-

126 2624 287 2659 mnatos
331 2624 463 2658 morte
511 2619 705 2666 multant,
753 2632 890 2672 neque
928 2618 1044 2658 aliud
1086 2625 1148 2659 est
1180 2620 1408 2673 quicquam
1441 2633 1513 2660 cur
1550 2619 1809 2660 incredibilis
1846 2620 1898 2660 iis

212 2772 242 2804 3.
269 2773 354 2804 enim
383 2775 429 2803 est
457 2773 480 2803 B
513 2789 546 2793 —
582 2772 612 2803 7.
638 2772 777 2811 intelligi
803 2772 836 2802 h.
865 2771 884 2802 l.
913 2774 945 2802 et
971 2781 1002 2802 v.
1024 2772 1062 2803 29
1089 2774 1152 2804 GR
1185 2790 1218 2795 —
1255 2774 1286 2804 8.
1314 2782 1377 2804 non
1402 2782 1522 2804 eas--
1539 2777 1616 2805 sunt
1638 2775 1742 2806 animi
1767 2776 1899 2807 Nonius

126 2831 159 2863 p.
186 2822 238 2854 36.
267 2840 300 2844 —
329 2822 359 2853 9.
386 2826 460 2852 sunt
483 2823 508 2853 O
536 2839 570 2843 —
600 2823 651 2853 40.
680 2822 774 2862 Quid]
805 2822 861 2860 qui
886 2823 910 2852 G
928 2823 950 2853 R
976 2824 1010 2852 et
1036 2827 1136 2860 [corr.
1166 2823 1243 2854 ead.
1271 2832 1317 2854 m.
1345 2823 1377 2854 in
1402 2823 1490 2862 quid)
1516 2824 1540 2854 B
1569 2841 1602 2846 —
1630 2824 1850 2855 disimillimas
1874 2826 1899 2856 G

130 2888 164 2893 —
190 2872 491 2910 comprehendimus
514 2872 538 2902 O
564 2888 598 2892 —
628 2871 682 2902 42.
711 2875 740 2902 ec
763 2872 811 2902 his
835 2872 879 2902 B:
905 2875 941 2902 ul
964 2873 1047 2902 idem
1073 2873 1098 2903 O
1127 2890 1162 2895 -
1191 2872 1241 2903 44.
1269 2873 1356 2903 Nam
1372 2890 1420 2895 --
1437 2873 1481 2903 ad
1504 2874 1632 2904 animos
1655 2883 1677 2905 a
1699 2882 1836 2913 corpore
1853 2891 1901 2897 --

128 2925 251 2952 natura
274 2921 463 2960 fabricatur
479 2921 610 2951 Nonius
634 2929 666 2960 p.
689 2920 741 2951 35.
765 2938 797 2943 -
828 2921 878 2951 15.
905 2921 1105 2952 calidissimo
1129 2922 1153 2953 R
1181 2939 1215 2943 —
1245 2923 1294 2953 1¹7.
1322 2923 1501 2961 intersepta
1518 2923 1542 2953 C
1562 2939 1596 2944 —
1618 2923 1669 2955 48.
1689 2924 1787 2963 quale
1803 2924 1902 2963 quid-

129 2978 190 3009 que
212 2974 257 3001 εει
280 2971 371 3001 Bake
397 2969 457 3001 1.1.
485 2979 518 3010 p.
538 2971 590 3001 76.
619 2987 653 2992 —-
691 2971 744 3002 25.
772 2972 892 3002 diurno
923 2975 1107 3002 anoeturno
1139 2973 1164 3003 R
1192 2990 1225 2994 —
1260 2972 1310 3003 27.
1337 2973 1539 3003 Acherunsia
1567 2974 1689 3012 templa
1715 2974 1786 3005 alla
1811 2974 1900 3012 Orci,

130 3018 282 3059 [κωνείῳ]
306 3019 437 3053 salvete,
463 3019 616 3061 infermi]
641 3019 768 3050 Pallida
791 3020 864 3052 leti.
891 3021 1045 3052 obnubila
1069 3022 1207 3053 tenebris
1233 3021 1338 3062 [atris.
1365 3021 1516 3062 aeternis]
1543 3022 1635 3054 loca!
1663 3022 1793 3055 Vahlen
1813 3023 1898 3055 Enn.

131 3069 228 3100 Poes.
255 3067 326 3100 Bel.
354 3076 387 3108 p.
416 3068 476 3099 402
501 3067 577 3099 coll.
605 3069 761 3100 Varrone
787 3070 823 3100 L.
843 3071 879 3101 L.
899 3072 968 3108 VII,
989 3072 1018 3102 6.
1046 3074 1175 3111 (sancta
1199 3071 1333 3102 addidit
1357 3072 1394 3102 Ο.
1414 3071 1595 3111 Ribbeck.)
1619 3089 1654 3094 —
1680 3073 1858 3104 Acherusia
1875 3073 1900 3104 O

132 3134 167 3141 —·
193 3118 246 3149 leli
269 3118 402 3149 onubila
426 3119 451 3148 G
467 3120 507 3154 R?
535 3118 595 3148 leto
619 3119 730 3149 nubila
756 3120 799 3155 B3
833 3120 905 3157 leti,
939 3121 1061 3151 Nubila
1087 3121 1111 3152 O
1140 3138 1173 3142 —
1205 3121 1256 3153 30.
1285 3122 1443 3159 quoniam
1459 3138 1507 3145 -—-
1523 3121 1657 3161 suerunt
1690 3122 1734 3153 C:
1770 3123 1826 3162 qui
1849 3140 1867 3145 -
1883 3139 1901 3144 -

129 3166 254 3205 fuerint
277 3168 320 3201 Ο.
353 3166 431 3198 coll.
458 3168 647 3208 Wopkens.
675 3177 707 3209 p.
734 3169 786 3200 19.
814 3170 974 3202 Garatom.
1002 3171 1045 3202 ad
1078 3170 1193 3202 Milon,
1221 3180 1255 3211 p.
1282 3172 1356 3202 2105.
1383 3172 1468 3203 Bon.
1498 3187 1532 3194 —
1568 3171 1620 3204 32.
1646 3175 1684 3203 ut
1715 3181 1784 3204 om.
1813 3173 1837 3204 R
1862 3189 1896 3194 —

133 3215 184 3246 33.
211 3216 358 3248 loetabile
382 3218 407 3248 G
422 3218 445 3248 R
474 3235 506 3239 —
535 3218 587 3248 35.
613 3219 700 3249 enim
723 3227 840 3250 ueram
862 3220 1025 3251 rationem
1050 3220 1125 3260 (sed
1147 3229 1262 3251 veram
1286 3220 1365 3252 ead.
1386 3228 1432 3252 m.
1452 3222 1591 3263 punctis
1616 3223 1785 3262 notatum)
1811 3223 1836 3253 G
1862 3236 1896 3242 —

133 3263 184 3295 38.
210 3265 408 3306 dampnatos
432 3267 458 3297 G
485 3283 519 3288 -—
547 3266 600 3298 39.
626 3267 675 3298 his
699 3267 776 3299 CO.
