2249 3624
651 170 793 210 L1n.1.
835 168 930 210 cst.
953 168 1218 209 xv—xvlt.
1262 167 1322 222 §§
1354 165 1549 207 46—53.
1900 165 1981 206 655

216 279 259 319 in
289 275 470 318 universi
502 276 664 329 generis
697 274 861 316 humani
894 276 1107 316 societate.
1170 276 1269 316 Eius
1301 281 1441 315 autem
1473 273 1685 314 vinculum
1717 278 1778 314 est
1808 273 1914 313 ratio
1943 279 1984 313 et

217 340 369 385 oratio,
402 351 509 392 quae
540 338 753 384 docendo,
785 339 1000 385 discendo,
1033 339 1398 384 communicando,
1431 337 1725 390 disceptando,
1758 335 1984 375 iudicando

217 402 411 442 conciliat
441 401 548 441 inter
582 414 626 440 se
658 400 844 440 homines
877 401 1179 455 coniungitque
1204 401 1379 441 naturali
1404 400 1583 454 quadani
1607 400 1821 445 societate,
1847 411 1984 452 neque

216 464 299 504 ulla
331 477 374 503 re
405 464 568 516 longius
599 463 796 502 absumus
827 476 850 503 a
881 469 1029 502 natura
1060 464 1254 510 ferarum,
1287 464 1327 502 in
1362 463 1514 516 quibus
1538 462 1674 501 inesse
1698 461 1985 501 fortitudinem

215 539 341 580 saepe
372 526 560 573 dicimus,
594 531 637 565 ut
667 526 708 565 in
741 526 876 578 equis,
909 526 950 564 in
983 526 1188 573 leonibus,
1220 526 1433 571 iustitiam,
1466 525 1733 578 aequitatem,
1756 525 2017 563 bonitatem5

216 602 299 629 non
333 588 534 636 dicimus;
566 593 664 628 sunt
694 588 805 627 enim
838 588 1014 627 rationis
1047 594 1087 628 et
1114 589 1314 628 orationis
1338 593 1546 641 expertes.
1606 583 1673 625 51.
1705 588 1762 625 Ac
1786 587 1987 626 latissime

217 650 388 705 quidem
420 656 565 705 patens
597 650 836 690 hominibus
867 650 978 689 inter
1008 650 1134 703 ipsos,
1167 651 1360 691 omnibus
1384 651 1493 689 inter
1514 662 1658 689 omnes
1680 648 1861 688 societas
1883 648 1987 688 haec

217 719 300 753 est:
331 713 372 752 in
406 726 489 766 qua
520 713 710 752 omnium
742 725 896 759 rerum,
927 725 1031 765 quas
1063 713 1114 752 ad
1148 725 1410 752 communem
1443 712 1658 752 hominum
1691 725 1812 750 usum
1839 717 1988 751 natura

217 776 372 829 genuit,
405 782 467 816 est
499 775 703 815 servanda
735 775 1024 821 communitas,
1058 780 1116 821 ut,
1149 787 1257 828 quae
1288 775 1488 828 discripta
1521 780 1618 813 sunt
1650 773 1813 826 legibus
1835 780 1876 814 et
1896 774 1988 813 iure

218 838 351 885 civili,
393 838 496 878 haec
534 839 590 878 ita
627 843 870 885 teneantur,
910 843 956 877 ut
996 838 1048 877 sit
1088 838 1361 877 constitutum
1393 837 1556 890 legibus
1588 836 1714 889 ipsis,
1759 841 1898 876 cetera
1929 837 2041 876 siclo

218 901 506 947 observentur,
537 906 582 941 ut
612 900 654 940 in
685 900 940 940 Graecorum
972 899 1196 953 proverbio
1230 904 1305 946 est,
1340 899 1593 938 «amicorum
1626 911 1718 938 esse
1751 900 1990 939 communia

219 963 398 1003 omnia.»
460 962 657 1003 Omnium
694 967 834 1002 autem
873 963 1108 1002 communia
1148 961 1366 1002 hominum
1404 961 1600 1001 videntur
1639 974 1709 1009 ea,
1751 975 1859 1015 quae
1891 966 1990 1002 sunt

219 1026 386 1079 generis
417 1026 529 1073 eius,
571 1025 685 1079 quod
715 1024 766 1065 ab
796 1024 933 1065 Ennio
964 1025 1144 1079 positum
1176 1024 1218 1064 in
1250 1036 1332 1064 una
1363 1036 1407 1063 re
1440 1023 1656 1063 transferri
1687 1024 1730 1063 in
1762 1024 1989 1079 permultas

219 1093 382 1141 potest:

444 1144 626 1192 Homo,
668 1144 753 1198 qui
794 1144 983 1185 erranti
1031 1144 1242 1184 comiter
1282 1147 1524 1184 monstrat
1563 1143 1710 1191 viam,
2004 1156 2042 1185 ⁴5

447 1207 605 1256 Quasi
645 1207 811 1247 lumen
852 1206 912 1246 de
951 1220 1038 1247 suo
1076 1206 1266 1246 lumine
1306 1205 1549 1247 accendat
1587 1205 1722 1246 facit.

448 1269 624 1309 Nihilo
667 1269 827 1309 minus
867 1269 969 1322 ipsi
1001 1269 1160 1316 lucet,
1205 1282 1313 1308 cum
1345 1268 1423 1307 illi
1456 1269 1766 1309 accenderit.

221 1339 310 1380 Una
340 1351 393 1378 ex
423 1351 468 1378 re
499 1338 598 1378 satis
629 1337 833 1391 praecipit
864 1344 929 1385 ut,
961 1337 1165 1391 quicquid
1198 1337 1288 1377 sine
1319 1337 1572 1377 detrimento
1604 1337 1861 1378 commodari
1894 1351 1994 1391 pos-

222 1403 292 1449 sit,
323 1401 365 1441 id
395 1400 602 1441 tribuatur
633 1400 698 1439 vel
728 1400 884 1452 ignoto.
944 1398 1010 1439 52.
1042 1401 1105 1439 Ex
1137 1413 1220 1453 quo
1253 1405 1350 1440 sunt
1377 1400 1450 1440 illa
1480 1402 1738 1447 communia,
1780 1413 1865 1440 non
1897 1414 1994 1454 pro-

221 1465 368 1504 hibere
399 1475 506 1516 aqua
536 1462 794 1515 profluente,
836 1461 920 1514 pati
951 1462 1002 1501 ab
1035 1462 1131 1515 igne
1164 1463 1304 1515 ignem
1335 1476 1504 1516 capere,
1537 1463 1571 1502 si
1603 1464 1676 1516 qui
1710 1463 1820 1511 velit,
1853 1463 2043 1504 consi-20

223 1527 323 1567 lium
354 1526 478 1566 fidele
511 1524 760 1564 deliberanti
793 1523 914 1564 dare:
961 1538 1069 1578 quae
1109 1530 1204 1564 sunt
1240 1525 1291 1564 iis
1323 1526 1462 1573 utilia,
1502 1526 1575 1578 qui
1605 1525 1837 1579 accipiunt,
1879 1526 1994 1567 danti

223 1602 309 1628 non
341 1588 531 1628 molesta.
581 1587 673 1635 Qua
694 1600 738 1626 re
770 1592 809 1627 et
840 1587 904 1626 his
935 1587 1138 1627 utendum
1171 1592 1234 1627 est
1264 1593 1305 1628 et
1335 1601 1501 1641 semper
1532 1588 1693 1641 aliquid
1725 1588 1776 1628 ad
1808 1602 1995 1630 commu-

223 1664 320 1691 nem
352 1651 575 1690 utilitatem
607 1649 878 1689 afferendum.
931 1650 1010 1688 Sed
1045 1650 1242 1702 quoniam
1265 1651 1406 1704 copiae
1428 1663 1581 1703 parvae
1603 1651 1862 1703 singulorum
1884 1657 1995 1699 sunt,

225 1726 367 1753 eorum
399 1718 560 1759 autem,
593 1712 664 1764 qui
694 1711 759 1751 his
791 1717 959 1764 egeant,
992 1709 1155 1751 infinita
1187 1718 1249 1752 est
1281 1713 1520 1760 multitudo,
1553 1713 1734 1766 vulgaris
1765 1714 1995 1755 liberalitas

224 1774 446 1815 referenda
486 1779 550 1813 est
588 1773 639 1814 ad
680 1774 800 1813 illum
840 1774 965 1813 Ennii
1007 1772 1130 1814 linem
1180 1775 1352 1815 Nihilo
1398 1776 1562 1816 minus
1599 1776 1701 1828 ipsi
1744 1777 1904 1825 lucet,
1948 1781 2043 1817 ut25

224 1836 400 1877 facultas
435 1836 507 1883 sit,
540 1850 623 1890 qua
654 1837 695 1876 in
726 1842 891 1876 nostros
923 1838 1051 1877 simus
1083 1838 1289 1878 liberales.

338 1899 468 1938 XVII.
508 1897 573 1937 53.
607 1898 770 1938 Gradus
801 1905 939 1938 autem
970 1900 1110 1952 plures
1143 1906 1241 1940 sunt
1271 1900 1485 1940 societatis
1514 1901 1745 1942 hominum.
1806 1902 1857 1942 Ut
1888 1903 1999 1942 enim

226 1963 277 2003 ab
310 1963 382 2002 illa
412 1961 575 2002 infinita
607 1962 866 2009 discedatur,
900 1964 1072 2016 propior
1103 1969 1164 2003 est
1195 1964 1380 2004 eiusdem
1413 1966 1569 2017 gentis,
1592 1965 1794 2012 nationis,
1820 1965 2000 2018 linguae,

227 2038 310 2078 qua
350 2038 545 2064 maxume
587 2025 780 2064 homines
823 2026 1141 2078 coniunguntur.
1203 2026 1383 2067 Interius
1423 2028 1547 2067 etiam
1587 2034 1649 2068 est
1687 2027 1875 2067 eiusdem
1907 2040 1999 2068 esse

227 2088 428 2135 civitatis;
461 2087 590 2126 multa
622 2087 733 2126 enim
766 2093 862 2127 sunt
894 2089 1055 2128 civibus
1086 2089 1196 2128 inter
1226 2103 1270 2129 se
1302 2091 1563 2129 communia:
1594 2091 1749 2137 forum,
1770 2090 1878 2137 fana,
1902 2094 2042 2143 por-30

227 2149 357 2195 ticus‚
396 2149 511 2196 viae,
554 2149 689 2201 leges,
728 2150 843 2196 iura,
884 2150 1061 2198 iudicia,
1094 2150 1317 2203 suffragia,
1349 2153 1677 2193 consuetudines
1708 2158 1926 2205 praeterea
1958 2158 1999 2193 et

226 2210 532 2251 familiaritates
573 2211 797 2265 multisque
837 2226 929 2252 cum
970 2214 1113 2253 multis
1150 2228 1216 2254 res
1250 2215 1519 2267 rationesque
1551 2221 1802 2256 contractae.
1860 2216 2000 2256 Artior

229 2286 328 2313 vero
359 2274 572 2326 colligatio
604 2281 665 2314 est
695 2275 909 2315 societatis
941 2277 1299 2330 propinquorum3
1332 2278 1383 2316 ab
1415 2278 1486 2317 illa
1519 2279 1629 2318 enim
1653 2279 1844 2318 inmensa
1865 2279 1999 2318 socie·-

228 2341 312 2376 tate
353 2336 523 2376 humani
564 2338 729 2390 generis
771 2338 814 2377 in
855 2339 1055 2392 exiguum
1093 2345 1405 2394 angustumque
1446 2341 1720 2380 concluditur.
1789 2338 1855 2380 54.
1895 2341 1998 2380 Nam

317 2545 348 2577 6.
367 2546 452 2577 enim
476 2547 586 2578 BHe:
614 2550 724 2579 autem
741 2548 826 2580 Aah
846 2565 880 2570 —
908 2548 938 2579 9.
959 2549 1057 2581 discr.
1079 2549 1155 2589 ab:
1183 2550 1284 2581 deser.
1304 2550 1451 2582 ABaeo
1473 2568 1506 2572 —
1533 2550 1658 2590 legibus
1673 2550 1752 2590 ipsis
1775 2548 1997 2583 Gulielmius:

230 2603 246 2627 e
262 2595 378 2635 quibus
392 2597 471 2636 ipsis
492 2597 696 2635 ABHabo;
722 2606 765 2630 ex
789 2598 906 2638 quibus
928 2599 1007 2638 ipsis
1030 2605 1066 2635 c;
1094 2598 1122 2639 [e
1138 2598 1254 2638 quibus
1270 2599 1358 2640 ipsis}
1376 2598 1603 2631 Facciolatus.
1643 2600 1692 2631 (js.
1712 2600 1849 2641 Madvig
1866 2601 1908 2632 ad
1926 2602 1997 2633 Cic.

231 2644 276 2676 de
293 2645 401 2676 Finib.
429 2655 462 2686 p.
478 2646 554 2678 504.
575 2663 610 2669 -
638 2648 691 2678 ll.
717 2649 905 2679 communia
928 2657 993 2679 esse
1017 2656 1035 2679 e
1061 2665 1095 2670 —
1125 2649 1177 2680 12.
1205 2649 1357 2680 Omnium
1383 2649 1563 2689 Zumptius
1590 2649 1790 2687 (ahomt'num
1813 2651 2002 2682 communia

232 2695 316 2727 nihil
339 2698 408 2734 est,
435 2698 517 2728 satis
542 2699 634 2729 esset
659 2700 847 2729 communia
871 2698 1094 2740 simpliciter,
1122 2700 1156 2730 et
1179 2700 1291 2730 omnia
1315 2698 1541 2738 redundat»):
1581 2700 1700 2730 Omnia
1725 2701 1792 2732 Co.
1835 2702 1892 2732 «In
1918 2710 2001 2742 pro-

231 2746 354 2778 verbio
379 2747 445 2778 hoc
469 2745 582 2779 solum
608 2749 693 2784 erat,
720 2749 905 2779 amicorum
929 2757 1008 2780 esse
1034 2749 1233 2780 communia
1259 2749 1396 2780 omnia:
1423 2749 1478 2779 cui
1503 2750 1695 2779 sententiae
1721 2749 1776 2780 hic
1794 2752 1998 2791 opponitur:

233 2797 378 2828 omnium
402 2798 520 2829 autem
543 2797 710 2827 hominum
735 2800 802 2829 cet.
852 2799 971 2829 Omnia
1001 2799 1029 2830 si
1060 2799 1260 2839 scripsisset
1285 2799 1428 2836 Cicero,
1462 2807 1530 2829 non
1560 2799 1674 2838 primo
1705 2798 1780 2830 loco
1812 2800 1998 2840 posuisset,

234 2845 298 2877 sed
323 2847 438 2886 potius
463 2848 642 2887 postremo
668 2848 867 2886 (communia
890 2852 999 2880 autem
1022 2849 1188 2879 hominum
1213 2849 1370 2886 omnim.»
1405 2849 1506 2879 ern.
1536 2863 1571 2870 —
1609 2848 1787 2888 hominum]
1812 2850 1959 2881 omnium
1983 2858 2001 2881 o

237 2911 272 2918 —
301 2896 352 2927 43.
379 2897 554 2935 transferri
576 2897 610 2927 in
629 2898 816 2936 permultas
832 2902 941 2938 potest
969 2898 1114 2930 ABllbt
1156 2898 1331 2937 transferri
1356 2900 1386 2929 in
1412 2898 1533 2928 multus
1554 2902 1656 2937 potest
1680 2907 1786 2938 apo:
1824 2900 1855 2930 in
1881 2900 2003 2931 multas

231 2948 338 2984 potest
361 2946 536 2985 transferri
560 2954 578 2977 c
606 2964 640 2968 -
669 2948 720 2978 45.
747 2950 883 2980 comiter
907 2958 998 2980 corr.
1026 2949 1058 2979 in
1084 2948 1194 2979 comiti
1218 2950 1266 2979 A:
1294 2949 1509 2979 communiter
1533 2956 1550 2978 e
1578 2965 1613 2970 —
1647 2953 1786 2980 mostrol
1809 2951 1901 2981 uiam
1925 2951 1998 2987 Ab;

235 2997 327 3026 uiam
351 3000 512 3027 monstrat
542 2997 565 3027 B
604 3013 639 3019 -—
679 2997 730 3028 46.
756 2998 838 3036 facit
863 3000 948 3037 quod
972 2998 1202 3029 nichilominus
1231 3006 1248 3028 c
1284 3016 1325 3020 -
1362 2998 1412 3028 ⁴7.
1440 2998 1500 3036 ipsi
1524 2998 1630 3029 luceat
1653 2999 1716 3029 AB
1733 2999 1757 3030 H
1773 3000 1846 3035 bc;
1881 2999 1943 3039 ipsi
1966 3002 2003 3030 ut

236 3043 341 3075 luceat
365 3052 397 3076 a.
435 3044 485 3075 Cf.
504 3045 591 3085 §52
625 3063 667 3068 —
703 3045 754 3077 48.
780 3048 943 3086 praecipit
966 3050 991 3078 A
1007 3048 1033 3078 Η
1049 3048 1155 3079 abc:
1188 3048 1355 3086 praecepit
1379 3047 1424 3078 B:
1448 3048 1655 3086 praecipitur
1678 3056 1696 3079 ο
1731 3066 1763 3071 -
1798 3050 1850 3080 ΞΟ.
1877 3057 2001 3088 aquam

232 3095 451 3134 profluentem
474 3103 496 3135 p
523 3112 557 3117 —
583 3097 610 3126 si
633 3096 686 3127 cui
710 3097 788 3127 uelit
812 3105 830 3128 c
856 3114 890 3119 —
920 3098 973 3129 21.
1000 3098 1039 3128 iis
1064 3098 1146 3128 Ab:
1174 3097 1223 3126 his
1248 3097 1270 3127 B
1287 3098 1311 3127 ΙΙ
1327 3105 1366 3134 a,
1391 3096 1453 3135 hijs
1477 3104 1495 3126 c
1522 3114 1555 3119 —
1592 3098 1644 3128 22.
1669 3101 1700 3129 et
1722 3098 1763 3129 iis
1787 3099 1862 3135 Ab,
1889 3102 1917 3129 et
1940 3098 2002 3137 hijs

238 3149 256 3173 c
284 3159 318 3164 —
345 3142 397 3173 24.
423 3143 472 3174 his
495 3145 693 3177 ABHab:
728 3146 790 3185 hijs
814 3154 844 3183 c,
870 3148 911 3177 iis
934 3154 953 3178 ο
980 3163 1013 3168 -
1042 3146 1250 3178 liberalitatis
1276 3146 1300 3177 Η
1330 3163 1364 3167 -
1393 3147 1444 3176 25.
1472 3146 1515 3176 ad
1540 3146 1630 3177 illum
1654 3147 1826 3186 reserenda
1849 3150 1894 3179 est
1917 3155 1934 3178 c
1959 3164 2002 3170 —

237 3191 466 3223 nichilominus
488 3194 606 3225 scilicet
628 3198 664 3225 ut
688 3202 705 3225 0
733 3213 767 3217 —
796 3195 847 3226 28.
874 3195 915 3226 ab
940 3196 1069 3235 infinita
1092 3197 1151 3227 illa
1174 3205 1194 3236 p
1213 3206 1218 3233 ς
1246 3196 1286 3226 ab
1304 3196 1361 3225 illa
1378 3195 1506 3235 infinita
1529 3196 1738 3228 multitudine
1761 3204 1779 3227 c
1805 3213 1839 3218 —
1863 3197 2003 3236 propior

238 3241 408 3321 AaSSoex
421 3244 681 3324 Zorrep'tionew
705 3245 866 3284 proprior
889 3245 912 3276 B
927 3245 988 3276 Hb
1015 3260 1050 3268 —
1078 3245 1130 3277 32.
1157 3245 1332 3286 multisque
1356 3245 1437 3285 Cp:
1464 3246 1652 3288 multaeque
1674 3246 1741 3278 alii.
1771 3262 1805 3269 -
1833 3247 1959 3278 arctior
1982 3252 2001 3276 ο

242 3302 277 3311 ·-
350 3315 356 3321 .
381 3299 419 3322 co
446 3293 514 3324 atio
563 3317 568 3324 .
