2249 3624
681 537 736 595 M.
775 536 1005 595 TULLII
1051 534 1419 596 CICERONIS

820 675 1265 735 LUCULLUS

996 828 1090 859 SIVE

444 947 872 990 ACADEMICORUM
902 947 1141 988 PRIORUM
1171 947 1330 987 LIBER
1361 946 1636 988 SECUNDUS

868 1078 923 1110 Ex
950 1078 1214 1110 RECENSIONE

746 1186 1019 1224 CAROLI
1060 1186 1341 1224 HALMII.

819 1431 1064 1470 NOTARUM
1093 1431 1263 1469 INDEX.

740 1525 801 1555 489

709 1585 750 1613 φ.
767 1577 830 1608 ’208

267 1624 417 1656 (ΖΑιιοιυε
439 1624 601 1655 Scnssxnt.
647 1625 686 1656 ln
711 1623 841 1665 aliquot
864 1625 948 1658 locis
973 1627 1133 1658 codicem
1157 1627 1285 1657 iterum
1309 1625 1459 1665 inspexit
1483 1625 1578 1655 Gust.
1604 1623 1785 1655 Linkerus.

156 1682 182 1712 A
206 1687 245 1702 Ξ
267 1679 379 1711 codex
402 1681 582 1713 Leidensis
606 1682 795 1714 Vossianus
820 1692 916 1715 num.
944 1683 996 1716 84.
1047 1683 1198 1716 Contulit
1221 1684 1393 1715 Arrnssous
1417 1682 1633 1714 Ftrcxmsm.

156 1731 179 1762 B
204 1741 243 1754 Ξ
267 1731 379 1762 codex
402 1731 582 1763 Leidensis
606 1732 797 1764 Vossianus
822 1742 918 1766 num.
945 1734 999 1765 86.
1048 1732 1199 1766 Contulit
1222 1734 1397 1765 BA1TERus.

856 1551 960 1592 (apud
984 1550 1144 1583 Endlich.
1171 1560 1246 1583 nro.
1273 1550 1328 1582 LV
1352 1558 1387 1591 p.
1413 1549 1455 1580 ⁶2ss
1479 1548 1545 1589 sq.)
1570 1556 1663 1580 saec.
1688 1547 1728 1579 X.
1771 1545 1924 1579 Contulit

157 1548 186 1579 V
208 1564 247 1579 z
271 1548 381 1580 codex
404 1547 686 1581 vindobonensis

157 1782 180 1812 C
205 1795 243 1809 z
267 1782 406 1814 codices
431 1783 547 1814 ABV.

155 1832 179 1863 E
203 1845 242 1860 Ξ
266 1832 376 1863 codex
401 1832 622 1873 Erlangensis
647 1833 687 1865 38
713 1834 816 1873 (nunc
841 1842 937 1864 num.
965 1832 1059 1872 847),
1086 1841 1193 1873 quem
1218 1833 1282 1874 ipsi
1308 1833 1538 1866 excussimus.

155 1882 181 1912 G
203 1893 242 1908 Ξ
265 1882 377 1914 codex
402 1882 579 1915 Gudianus
604 1883 795 1915 secundus.
844 1881 996 1915 Contulit
1019 1884 1058 1915 A.
1085 1883 1300 1915 Ftsscxssismv.

153 1940 171 1962 r
203 1944 242 1960 =
265 1932 369 1964 editio
393 1934 549 1965 Romana
574 1942 605 1965 a.
633 1933 729 1966 4471.

153 1990 175 2012 v
203 1997 242 2012 Ξ
266 1982 370 2014 editio
394 1983 529 2014 Veneta
555 1992 585 2014 a.
614 1983 708 2015 4471.

152 2030 175 2062 b
203 2043 242 2058 =
267 2032 371 2063 editio
395 2031 604 2064 Basileensis
628 2041 656 2065 s.
684 2033 935 2066 Cratandriana
958 2041 990 2066 a.
1017 2034 1112 2066 4528.

153 2081 178 2112 Ο
201 2095 240 2109 z
265 2081 368 2113 editio
393 2081 574 2116 Orelliana.

239 2138 488 2179 Discrepantcs
518 2138 686 2172 lectiones
720 2140 882 2172 codicum
908 2141 973 2173 AB
989 2142 1018 2172 V
1048 2142 1201 2182 integras
1228 2141 1262 2172 in
1288 2140 1581 2172 commentarium
1606 2137 1764 2170 criticum
1788 2136 1924 2170 rettuli-

152 2196 247 2227 mus,
274 2188 490 2229 reliquorum
514 2188 674 2222 selectas.
719 2191 756 2221 In
781 2192 1028 2233 orthographia
1054 2193 1172 2223 autem
1199 2199 1305 2232 quam
1332 2191 1460 2222 vocant
1489 2189 1732 2221 auctoritatem
1762 2188 1924 2221 codicum

150 2238 258 2269 ABV
292 2238 441 2270 fideliter
476 2241 587 2271 secuti
619 2250 740 2273 sumus
770 2250 886 2282 neque
917 2243 1034 2274 tamen
1065 2240 1244 2273 attulimus
1275 2240 1434 2273 diversas
1458 2240 1630 2280 rationes,
1668 2247 1755 2281 quas
1780 2246 1922 2280 quoque

149 2285 226 2320 loco
251 2286 353 2320 Orelli
375 2289 410 2322 in
433 2289 613 2323 vocabulis
637 2291 833 2324 scribendis
861 2291 1044 2333 amplexus
1070 2294 1135 2324 est.

263 2467 296 2507 Ι.
327 2462 365 2507 sl.
396 2467 593 2521 Magnum
623 2467 840 2521 ingenium
870 2467 972 2508 Luci
1004 2467 1168 2508 Luculli
1195 2479 1476 2520 magnumque
1499 2466 1749 2519 optimarum
1770 2465 1920 2505 artium

152 2529 358 2579 studium,
398 2535 485 2571 tum
526 2530 661 2570 omnis
705 2531 889 2571 liberalis
929 2536 970 2571 et
1013 2530 1140 2584 digna
1175 2529 1346 2570 homine
1383 2529 1516 2569 nobili
1557 2528 1608 2568 ab
1640 2541 1688 2568 eo
1722 2532 1922 2581 percepta

151 2593 360 2642 doctrina,
399 2594 551 2647 quibus
583 2594 842 2647 temporibus
872 2595 1021 2634 florere
1053 2594 1096 2633 in
1125 2592 1215 2633 foro
1248 2605 1440 2632 maxume
1472 2592 1627 2645 potuit,
1668 2590 1802 2631 caruit
1833 2602 1920 2628 om-

150 2656 250 2696 nino
281 2657 405 2697 rebus
435 2656 621 2697 urbanis,
667 2657 720 2697 Ut
750 2656 861 2696 enim
892 2657 1115 2697 admodum
1147 2656 1393 2696 adulescens
1426 2668 1518 2694 cum
1548 2653 1675 2694 fratre
1708 2651 1799 2706 pari
1831 2650 1920 2704 pie-

149 2723 233 2759 tate
266 2724 307 2760 et
336 2719 543 2760 industria
573 2720 762 2773 praedito
794 2724 988 2772 paternas
1019 2719 1259 2759 inimicitias
1286 2731 1437 2770 magna
1457 2731 1550 2757 cum
1582 2716 1714 2770 gloria
1734 2720 1797 2755 est
1826 2720 1950 2767 per-5

151 2786 337 2830 secutus,
376 2783 421 2822 in
458 2783 598 2823 Asiam
638 2788 835 2836 quaestor
876 2781 1109 2836 profectus,
1146 2781 1204 2821 ibi
1235 2794 1310 2834 per
1339 2780 1493 2820 multos
1523 2792 1655 2819 annos
1686 2775 1921 2818 admirabili

151 2843 329 2896 quadam
359 2844 483 2885 laude
514 2845 752 2899 provinciae
784 2844 985 2898 praefuit3
1018 2843 1170 2883 deinde
1202 2844 1353 2883 absens
1373 2842 1505 2883 factus
1527 2841 1689 2889 aedilis,
1721 2840 1917 2880 continuo

150 2912 315 2957 praetor
335 2907 563 2947 —licebat
593 2908 703 2948 enim
736 2907 914 2948 celerius
946 2906 1050 2959 legis
1081 2906 1268 2959 praemio
1290 2927 1366 2953 ——‚
1396 2909 1492 2959 post
1521 2904 1564 2944 in
1585 2902 1789 2949 Africam,
1820 2898 1918 2940 inde

151 2965 203 3006 ad
235 2970 518 3020 consulatum3
550 2984 674 3025 quem
706 2971 762 3012 ita
793 2970 941 3024 gessit,
972 2974 1020 3010 ut
1050 2968 1311 3021 diligentiam
1339 2967 1647 3009 admirarentur
1667 2976 1826 3011 omnes,
1856 2963 1920 3002 in-

238 3172 268 3203 4.
295 3170 333 3204 L.
358 3171 425 3204 VO
451 3184 486 3195 —1-
519 3170 551 3205 2.
575 3174 772 3213 peraccepta
793 3170 840 3210 V;
867 3173 962 3211 cepta
983 3168 1023 3202 Βι
1049 3187 1084 3191 -
1123 3169 1153 3200 3.
1180 3167 1302 3199 claruit
1324 3167 1365 3198 A¹
1391 3182 1427 3190 --
1453 3164 1485 3198 4.
1512 3165 1650 3198 urbanis
1672 3163 1737 3196 v2:
1768 3162 1921 3196 humanis

149 3220 215 3252 AB
230 3218 272 3252 V¹
298 3238 334 3243 —
359 3224 396 3253 ut
417 3222 503 3254 enim
523 3221 660 3254 urbanis
683 3222 860 3253 admodum
883 3222 911 3252 A
935 3236 972 3242 —
999 3219 1031 3250 6.
1054 3218 1218 3258 profectos
1239 3214 1280 3250 Αι
1306 3233 1341 3241 —-
1370 3217 1415 3250 ibi
1433 3217 1615 3258 permultos
1637 3216 1663 3248 O
1688 3222 1770 3247 cum
1793 3211 1916 3245 Lamb.

152 3288 188 3293 —
215 3270 246 3302 7.
270 3271 460 3311 premialia&
483 3272 511 3304 A
537 3288 572 3295 —
595 3272 742 3313 praefuit
765 3271 808 3312 B,
835 3269 900 3303 sed
922 3269 1025 3311 aefuit
1047 3269 1082 3301 in
1106 3277 1174 3301 ras.

205 3331 324 3363 emeno
350 3332 453 3367 r.1v.
1616 3327 1634 3368 ll
