2249 3624
297 135 378 176 548
955 134 1025 174 DE
1056 134 1408 176 DIVINATIONE

299 242 577 284 Clitomachus
609 243 754 284 scribit
785 242 921 282 dicere
954 243 1124 282 solitum
1156 255 1365 295 nusquam
1387 255 1431 281 se
1453 240 1773 281 fortunatiorem
1798 255 1924 296 quam
1945 244 2066 284 Prae-

295 311 412 345 neste
444 306 601 345 vidisse
632 307 872 345 Fortunam.
933 306 1041 357 Ergo
1071 304 1151 344 hoc
1183 303 1453 343 divinationis
1484 315 1616 355 genus
1649 304 1903 344 omittamus.

409 369 537 408 XLII.
582 368 644 407 Ad
691 368 993 407 Chaldaeorum
1040 373 1225 406 monstra
1270 366 1513 412 veniamus,
1563 364 1614 404 de
1655 365 1808 418 quibus
1848 366 2065 416 Eudoxus,

294 431 478 471 Platonis
520 430 713 476 auditor,
758 430 801 468 in
842 430 1065 481 astrologia
1101 429 1258 468 iudicio
1300 428 1638 468 doctissimorum
1679 429 1896 468 hominum
1942 429 2064 470 facile

262 493 512 546 5princeps‚
552 492 610 532 sic
642 492 858 545 opinatur,
890 491 933 530 id
965 491 1079 544 quod
1111 492 1311 544 scriptum
1342 491 1543 544 reliquit:
1592 491 1839 531 «Chaldaeis
1870 492 1911 531 in
1944 505 2065 545 prae-

293 554 475 595 dictione
513 560 553 594 et
591 555 630 593 in
670 554 886 593 notatione
928 555 1132 607 cuiusque
1164 555 1274 593 vitae
1307 567 1359 593 ex
1392 554 1519 593 natali
1550 553 1618 593 die
1650 554 1822 593 minime
1854 568 1947 595 esse
1979 568 2065 595 cre-

292 617 512 657 dendum.»
575 614 642 655 88.
681 617 879 656 Nominat
912 616 1033 656 etiam
1066 617 1311 664 Panaetius,
1352 617 1425 670 qui
1456 630 1564 656 unus
1597 629 1618 655 e
1651 617 1802 657 Stoicis
1832 618 2066 670 astrologo-

289 693 381 720 rum
422 679 633 732 praedicta
671 679 841 726 reiecit,
889 679 1139 718 Anchialum
1177 685 1217 719 et
1261 678 1568 726 Cassandrum,
1613 692 1798 718 summos
1829 679 2063 732 astrologos

288 743 401 782 illius
433 742 592 788 aetatis,
625 755 707 795 qua
738 747 825 781 erat
854 743 958 795 ipse,
991 755 1085 781 cum
1117 742 1159 781 in
1192 742 1342 781 ceteris
1375 741 1629 794 astrologiae
1661 741 1848 794 partibus
1882 742 2062 781 excelle-

239 812 274 841 ι10
288 809 398 851 rent,
431 804 510 844 hoc
533 803 831 857 praedictionis
853 817 1006 857 genere
1037 817 1119 844 non
1150 817 1263 843 usos.
1312 804 1463 856 Scylax
1484 804 1816 851 HalicarnasiuS,
1847 803 2063 844 familiaris

287 866 499 914 Panaetii,
531 866 744 906 excellens
783 867 824 906 in
856 866 1081 919 astrologia
1122 866 1320 920 idemque
1352 867 1394 906 in
1426 865 1609 918 regenda
1641 879 1715 905 sua
1746 865 1915 905 civitate
1948 866 2061 918 prin-

287 941 399 981 ceps,
430 934 563 969 totum
594 928 672 968 hoc
697 927 995 969 Chaldaeicum
1028 928 1295 981 praedicendi
1327 942 1457 981 genus
1489 927 1740 981 repudiavit.
1800 925 1867 966 89.
1901 927 1983 967 Sed
2015 932 2062 967 ut

283 992 444 1031 ratione
476 997 642 1031 utamur
671 991 834 1030 omissis
866 991 1061 1038 testibus,
1095 992 1154 1030 sic
1176 991 1246 1030 isti
1268 991 1496 1043 disputant,
1530 990 1602 1043 qui
1630 989 1733 1029 haec
1756 989 2063 1030 Chaldaeorum

284 1054 477 1095 natalicia
508 1053 718 1106 praedicta
748 1052 994 1092 defendunt.
1050 1053 1143 1092 Vim
1167 1053 1378 1105 quandam
1401 1066 1493 1093 esse
1515 1052 1633 1092 aiunt
1654 1050 1852 1105 signifero
1882 1053 1924 1092 in
1947 1053 2061 1097 orbe,

235 1124 270 1152 1¹5
285 1117 356 1172 qui
388 1116 546 1156 Graece
578 1114 786 1165 ζωδιακὸς
817 1115 989 1162 dicitur,
1022 1115 1165 1162 talem,
1199 1120 1244 1155 ut
1275 1116 1364 1155 eius
1397 1116 1509 1155 orbis
1540 1129 1821 1169 unaquaeque
1852 1129 1948 1169 pars
1980 1116 2062 1157 alia

282 1180 366 1219 alio
399 1179 524 1220 modo
556 1183 722 1218 moveat
752 1179 1015 1231 inmutetque
1048 1178 1231 1224 caelum,
1262 1177 1438 1231 perinde
1470 1183 1515 1218 ut
1542 1191 1736 1231 quaeque
1759 1179 1906 1219 stellae
1927 1179 1970 1218 in
1993 1178 2060 1219 his

281 1241 571 1295 finitumisque
604 1240 790 1294 partibus
822 1241 905 1280 sint
936 1254 1107 1294 quoque
1140 1245 1356 1293 tempore,
1389 1253 1567 1294 eamque
1589 1240 1673 1280 vim
1697 1241 1808 1280 varie
1830 1241 1987 1281 moveri
2009 1241 2061 1281 ab

282 1304 333 1344 iis
365 1304 585 1350 sideribus,
618 1316 727 1356 quae
760 1308 974 1342 vocentur.
996 1303 1205 1343 errantia:
1238 1314 1331 1341 cum
1363 1308 1503 1342 autem
1534 1303 1577 1342 in
1609 1316 1702 1343 eam
1732 1303 1867 1356 ipsam
1899 1309 2059 1357 partem

281 1368 395 1408 orbis
427 1366 636 1413 venerint,
678 1365 720 1404 in
754 1378 837 1418 qua
870 1365 922 1404 sit
953 1371 1067 1405 ortus
1100 1366 1213 1413 eius,
1256 1366 1327 1419 qui
1358 1371 1581 1412 nascatur,
1623 1371 1693 1406 aut
1724 1366 1765 1405 in
1798 1379 1910 1414 eam,
1951 1380 2060 1420 quae

231 1435 267 1465 20
281 1431 549 1471 coniunctum
587 1427 747 1481 aliquid
784 1428 911 1467 habet
942 1433 1012 1467 aut
1042 1429 1331 1475 consentiens,
1372 1442 1420 1468 ea
1451 1429 1661 1481 triangula
1692 1429 1753 1468 illi
1785 1434 1826 1469 et
1856 1428 2059 1483 quadrata

279 1494 510 1534 nominant.
569 1492 735 1531 Etenim
777 1504 870 1530 cum
913 1496 1146 1543 temporum
1187 1491 1284 1531 anni
1326 1496 1710 1545 tempestatumque
1741 1492 1843 1531 caeli
1883 1505 2056 1532 conver-

280 1556 418 1595 siones
451 1554 887 1606 commutationesque
919 1559 1059 1593 tantae
1091 1554 1194 1593 fiant
1224 1567 1395 1594 accessu
1428 1555 1642 1595 stellarum
1666 1560 1707 1595 et
1729 1568 1920 1603 recessu,
1944 1569 2059 1595 cum-

282 1631 364 1672 que
395 1630 444 1657 ea
474 1618 513 1656 vi
545 1616 643 1656 solis
676 1613 934 1664 efficiantur,
978 1630 1085 1669 quae
1116 1617 1328 1664 videmus,
1371 1631 1456 1657 non
1488 1619 1576 1658 veri
1608 1618 1744 1657 simile
1776 1618 1934 1665 solum,
1981 1617 2055 1658 sed

280 1681 405 1720 etiam
437 1693 580 1719 verum
613 1691 704 1717 esse
736 1684 908 1717 censent
939 1679 1125 1731 perinde,
1158 1685 1382 1732 utcumque
1414 1686 1666 1734 temperatus
1689 1681 1743 1720 sit
1764 1694 1848 1729 aer,
1871 1681 1928 1721 ita
1951 1694 2055 1734 pue-

228 1748 265 1777 25
278 1755 347 1781 ros
380 1741 551 1781 orientis
583 1739 759 1779 animari
789 1745 916 1793 atque
947 1739 1139 1788 formari,
1181 1755 1234 1781 ex
1266 1754 1403 1795 eoque
1435 1743 1621 1796 ingenia,
1664 1756 1824 1790 mores,
1856 1743 2055 1790 animum,

279 1817 453 1858 corpus,
485 1802 694 1843 actionem
728 1802 858 1849 vitae,
892 1816 1011 1842 casus
1045 1804 1253 1857 cuiusque
1287 1811 1548 1858 eventusque
1580 1805 1695 1858 fingi.

391 1867 537 1906 XLIII.
570 1863 636 1903 90.
670 1864 703 1904 O
737 1864 1029 1905 delirationem
1060 1866 1374 1907 incredibilem!
1410 1882 1494 1907 non
1522 1868 1631 1907 enim
1655 1868 1790 1908 omnis
1815 1881 1931 1907 error
1952 1867 2054 1907 stul-

278 1929 369 1969 titia
410 1927 589 1968 dicenda
628 1933 703 1967 est.
765 1928 927 1976 Quibus
967 1929 1089 1968 etiam
1121 1930 1330 1982 Diogenes
1364 1930 1527 1970 Stoicus
1560 1931 1752 1970 concedit
1783 1929 1967 1983 aliquid,
2008 1934 2055 1969 ut

278 1990 519 2044 praedicere
552 1990 715 2043 possint
746 1990 992 2037 dumtaxat,
1027 1992 1140 2044 quali
1174 1992 1354 2045 quisque
1387 2000 1534 2033 natura
1566 1999 1606 2032 et
1636 1992 1688 2032 ad
1721 2006 1844 2046 quam
1872 1991 2051 2046 quisque

228 2062 473 2094 30maxume
515 2067 602 2093 rem
640 2060 762 2107 aptus
806 2055 969 2094 futurus
1013 2056 1077 2096 sit.
1141 2056 1286 2096 Cetera
1326 2069 1432 2109 quae
1473 2055 1772 2109 profiteantur,
1813 2060 1937 2108 negat
1966 2054 2051 2094 ullo

278 2118 403 2157 modo
445 2130 569 2170 posse
601 2117 724 2165 sciri;
767 2118 920 2157 etenim
952 2117 1212 2169 geminorum
1242 2117 1398 2158 formas
1431 2132 1522 2158 esse
1554 2118 1725 2165 similis,
1765 2118 1893 2158 vitam
1924 2121 2052 2169 atque

277 2323 431 2363 ipsarum
466 2321 625 2362 exempla
658 2321 768 2353 habes
802 2321 884 2353 ibid.
913 2324 950 2353 N.
974 2321 1067 2353 2185,
1127 2324 1174 2354 De
1206 2324 1433 2355 Praenestino
1467 2325 1501 2354 et
1533 2322 1657 2353 Antiati
1691 2320 1914 2361 intelligenda
1946 2321 2052 2352 etiam

275 2374 387 2404 vicina
406 2372 482 2403 Urbi
507 2372 663 2411 oracula,
691 2373 785 2403 Suet.
805 2372 878 2403 Tib.
907 2381 936 2403 c.
957 2372 1017 2403 63»
1045 2372 1192 2404 Orellius
1227 2391 1258 2394 -—
1295 2375 1324 2404 1.
1352 2373 1574 2411 elylonzachas
1598 2373 1621 2403 B
1657 2390 1687 2395 -
1726 2373 1756 2403 2.
1784 2381 1861 2412 erqo
1883 2371 1944 2402 hoc
1965 2371 2052 2402 divi-

274 2424 419 2454 nationis
443 2423 476 2453 in
495 2430 605 2461 marg.
625 2421 732 2452 habet
749 2422 772 2452 B
801 2439 834 2443 —
862 2431 921 2461 eyo
946 2419 984 2453 Α1
1012 2440 1045 2444 -
1074 2423 1104 2455 3.
1132 2424 1366 2454 achaldeorum
1392 2422 1428 2454 Β1
1456 2442 1489 2445 -
1517 2426 1651 2453 monera
1666 2421 1706 2453 A¹
1726 2440 1760 2444 —
1786 2422 1934 2452 ¹venimus
1956 2417 1995 2452 Β1
2013 2437 2047 2442 -

275 2473 306 2504 5.
332 2473 474 2512 reliquid
497 2472 662 2503 calildaeis
685 2474 711 2503 A
738 2489 772 2494 -—
801 2473 830 2503 6.
858 2477 888 2504 et
912 2474 1124 2506 innoualione
1148 2476 1174 2505 A
1201 2492 1234 2496 —
1264 2474 1377 2505 natale
1393 2474 1432 2504 A¹
1453 2490 1485 2495 —
1513 2473 1543 2504 8.
1571 2471 1762 2503 anchialum
1788 2472 1829 2502 C:
1856 2470 2052 2502 Archelaum

275 2523 410 2553 Marsus
435 2522 459 2552 O
487 2539 521 2543 —
550 2524 601 2553 10.
627 2523 756 2553 senilam
781 2523 816 2559 B,
844 2524 945 2562 cylav
970 2523 996 2553 V
1024 2542 1058 2546 —
1084 2525 1331 2555 haheat-nasius
1354 2523 1422 2554 AV:
1452 2523 1691 2554 altcarnassius
1715 2523 1751 2559 B,
1777 2521 2052 2552 Halicarnasseus

275 2571 299 2601 O
328 2587 363 2593 -—
392 2572 442 2602 12.
468 2572 594 2603 chaldei
617 2581 691 2603 cum
718 2572 782 2609 BV,
811 2572 872 2603 sed
899 2582 973 2603 cum
999 2574 1031 2603 in
1057 2582 1124 2605 ras.
1147 2575 1177 2604 in
1198 2575 1232 2611 Β,
1260 2574 1467 2604 chaldaicum
1490 2573 1566 2607 AO,
1593 2572 1655 2603 sed
1681 2573 1735 2602 aic
1759 2572 1791 2603 in
1811 2580 1879 2603 ras.
1901 2571 1981 2603 hab.
1999 2572 2047 2608 A:

274 2622 310 2652 tu
336 2621 377 2654 cf.
405 2622 432 2653 11
458 2622 534 2662 §98
562 2639 595 2643 -
632 2622 683 2652 13.
710 2622 820 2652 omisis
844 2622 882 2653 A¹
904 2639 937 2643 —
974 2621 1024 2653 44.
1052 2624 1207 2654 natalitia
1233 2624 1261 2653 V
1289 2642 1322 2645 —
1360 2624 1411 2653 l5.
1437 2622 1590 2652 zodiacos
1615 2622 1681 2658 BV,
1708 2622 1867 2660 zodiazys
1883 2623 1922 2659 Α,
1949 2620 2050 2659 sedy

274 2671 307 2701 in
332 2679 400 2702 ras.
432 2689 464 2693 —
498 2672 568 2702 alia
592 2671 661 2702 acia
688 2672 781 2702 modo
806 2674 831 2702 A
869 2690 902 2694 —
940 2672 989 2702 16.
1019 2672 1094 2702 tort.
1122 2673 1260 2705 caelum,
1287 2680 1424 2710 eamque
1447 2672 1514 2702 vim
1538 2671 1632 2702 varie
1655 2672 1779 2702 moveri
1803 2671 1844 2702 ab
1865 2672 1907 2702 iis
1928 2670 2048 2702 sideri-

273 2719 348 2758 bus,
375 2729 460 2761 quae
485 2725 640 2752 vorentur
663 2722 825 2758 errantia.
850 2722 988 2760 proinde
1012 2724 1048 2751 ut
1072 2731 1220 2761 quaeque
1244 2722 1353 2752 stellae
1376 2725 1455 2758 elc.;
1488 2721 1530 2752 cf.
1557 2722 1700 2752 Sextum
1726 2721 1942 2760 Empti-icum
1966 2719 2045 2752 adv.

273 2769 465 2811 astrologos
498 2772 540 2811 §§
566 2772 605 2802 20
631 2773 665 2801 et
689 2771 748 2809 30,
783 2780 998 2811 quamquain
1033 2771 1175 2801 omnino
1211 2771 1325 2801 minus
1350 2775 1515 2802 accurate
1542 2771 1664 2802 Cicero
1690 2770 1947 2802 Chaldaeorum
1972 2769 2048 2811 pla-

273 2821 339 2850 cita
364 2819 572 2860 explicuisse
598 2821 736 2852 videtur
769 2839 803 2843 —
842 2822 889 2851 his
914 2823 954 2851 C:
983 2821 1022 2851 iis
1046 2821 1070 2851 Ο
1108 2836 1140 2842 -
1178 2821 1228 2850 17.
1254 2820 1502 2860 finilurnhisque
1524 2822 1551 2851 Α
1579 2839 1613 2842 —
1647 2820 1699 2852 «18.
1726 2822 1765 2852 iis
1789 2820 1844 2851 8'2:
1871 2822 1899 2852 is
1923 2821 1973 2858 V¹‚
1999 2820 2048 2851 his

272 2870 325 2900 AB
356 2887 388 2891 —
415 2874 578 2901 voeanlur
603 2872 736 2902 Marsus
761 2872 786 2901 O
811 2890 852 2894 —
879 2871 929 2902 019.
957 2880 1022 2910 qua
1047 2872 1256 2901 coniunctum
1281 2870 1401 2911 aliquit
1424 2871 1541 2902 habent
1564 2871 1655 2901 131—
1685 2871 1737 2902 20.
1763 2871 1925 2911 trianguli
1948 2870 1988 2900 V¹
2008 2887 2042 2891 —

271 2918 324 2949 21.
350 2920 524 2951 nominant
548 2922 705 2952 Marsus:
733 2922 899 2952 nominent
924 2922 948 2951 C
982 2937 1016 2941 —
1051 2920 1091 2950 El
1115 2929 1189 2950 cum
1215 2920 1461 2960 l‘lottingerus‘⁹
1499 2924 1535 2952 tu
1560 2920 1639 2952 vide
1667 2921 1876 2961 Madvigium
1902 2920 1946 2951 ad
1971 2920 2042 2952 Cic.

272 2968 316 2999 de
342 2969 424 3000 tinn.
453 2979 484 3010 p.
505 2971 524 3001 8
557 2988 587 2992 —
630 2975 813 3010 temporum
848 2971 1092 3009 Hotlingerus:
1132 2974 1276 3009 tempore
1308 2972 1354 3007 C,
1391 2973 1474 3003 caeli
1501 2971 1727 3002 conversiones
1755 2974 2046 3010 tempestatumque

270 3021 540 3050 commulaliones
565 3021 674 3059 (semp.
697 3023 776 3052 anni
801 3022 884 3060 om.)
911 3021 1035 3061 partim
1061 3028 1102 3050 ex
1127 3021 1199 3051 suis
1226 3020 1328 3052 codd.
1350 3022 1473 3061 interp.
1496 3022 1666 3058 Davisius,
1693 3024 1835 3060 {empore
1859 3021 1940 3051 anni
1963 3023 2044 3051 lem-

265 3070 433 3107 pestutum
456 3070 602 3108 caelique
625 3073 851 3102 conversiones
874 3070 1208 3109 commutationesque
1232 3071 1385 3109 Giesius‚
1420 3075 1562 3111 tempore
1586 3071 1667 3101 anni
1691 3074 1919 3110 tempestatum
1946 3073 2044 3109 atque

269 3118 353 3149 caeli
383 3118 573 3159 Madvigius
599 3120 618 3151 l.
645 3120 666 3152 l.
696 3138 729 3142 ——
764 3122 816 3152 22.
843 3130 980 3161 cumque
1004 3120 1062 3151 aui
1086 3122 1124 3151 A¹
1152 3137 1184 3141 —
1222 3120 1272 3151 23.
1301 3130 1365 3151 non
1388 3121 1492 3152 videri
1515 3120 1621 3151 simile
1645 3123 1669 3151 Α
1703 3136 1738 3141 —-
1776 3119 1828 3152 24.
1856 3128 1915 3150 aer
1938 3120 1985 3149 ita
2008 3118 2042 3150 in

270 3177 339 3199 ras.
355 3170 382 3200 A
403 3185 436 3190 —-
461 3170 510 3200 25.
530 3171 668 3202 orienles
684 3172 758 3202 A²O
775 3189 817 3193 ——
841 3172 1049 3202 animat-W*
1063 3175 1160 3211 atque
1178 3173 1204 3202 Α
1227 3188 1257 3193 -
1286 3180 1390 3211 eaque
1407 3172 1430 3202 B
1451 3188 1485 3193 —
1515 3171 1564 3203 26.
1583 3171 1641 3212 fiyi
1656 3171 1697 3202 Α1
1713 3188 1746 3193 -
1774 3171 1827 3202 28.
1845 3173 1890 3201 est
1905 3169 2042 3201 dicenda

270 3219 404 3249 Marsus
430 3219 454 3249 O
482 3236 515 3240 —
552 3220 603 3251 29.
631 3221 725 3258 quali
748 3223 796 3252 A:
836 3222 944 3260 qualis
968 3221 1030 3253 BV
1064 3238 1098 3242 —
1134 3224 1259 3252 natura
1284 3226 1315 3253 et
1339 3223 1382 3253 acl
1405 3230 1508 3261 quam
1532 3222 1668 3262 quisque
1693 3221 1725 3252 in
1749 3229 1859 3261 marg.
1886 3219 1992 3252 habet
2014 3219 2038 3250 B

272 3283 307 3290 —
335 3268 387 3300 30.
414 3271 546 3300 caetera
569 3272 596 3300 A
624 3286 657 3292 --
692 3271 745 3302 31.
771 3271 855 3303 scire
878 3271 954 3302 B¹V
980 3288 1014 3293 —
1042 3271 1165 3303 similes
1189 3270 1273 3303 A20.
