2249 3624
318 135 399 176 200
670 138 740 177 DE
771 136 978 176 FINIBUS
1009 134 1272 176 BONORUM
1301 136 1369 175 ET
1400 135 1671 176 MALORUM

319 249 518 291 definitur
557 263 581 290 a
617 248 793 294 Stoicis,
833 252 880 286 ut
920 252 1074 299 negent
1103 246 1321 299 quicquam
1361 259 1483 300 posse
1514 246 1673 299 percipi
1704 246 1785 285 nisi
1815 246 1899 285 tale
1930 260 2080 295 verum,

319 313 442 365 quale
473 312 624 352 falsum
657 323 748 350 esse
779 322 863 348 non
893 308 1040 362 possit.
1091 309 1235 362 Itaque
1265 307 1368 348 haec
1399 322 1491 348 cum
1524 308 1608 347 illis
1642 314 1704 347 est
1734 307 1962 355 dissensio,
1994 322 2082 348 cum

318 373 605 427 Peripateticis
637 371 752 411 nulla
783 384 896 410 sane.
949 371 1031 409 Sed
1062 370 1165 410 haec
1197 371 1460 418 omittamus3
1494 371 1651 410 habent
1671 371 1782 410 enim
1807 376 1846 410 et
1867 370 1974 410 hene
1997 371 2084 410 lon-

319 450 411 490 gam
443 442 484 475 et
513 435 614 475 satis
645 434 872 486 litigiosam
905 433 1245 485 disputationem.
1304 432 1370 472 77.
1403 433 1511 472 Illud
1543 432 1642 472 mihi
1670 446 1693 471 a
1716 438 1754 471 te
1776 432 1951 471 nimium
1973 432 2085 472 festi-

289 503 468 538 5nanter
498 497 653 536 dictum
684 495 865 542 videtur,
897 495 1096 547 sapientis
1128 495 1262 534 omnis
1294 508 1386 534 esse
1422 508 1588 547 semper
1618 494 1774 533 beatos.
1825 494 1973 533 Nescio
2008 507 2084 548 quo

318 560 443 600 modo
475 558 799 611 praetervolavit
830 557 978 596 oratio.
1031 556 1155 604 Quod
1192 558 1273 596 nisi
1306 558 1362 596 ita
1395 555 1592 603 efficitur,
1634 569 1741 609 quae
1774 556 2085 609 Theophrastus

319 623 370 662 de
402 622 593 668 fortuna,
625 620 675 659 de
708 619 874 664 dolore,
906 619 958 658 de
990 619 1177 659 cruciatu
1209 619 1396 672 corporis
1430 619 1558 665 dixit,
1592 632 1684 657 cum
1708 618 1861 670 quibus
1892 618 2086 670 coniungi

318 684 444 723 vitam
475 683 635 721 beatam
667 681 782 720 nullo
814 681 938 720 modo
969 694 1094 734 posse
1125 682 1305 733 putavit,
1338 694 1484 720 vereor
1514 693 1565 719 ne
1588 693 1686 719 vera
1720 680 1815 719 sint.
1861 682 1962 720 Nam
1986 681 2085 719 illud

318 745 589 785 vehementer
623 748 845 795 repugnat,
886 743 1064 783 eundem
1107 744 1273 783 beatum
1307 757 1397 783 esse
1430 748 1469 782 et
1506 742 1645 782 multis
1677 742 1797 782 malis
1829 756 2084 795 oppressum.

269 814 304 842 40
319 808 432 846 Haec
463 819 544 858 quo
576 804 700 844 modo
732 805 1005 851 conveniant,
1046 819 1130 845 non
1163 819 1261 845 sane
1292 805 1504 857 intellego.
1567 805 1710 844 Utrum
1742 805 1870 857 igitur
1901 805 1996 852 tibi,
2027 806 2086 844 in-

319 869 430 922 quit,
462 880 548 907 non
580 867 736 920 placet,
777 867 1000 907 virtutisne
1031 880 1122 906 esse
1154 873 1310 907 tantam
1342 867 1444 913 vim,
1485 871 1527 905 ut
1557 866 1609 905 ad
1640 867 1757 905 beate
1789 867 2012 905 vivendum
2042 880 2085 905 se

319 931 411 984 ipsa
442 935 634 969 contenta
666 928 749 968 sit?
781 942 854 977 an,
888 930 921 968 si
953 928 994 968 id
1024 930 1198 982 probas,
1231 928 1319 968 lieri
1348 930 1403 968 ita
1426 941 1550 980 posse
1573 941 1723 980 negaS,
1757 934 1802 966 ut
1830 928 1880 974 ii,
1914 929 1983 980 qui
2008 929 2087 967 vir-

317 992 418 1032 tutis
450 997 666 1044 compotes
698 991 802 1038 sint,
836 991 961 1030 etiam
994 991 1243 1044 quibusdam
1275 990 1394 1029 malis
1426 990 1561 1028 affecti
1593 990 1703 1028 beati
1728 990 1839 1028 sint?
1881 991 1965 1042 Ego
1988 1003 2085 1030 vero

318 1054 414 1094 volo
455 1054 498 1093 in
537 1055 690 1093 virtute
728 1054 809 1092 vim
850 1066 941 1092 esse
984 1066 1106 1105 quam
1151 1054 1393 1099 maximam,
1437 1052 1509 1090 sed
1541 1058 1696 1105 quanta
1728 1052 1780 1090 sit
1810 1052 1936 1099 alias;
1978 1066 2086 1091 nunc

270 1122 497 1163 ⁴5tantum,
542 1115 730 1168 possitne
770 1128 861 1155 esse
900 1121 1032 1162 tanta,
1076 1116 1109 1154 si
1150 1117 1372 1168 quicquam
1414 1120 1530 1153 extra
1570 1115 1764 1153 virtutem
1803 1114 2006 1154 habeatur
2044 1116 2086 1154 in

317 1179 452 1217 bonis.
512 1175 578 1216 78.
619 1177 766 1230 Atqui,
803 1178 955 1230 inquit,
998 1178 1031 1217 si
1075 1178 1223 1216 Stoicis
1268 1176 1460 1216 concedis
1508 1181 1553 1214 ut
1583 1176 1711 1215 virtus
1743 1175 1854 1223 sola,
1895 1177 1929 1216 si
1967 1177 2087 1224 adsit,

319 1241 443 1280 vitam
475 1237 630 1278 efficiat
659 1239 846 1288 beatam,
878 1240 1072 1280 concedis
1104 1240 1227 1279 etiam
1258 1238 1559 1291 Peripateticis.
1611 1238 1730 1285 Quae
1762 1239 1871 1277 enim
1895 1239 2001 1278 mala
2027 1239 2087 1278 illi

318 1317 403 1344 non
433 1303 592 1342 audent
622 1301 858 1354 appellare,
890 1315 1039 1355 aspera
1069 1309 1206 1342 autem
1238 1307 1278 1340 et
1307 1299 1572 1340 incommoda
1596 1306 1636 1340 et
1656 1300 1869 1339 reicienda
1891 1307 1931 1340 et
1951 1301 2087 1342 aliena

318 1372 492 1406 naturae
524 1378 615 1404 esse
647 1364 902 1411 concedunt,
936 1378 983 1403 ea
1015 1377 1091 1403 nos
1123 1363 1231 1402 mala
1262 1362 1460 1409 divimus,
1493 1363 1566 1401 sed
1598 1363 1749 1415 exigua
1782 1368 1822 1402 et
1852 1377 1983 1415 paene
2012 1365 2089 1403 mi-

270 1428 443 1468 20nima.
505 1426 645 1474 Quare
685 1426 720 1465 si
755 1431 895 1478 potest
926 1439 1016 1465 esse
1046 1427 1192 1465 beatus
1224 1426 1280 1471 is,
1321 1426 1390 1478 qui
1423 1431 1486 1464 est
1516 1425 1557 1463 in
1591 1425 1749 1478 asperis
1780 1426 2087 1480 reiciendisque

317 1490 463 1536 rebus,
507 1492 646 1541 potest
680 1488 715 1527 is
753 1501 919 1540 quoque
960 1502 1074 1536 esse,
1120 1489 1190 1541 qui
1232 1493 1294 1526 est
1331 1487 1371 1525 in
1415 1487 1549 1539 parvis
1581 1487 1714 1526 malis.
1767 1489 1817 1527 Et
1848 1501 1947 1541 ego,
1980 1489 2086 1536 Piso,

318 1554 511 1606 inquam,
554 1549 587 1589 si
626 1556 688 1589 est
726 1550 966 1603 quisquam,
1009 1552 1080 1602 qui
1119 1556 1240 1590 acute
1277 1550 1319 1588 in
1360 1548 1495 1588 causis
1527 1548 1669 1588 videre
1701 1550 1852 1599 soleat,
1885 1565 1990 1604 quae
2021 1566 2087 1592 res

317 1620 478 1667 agatur,
510 1614 544 1653 is
578 1626 622 1651 es
653 1612 840 1665 profecto
873 1619 930 1652 tu.
983 1613 1121 1660 Quare
1152 1612 1341 1658 attende,
1374 1623 1553 1664 quaeso:
1586 1624 1679 1650 nam
1712 1612 1848 1652 adhuc
1881 1628 1972 1653 meo
2004 1614 2085 1654 for-

317 1682 427 1716 tasse
459 1675 583 1722 vitio,
617 1674 718 1727 quid
751 1687 827 1727 ego
859 1688 1074 1728 quaeram,
1106 1688 1190 1714 non
1221 1674 1435 1726 perspicis.
1486 1673 1584 1712 Istic
1607 1687 1718 1720 sum,
1752 1675 1905 1728 inquit,
1939 1690 2086 1730 exspe-

269 1749 304 1777 25
318 1744 469 1793 ctoque
501 1737 602 1790 quid
634 1737 685 1776 ad
718 1736 780 1783 id,
812 1737 923 1790 quod
957 1738 1229 1790 quaerebam,
1262 1735 1532 1787 respondeas.

430 1799 603 1839 XXVII.
636 1797 701 1839 79.
743 1800 1021 1852 Respondebo
1062 1813 1126 1838 me
1158 1812 1242 1838 non
1275 1810 1497 1849 quaerere,
1539 1798 1730 1849 inquam,
1772 1799 1852 1839 hoc
1883 1806 2085 1853 tempore,

316 1864 416 1917 quid
454 1863 584 1901 virtus
626 1859 789 1901 efficere
830 1863 983 1914 possit,
1027 1861 1099 1901 sed
1134 1861 1233 1912 quid
1265 1866 1507 1899 constanter
1538 1859 1721 1907 dicatur,
1765 1862 1859 1913 quid
1893 1863 2031 1915 ipsum
2064 1876 2087 1901 a

314 1940 358 1966 se
390 1924 619 1965 dissentiat.
674 1924 790 1971 Quo,
823 1924 981 1978 inquit,
1014 1924 1166 1964 modo?
1212 1923 1340 1970 Quia,
1375 1936 1466 1961 cum
1500 1935 1522 1961 a
1553 1924 1742 1969 Zenone,
1780 1924 1969 1976 inquam,
2009 1924 2088 1963 hoc

315 1985 532 2041 magnifice
571 1992 781 2038 tamquam
824 1999 877 2025 ex
918 1987 1088 2025 oraculo
1131 1986 1287 2025 editur:
1334 1984 1498 2023 «Virtus
1540 1984 1591 2023 ad
1632 1984 1752 2023 beate
1786 1985 2010 2025 vivendum
2043 1998 2087 2025 se

263 2060 299 2088 30
313 2052 406 2104 ipsa
436 2054 630 2089 contenta
662 2055 779 2088 est»:
825 2048 994 2096 Quare?
1026 2049 1181 2100 inquit:
1215 2046 1459 2099 respondet:
1505 2046 1668 2093 «Quia,
1702 2047 1781 2085 nisi
1814 2049 1927 2100 quod
1959 2048 2087 2088 hone-

314 2119 421 2153 stum
455 2117 537 2157 est,
570 2111 730 2150 nullum
754 2116 815 2150 est
838 2111 951 2149 aliud
973 2111 1170 2149 bonum.»
1223 2112 1314 2149 Non
1339 2122 1493 2161 quaero
1516 2109 1618 2155 iam,
1652 2122 1852 2148 verumne
1876 2110 1950 2149 sit:
1982 2109 2085 2149 illud

315 2175 429 2222 dico,
461 2186 528 2220 ea,
561 2186 668 2226 quae
701 2172 831 2219 dicat,
864 2173 1077 2225 praeclare
1109 2173 1218 2212 inter
1241 2186 1284 2211 se
1307 2171 1545 2210 cohaerere.
1597 2171 1662 2210 80.
1693 2172 1855 2211 Dixerit
1876 2172 1954 2211 hoc
1977 2173 2086 2212 idem

311 2239 532 2290 Epicurus,
564 2249 730 2288 semper
759 2236 924 2275 beatum
959 2249 1051 2275 esse
1083 2236 1336 2287 sapientem:
1369 2257 1421 2262 —
1444 2234 1556 2286 quod
1580 2235 1749 2286 quidem
1773 2235 1879 2274 solet
1911 2235 2086 2274 ebullire

312 2313 394 2339 non
437 2311 684 2352 numquam;
727 2311 850 2352 quem
891 2298 1082 2350 quidem,
1122 2311 1213 2336 cum
1254 2297 1427 2336 summis
1470 2297 1686 2336 doloribus
1727 2295 1987 2345 conficiatur,
2032 2299 2089 2337 ait

262 2370 297 2398 35
313 2361 540 2401 dicturum:
577 2360 739 2408 «Quam
762 2373 889 2399 suave
912 2360 993 2399 esti
1028 2374 1149 2413 qnam
1173 2359 1274 2398 nihil
1295 2359 1449 2397 curo!»
1484 2374 1641 2398 —non
1674 2373 1853 2412 pugnem
1886 2374 1979 2399 cum
2012 2361 2087 2400 ho-

312 2425 435 2470 mine,
469 2423 497 2475 *1⁴
520 2436 590 2462 cur
621 2429 780 2462 tantum
812 2422 961 2462 habeat
992 2423 1033 2461 in
1058 2428 1202 2462 natura
1226 2422 1344 2461 boni:
1378 2421 1481 2460 illud
1518 2436 1707 2474 urgeam,
1739 2436 1821 2461 non
1844 2423 2087 2475 intellegere

313 2501 427 2533 eum,
461 2486 562 2540 quid
594 2485 672 2524 sibi
706 2485 928 2524 dicendum
961 2486 1033 2532 sit,
1067 2499 1159 2524 cum
1184 2484 1369 2523 dolorem
1393 2497 1599 2523 summum
1622 2484 1775 2523 malum
1800 2498 1891 2523 esse
1916 2484 2080 2524 dixerit.

312 2548 468 2588 Eadem
514 2561 625 2587 nunc
656 2561 748 2586 mea
780 2547 1002 2586 adversum
1034 2553 1074 2586 te
1108 2547 1239 2585 oratio
1272 2550 1347 2584 est.
1409 2545 1523 2584 Dicis
1557 2545 1702 2584 eadem
1734 2546 1873 2585 omnia
1905 2552 1946 2585 et
1975 2546 2087 2585 bona

314 2616 355 2650 et
385 2611 511 2657 mala,
543 2623 652 2663 quae
685 2610 829 2649 dicunt
859 2610 913 2657 ii,
946 2610 1015 2663 qui
1049 2621 1280 2662 numquam
1313 2607 1611 2660 philosophum
1641 2608 1822 2660 pictum,
1854 2613 1901 2647 ut
1922 2608 2085 2656 dicitur,

401 2753 430 2783 4.
456 2755 575 2792 *ne-qam
599 2752 623 2782 B
639 2752 662 2782 E
684 2770 716 2773 -
745 2751 922 2789 quicquam
949 2753 1028 2789 (non
1047 2751 1211 2789 quicquid)
1239 2751 1342 2780 etiam
1367 2749 1391 2779 E
1412 2766 1445 2770 —
1475 2750 1505 2780 3.
1532 2749 1623 2790 haee]
1648 2749 1699 2779 hic
1722 2749 1746 2779 B
1767 2752 1845 2787 (non
1864 2751 1899 2789 E)
1923 2769 1955 2772 —
1983 2751 2013 2782 8.
2032 2751 2085 2781 vi-

311 2806 380 2834 tam
411 2802 542 2832 beatam
572 2801 595 2831 B
613 2802 654 2832 E:
687 2801 817 2832 beatam
843 2801 945 2831 silam
972 2801 1040 2832 ΜΟ
1074 2818 1107 2821 -
1139 2801 1269 2839 palari!
1294 2800 1450 2839 spurium
1476 2798 1616 2829 videtur
1641 2800 1744 2829 Bakio
1771 2799 1813 2830 de
1840 2800 1981 2831 emend.
2009 2801 2080 2831 Cic.

313 2852 455 2883 Oratore
480 2859 513 2890 p.
533 2850 585 2882 40.
608 2868 641 2871 —
670 2851 699 2881 9.
726 2855 884 2891 repugnet
908 2852 932 2882 B
955 2869 987 2871 -
1015 2851 1151 2881 cundem
1174 2854 1202 2881 el
1227 2850 1354 2880 beatum
1374 2852 1397 2879 O
1416 2858 1495 2880 cum
1522 2850 1673 2879 Manutio
1695 2868 1727 2870 —
1756 2850 1861 2891 malis]
1894 2851 1997 2880 modis
2021 2850 2044 2881 B
2060 2851 2083 2882 C

315 2918 348 2923 -—
386 2901 436 2931 40.
465 2909 527 2938 quo
551 2901 657 2941 modo]
684 2899 749 2938 qu&
775 2901 849 2931 BE.
886 2901 935 2932 Cf.
962 2901 1005 2931 ad
1031 2910 1062 2941 p.
1092 2900 1164 2933 156,
1198 2900 1244 2930 16,
1277 2917 1305 2921 -
1342 2900 1391 2929 453.
1421 2899 1615 2938 quibusdam
1640 2899 1735 2930 malis
1758 2899 1801 2930 B:
1828 2901 1925 2931 malis
1949 2900 2083 2939 quibus—

312 2952 389 2982 dam
413 2951 438 2981 O
459 2969 493 2972 —
522 2950 572 2981 48.
599 2950 731 2981 audient
755 2951 778 2981 B
794 2951 818 2981 E
838 2967 872 2972 —
903 2951 953 2981 «19.
978 2959 1084 2990 paene
1108 2951 1190 2981 1311:
1215 2958 1317 2988 porro
1344 2949 1386 2985 Ο;
1413 2949 1512 2987 plane
1536 2949 1728 2988 Madvigius
1753 2949 1785 2980 in
1812 2950 2082 2980 commentario.

316 3017 349 3023 —
378 3001 430 3031 ΞΛ.
456 3000 498 3030 ΕΔ
522 3008 590 3031 orn.
618 3000 641 3030 B
667 3018 708 3022 -—
734 2999 784 3031 224.
811 3001 897 3039 qzcod
920 3009 978 3040 <²90
1002 3001 1026 3031 B
1043 3000 1065 3030 E
1094 3017 1127 3020 -
1157 3000 1206 3030 25
1235 2999 1431 3038 quaerebam
1451 2999 1586 3038 Madvig
1605 3002 1636 3030 ct
1656 2999 1894 3040 Wesenberg:
1921 3009 2084 3038 quaeram

313 3050 414 3082 codd.
443 3051 478 3081 et
501 3050 525 3079 O
555 3067 589 3072 -
614 3050 666 3080 27.
691 3050 792 3088 possit
816 3050 942 3089 efficere
966 3050 990 3080 Ο
1019 3067 1053 3071 -
1088 3050 1140 3080 ⁶28.
1170 3051 1238 3087 Ouo
1263 3051 1304 3080 B:
1335 3051 1403 3088 Ouo
1428 3051 1530 3090 iyilw·
1555 3051 1579 3080 Ο
1608 3068 1641 3071 —
1676 3050 1727 3081 33.
1758 3050 1842 3089 Quid
1867 3050 1995 3088 quidem
2019 3050 2042 3079 B
2060 3050 2083 3080 E

316 3119 349 3122 —
377 3100 454 3131 solet
478 3108 546 3130 om.
574 3100 597 3129 B
626 3117 660 3120 —
687 3099 782 3130 ebulit
807 3108 875 3130 rem
899 3100 922 3130 B
945 3117 975 3120 ῌ
1006 3099 1058 3130 35.
1085 3108 1164 3129 curo
1192 3107 1271 3135 gnon
1298 3101 1407 3139 curae)
1436 3100 1538 3130 ctiam
1568 3100 1589 3130 E
1612 3117 1644 3122 —
1673 3100 1725 3131 36.
1752 3099 1822 3140 cur]
1848 3099 1926 3138 quid
1949 3098 2084 3138 Madvig

313 3151 346 3181 in
371 3149 644 3186 commentam-103
673 3150 748 3188 quin
775 3150 856 3189 Ieep
882 3150 914 3180 in
941 3150 1046 3180 Iahnii
1072 3148 1192 3180 Annall
1235 3148 1300 3180 xol.
1329 3149 1368 3180 73
1395 3160 1427 3190 p.
1449 3151 1509 3181 297
1535 3160 1587 3190 sq.
1610 3169 1644 3172 —
1674 3151 1703 3181 in
1730 3148 1865 3189 natm-a]
1890 3149 1921 3178 in
1950 3147 2084 3187 (Phala—

313 3199 408 3240 ridis)
434 3203 532 3230 tauro
557 3201 746 3237 Graserus;
777 3200 926 3230 innatum
949 3203 1076 3230 'natura
1101 3201 1194 3239 Jeep.
1218 3216 1251 3221 —-
1280 3199 1332 3230 37.
1359 3208 1423 3230 csse
1448 3209 1516 3231 om.
1538 3200 1561 3230 B
1587 3218 1629 3222 —
1653 3200 1706 3231 39.
1727 3209 1810 3239 quae
1834 3207 1916 3230 nos:
1944 3207 2005 3237 que
2021 3199 2084 3237 qu'c'

313 3250 358 3288 B3
385 3258 469 3291 quae
492 3249 621 3290 quidem
645 3250 677 3281 M
691 3250 728 3282 O.
757 3249 866 3288 «Quid
889 3249 1058 3291 particula
1078 3250 1206 3289 quidem
1231 3249 1262 3279 in
1287 3249 1352 3280 hac
1373 3249 1482 3281 forma
1503 3249 1667 3281 orationis
1688 3249 1823 3289 (eadem,
1843 3257 1927 3288 quae
1944 3248 2082 3288 quidem)
