2249 3624
336 137 417 181 232
767 140 1198 182 TUSCULANARUM
1226 139 1672 182 DISPUTATIONUM

334 251 514 298 riantur,
555 249 614 290 sic
653 246 844 289 omnibus
886 246 1007 286 bonis
1040 250 1082 287 et
1112 245 1246 287 doctis
1278 261 1369 288 esse
1399 247 1651 288 faciendum.
1701 248 1785 288 Nec
1814 261 1913 288 vero
1945 248 1996 289 de
2025 248 2107 290 hoc

334 313 557 367 quisquam
590 311 780 351 dubitare
811 314 975 363 posset,
1005 309 1086 349 nisi
1116 309 1229 349 idem
1258 310 1378 350 nobis
1410 311 1620 350 accideret
1650 310 1872 364 diligenter
1893 311 1943 352 de
1965 313 2104 353 animo

333 368 627 428 cogitantibus,
660 372 774 426 quod
806 373 857 412 iis
889 385 1012 426 saepe
1043 385 1123 412 usu
1149 373 1281 421 venit,
1314 373 1386 427 qui
1411 370 1536 427 [cum]
1563 373 1713 413 acriter
1743 373 1877 414 oculis
1909 372 2105 414 deficien-

332 443 415 477 tem
447 437 576 477 solem
608 435 881 483 intuerentur,
911 441 957 475 ut
982 441 1195 488 aspectum
1227 437 1399 476 omnino
1430 436 1688 484 amitterent,
1721 437 1779 476 sic
1810 437 1962 477 mentis
1993 438 2104 477 acies

300 508 376 539 5se
415 499 507 552 ipsa
543 499 710 537 intuens
749 511 831 538 non
876 510 1102 551 numquam
1142 498 1352 547 hebescit,
1394 499 1445 538 ob
1492 512 1671 553 eamque
1709 513 1877 540 causam
1921 505 2106 540 contem-

330 561 476 615 plandi
499 560 759 613 diligentiam
780 560 1020 600 amittimus.
1066 561 1213 614 Itaque
1236 561 1452 608 dubitans,
1475 560 1846 615 circumspectans,
1877 563 2105 610 haesitans,

329 623 460 663 multa
498 622 673 663 adversa
711 635 907 662 reverens
937 627 1151 676 tamquam
1182 623 1224 663 in
1256 629 1344 664 rate
1384 624 1427 663 in
1459 624 1562 664 mari
1597 625 1787 666 inmenso
1818 631 1960 665 nostra
1990 624 2106 665 vehi-

329 691 398 726 tur
435 685 553 725 ratio.
604 682 670 724 74.
704 685 786 724 Sed
817 684 921 724 haec
953 690 993 725 et
1023 691 1164 726 vetera
1195 692 1235 726 et
1265 700 1288 727 a
1319 686 1501 727 Graecis.
1551 687 1651 727 Cato
1684 693 1824 728 autem
1856 687 1916 727 sic
1947 686 2052 727 abiit
2083 700 2106 727 e

328 748 435 795 vita,
472 753 518 787 ut
557 761 723 788 causam
764 747 972 788 moriendi
1011 754 1179 789 nactum
1219 763 1262 789 se
1295 762 1386 789 esse
1418 748 1630 801 gauderet.
1676 750 1800 790 Vetat
1830 749 1941 790 enim
1974 749 2106 790 domi-

279 823 314 852 40
328 823 431 849 nans
462 810 532 849 ille
563 810 607 849 in
637 810 759 850 nobis
791 809 894 850 deus
925 810 1092 851 iniussu
1122 810 1216 852 hinc
1247 825 1324 852 nos
1357 824 1432 851 suo
1461 810 1717 864 demigrare:
1750 825 1842 852 cum
1879 825 1978 853 vero
2010 825 2106 852 cau—

328 886 415 913 sam
436 873 587 912 iustam
610 872 712 913 deus
738 874 830 926 ipse
853 873 1034 921 dederit,
1066 879 1113 913 ut
1134 879 1231 915 tunc
1255 873 1434 921 Socrati,
1465 887 1577 913 nunc
1602 873 1771 922 Catoni,
1803 887 1927 929 saepe
1948 874 2106 922 multis,

326 950 378 976 ne
418 936 489 975 ille
528 935 690 975 medius
721 933 844 975 fidius
882 936 944 976 vir
983 936 1152 989 sapiens
1187 937 1320 977 laetus
1353 949 1406 976 ex
1436 936 1503 976 his
1535 937 1717 977 tenebris
1748 937 1791 977 in
1822 937 1960 977 lucem
1989 937 2105 976 illam

328 1000 576 1046 excesserit,
608 1012 685 1039 nec
718 1003 858 1039 tamen
890 999 960 1038 illa
991 999 1128 1040 vincla
1149 1000 1328 1040 carceris
1352 999 1514 1052 ruperit
1531 1023 1583 1027 —
1606 999 1720 1053 leges
1744 1001 1854 1040 enim
1876 1004 2019 1040 vetant
2037 1021 2106 1048 —,

326 1061 399 1101 sed
440 1068 653 1116 tamquam
684 1075 707 1102 a
738 1063 983 1116 magistratu
1013 1067 1086 1102 aut
1115 1062 1166 1102 ab
1197 1062 1339 1116 aliqua
1378 1067 1588 1114 potestate
1628 1062 1838 1115 legitima,
1881 1062 1941 1103 sic
1971 1076 1995 1103 a
2025 1062 2105 1103 deo

277 1137 312 1166 ⁴5
327 1130 524 1165 evocatus
560 1130 687 1178 atque
728 1126 906 1166 emissus
938 1125 1101 1164 exierit.
1154 1126 1259 1164 Tota
1290 1124 1401 1164 enim
1433 1124 1787 1178 philosophorum
1819 1125 1926 1174 vita,
1964 1130 2012 1165 ut
2049 1125 2107 1166 ait

325 1186 460 1234 idem,
506 1189 803 1228 commentatio
850 1187 996 1228 mortis
1038 1192 1111 1226 est.
1191 1187 1346 1227 XXXI.
1385 1185 1451 1227 75.
1491 1189 1593 1227 Nam
1633 1188 1734 1242 quid
1772 1188 1888 1229 aliud
1930 1189 2106 1242 agimus,

327 1262 421 1289 cum
452 1262 476 1289 a
506 1250 744 1303 voluptate,
776 1250 818 1290 id
851 1255 935 1298 est,
965 1263 990 1289 a
1020 1262 1216 1302 corpore,
1249 1263 1343 1289 cum
1375 1264 1399 1290 a
1428 1264 1472 1290 re
1503 1250 1717 1300 familiari,
1750 1264 1860 1305 quae
1892 1258 1956 1292 est
1985 1251 2108 1291 mini-

326 1317 411 1352 stra
448 1317 488 1352 et
528 1312 684 1352 famula
722 1313 936 1366 corporis,
980 1326 1072 1353 cum
1105 1325 1128 1351 a
1159 1325 1202 1351 re
1235 1312 1421 1365 publica,
1461 1326 1556 1353 cum
1587 1326 1610 1353 a
1641 1315 1809 1367 negotio
1841 1315 1955 1355 omni
1986 1327 2108 1355 sevo-

327 1388 469 1415 camus
501 1375 711 1416 animum:
753 1377 874 1429 quid,
914 1377 1106 1430 inquam,
1147 1381 1235 1416 tum
1266 1375 1448 1428 agimus,
1481 1376 1561 1415 nisi
1592 1376 1776 1416 animum
1808 1377 1859 1416 ad
1891 1390 1935 1417 se
1966 1377 2107 1430 ipsum

275 1452 312 1481 20
327 1439 602 1487 advocamus,
635 1453 777 1480 secum
810 1453 900 1479 esse
932 1441 1120 1493 cogimus
1152 1439 1418 1492 maximeque
1450 1451 1473 1478 a
1505 1452 1679 1492 corpore
1717 1439 1993 1480 abducimus‘?
2035 1440 2109 1480 Se-

326 1515 496 1541 cernere
528 1508 664 1543 autem
696 1516 720 1543 a
750 1516 923 1556 corpore
959 1503 1144 1543 animum
1177 1501 1328 1555 ecquid
1368 1501 1483 1541 aliud
1522 1507 1584 1542 est
1619 1515 1742 1555 quam
1778 1503 1884 1542 mori
1916 1502 2107 1543 discere?

328 1564 419 1613 Qua
451 1579 495 1605 re
522 1565 601 1605 hoc
625 1572 974 1614 commentemur,
1007 1565 1108 1606 mihi
1131 1563 1274 1612 crede,
1308 1564 1678 1618 disiungamusque
1705 1579 1780 1605 nos
1802 1578 1825 1605 a
1847 1566 2106 1620 corporibus,

328 1627 372 1667 id
404 1632 488 1675 est,
521 1641 846 1668 consuescamus
878 1629 997 1668 mori.
1047 1628 1160 1676 Hoc,
1192 1633 1233 1668 et
1264 1628 1360 1667 dum
1394 1630 1546 1669 erimus
1577 1628 1620 1668 in
1651 1629 1794 1677 terris,
1827 1628 1906 1670 erit
1929 1628 1991 1668 illi
2015 1642 2108 1669 cae-

327 1822 446 1854 «Haec
471 1822 522 1854 sic
546 1822 749 1853 constructa
774 1822 874 1859 sunt,
901 1822 958 1857 ut,
987 1820 1082 1861 quod
1106 1820 1350 1862 praedicatum
1367 1820 1486 1853 verbis
1510 1824 1546 1852 uc
1569 1821 1666 1862 cygni
1688 1821 1828 1862 adiungi
1846 1821 2007 1861 deberet,
2033 1832 2108 1855 cum

324 1875 425 1904 cantu
449 1875 478 1903 et
500 1871 666 1911 voluptate
689 1872 891 1910 moriantur,
917 1869 1062 1902 relativo
1089 1871 1252 1902 membro
1279 1881 1346 1911 qua
1367 1872 1573 1910 providentes
1599 1889 1633 1893 —
1663 1881 1839 1904 conexum
1864 1874 1927 1911 sit,
1954 1873 2105 1913 ideoque

324 1923 506 1963 superiora
530 1920 583 1952 illa
609 1920 813 1961 praedicato
838 1929 902 1952 suo
929 1922 1085 1952 careant.
1124 1922 1263 1952 Poterat
1294 1920 1446 1961 legitima
1472 1923 1645 1953 structura
1672 1921 1771 1953 facile
1796 1923 1934 1954 restitui
1959 1925 2017 1954 aut
2043 1923 2108 1954 de-

323 1971 393 2004 leto
417 1972 628 2013 pronomine
654 1970 799 2002 relativo
825 1972 906 2001 ante
928 1971 1155 2010 providenles,
1183 1973 1241 2002 aut
1267 1972 1334 2003 hoc
1360 1973 1542 2013 participio
1569 1973 1603 2004 in
1620 1972 1772 2004 verbum
1797 1972 1933 2004 finitum
1951 1973 2105 2011 mutato;

324 2022 388 2054 sed
413 2023 509 2053 omni
533 2022 726 2053 mutatione
752 2020 1002 2052 abstinendum
1033 2030 1196 2053 censeo.»
1226 2040 1260 2044 —
1295 2022 1326 2052 3.
1354 2031 1417 2061 quo
1441 2023 1489 2053 his
1514 2024 1537 2053 G
1554 2023 1579 2054 R
1605 2024 1639 2054 et
1664 2031 1754 2054 corr.
1782 2022 1861 2053 ead.
1888 2030 1935 2053 m.
1963 2022 1996 2053 in
2022 2023 2108 2061 quod

323 2072 371 2103 lzis
395 2072 418 2103 B
448 2090 481 2094 —
510 2072 566 2111 qui
589 2080 663 2102 cum
688 2071 769 2112 cet]
797 2070 992 2111 «Impedita
1019 2073 1071 2102 est
1096 2073 1219 2109 oratio,
1248 2073 1281 2103 et
1306 2071 1360 2103 vel
1386 2071 1468 2103 illud
1493 2081 1584 2111 cum,
1612 2074 1649 2103 ut
1672 2072 1847 2103 Manutius
1865 2073 1898 2102 et
1918 2070 2107 2104 Lambinus

322 2122 503 2161 viderunt,
534 2121 589 2154 vel
621 2123 759 2154 retento
788 2130 863 2152 cum
895 2122 1105 2153 eiiciendum
1139 2122 1203 2152 erit
1227 2125 1296 2152 ut.»
1326 2122 1448 2153 Bes-rr.
1485 2123 1691 2161 (quicumque
1715 2122 1838 2152 acriter
1862 2120 2040 2160 Klotzius.)
2069 2139 2105 2145 —-

324 2173 355 2204 7.
381 2175 548 2203 reuerlens
572 2173 596 2203 C
624 2190 658 2194 —
688 2173 720 2203 in
744 2174 823 2203 ante
847 2176 920 2203 *rate
945 2181 1013 2203 om.
1035 2174 1059 2204 Ο
1089 2189 1123 2193 -
1150 2172 1180 2202 8.
1200 2172 1288 2202 ratio
1315 2172 1556 2203 Camerarius:
1585 2173 1694 2202 oratio
1720 2172 1743 2203 C
1759 2172 1784 2202 Ο
1805 2189 1840 2193 -
1869 2172 1921 2202 Μ.
1948 2174 2017 2202 tum
2041 2172 2065 2202 G
2081 2172 2106 2202 B

327 2240 361 2244 —
390 2223 442 2253 42.
468 2231 532 2253 ozae
556 2222 608 2254 ille
632 2224 656 2254 O
690 2240 724 2244 —
761 2222 812 2253 49.
840 2223 870 2253 in
906 2226 1066 2261 quantum
1098 2223 1124 2252 G
1157 2224 1191 2253 et
1217 2230 1307 2253 corr.
1336 2223 1366 2253 in
1393 2220 1497 2262 inquii
1522 2226 1589 2253 tum
1615 2223 1639 2253 R
1667 2240 1702 2244 —
1730 2222 1782 2253 020.
1811 2230 1991 2253 avocamus
2016 2222 2040 2253 C
2070 2240 2105 2244 —

324 2272 377 2303 21.
406 2272 623 2312 «Tregderus
649 2281 691 2303 ex
717 2281 779 2303 sua
805 2273 1004 2304 coniectura
1030 2273 1170 2313 scripsit
1194 2273 1343 2303 animum
1368 2273 1520 2311 ecquid
1545 2272 1637 2302 aliud
1661 2275 1720 2302 εει
1744 2280 1865 2310 quam
1889 2272 2034 2303 emori.
2069 2271 2107 2302 In

325 2322 526 2363 Archetypo
553 2322 603 2363 [C]
629 2322 691 2354 fuit
715 2323 865 2354 animum
887 2332 945 2354 nec
970 2323 1149 2363 quicquam
1173 2323 1265 2354 uliud
1289 2323 1403 2354 emori.
1433 2321 1481 2363 [ln
1505 2324 1529 2353 R
1554 2324 1632 2363 post
1650 2322 1741 2353 aliud
1757 2321 2037 2363 superscriptum
2055 2321 2110 2352 est

326 2381 427 2412 quam
451 2381 515 2413 per
540 2372 818 2413 compendium]
845 2373 1011 2413 Tregderi
1038 2374 1277 2404 coniecturam
1303 2371 1434 2413 probo,
1460 2372 1525 2403 nisi
1551 2371 1645 2412 quod
1671 2380 1711 2403 ex
1736 2370 1881 2402 Bentleii
1906 2371 2108 2402 coniectura

325 2423 487 2464 praefero
518 2422 621 2454 mori:
655 2422 696 2454 cf.
724 2424 929 2463 sequentia,
965 2422 1096 2463 quihus
1125 2423 1219 2454 idem
1245 2423 1382 2459 dicitur,
1415 2430 1666 2453 consuescamus
1690 2422 1805 2453 mori.
1846 2420 1937 2451 Vidit
1960 2419 2108 2460 Bentley

325 2475 429 2505 emori
461 2482 539 2505 esse
565 2471 583 2504 ἔ
609 2472 682 2512 (est)
707 2474 802 2504 mori.
843 2473 931 2504 Cum
963 2482 1063 2512 quam
1091 2473 1343 2513 transpositum
1376 2473 1490 2509 esset,
1525 2480 1566 2503 ex
1600 2471 1716 2510 ecquid
1741 2479 1841 2510 quam
1865 2469 1963 2501 facile
1989 2471 2107 2500 ortum

327 2526 379 2556 est
405 2533 461 2555 nee
486 2524 682 2563 quicquam,
709 2524 919 2563 praesertim
946 2524 1023 2563 post
1048 2531 1091 2554 m.
1130 2524 1242 2561 Quam
1267 2531 1374 2563 saepe
1400 2531 1433 2553 ec
1451 2523 1656 2562 corruptum
1675 2522 1717 2553 sit
1736 2524 1793 2561 (et,
1819 2520 1916 2557 haee,
1944 2517 2014 2557 al.)‚
2041 2527 2107 2549 no-

328 2577 400 2606 tum
432 2576 502 2611 est;
535 2573 577 2605 cf.
606 2574 710 2605 etiam
737 2573 791 2611 IV,
819 2573 853 2604 61
892 2574 1045 2613 (Archet.
1072 2581 1266 2604 nec--uec
1299 2581 1362 2613 pro
1395 2574 1486 2602 ει--
1506 2572 1556 2610 et).
1594 2571 1611 2612 S
1638 2571 1677 2602 60
1704 2570 1855 2611 (Archet.
1882 2573 1911 2601 ει
1935 2578 1997 2610 pro
2022 2569 2103 2608 uec).

329 2624 494 2655 Ceterum
518 2623 633 2662 ecquid
657 2623 750 2654 aliud
773 2626 819 2654 est
835 2632 937 2663 quam
955 2632 1079 2655 verum
1104 2631 1183 2654 esse
1210 2631 1290 2653 cum
1316 2630 1405 2662 quae
1432 2621 1662 2662 praecedunt,
1689 2623 1763 2652 tum
1785 2628 1876 2660 quae
1894 2620 2103 2659 sequuntur,

329 2672 509 2705 declarare
534 2672 708 2704 videntur.
744 2672 794 2704 Cf.
821 2672 952 2704 Platon.
979 2673 1107 2704 Phaed.
1139 2672 1242 2712 (unde
1269 2673 1392 2703 Cicero
1417 2680 1478 2703 sua
1505 2671 1629 2709 hausit)
1649 2679 1681 2710 p.
1703 2670 1743 2701 80
1762 2670 1804 2701 E:
1833 2666 1944 2702 οὐδὲν
1968 2680 2106 2701 κοινω-

329 2721 452 2754 νοῦσα
468 2741 518 2745 --
534 2721 665 2761 τοῦτο,
688 2740 721 2744 -
741 2721 883 2754 τοῦτο
908 2722 947 2754 δὲ
973 2719 1106 2755 οὐδὲν
1131 2718 1245 2753 ἄλλο
1271 2721 1322 2753 ἑσ
1336 2723 1406 2753 τὶν
1431 2718 1456 2763 ἦ
1472 2740 1520 2745 --
1534 2718 1713 2752 τεθνάναι
1729 2718 1930 2761 μελετῶσα
1947 2715 2104 2765 ῥᾳδίως·

329 2768 356 2813 ἢ
381 2768 424 2803 οὐ
450 2770 549 2804 τοῦτ’
574 2768 625 2803 (ἲν
649 2770 706 2813 εἴη
731 2771 868 2814 μελέτη
895 2770 1086 2809 θανάτοω
1113 2774 1210 2804 cuius
1235 2771 1300 2803 loci
1327 2772 1436 2803 forma
1463 2770 1565 2812 plane
1591 2771 1715 2802 eadem
1743 2772 1813 2810 est,
1842 2772 1875 2801 et
1899 2769 2044 2811 Philipp.
2065 2770 2104 2810 V,

330 2823 383 2853 ⁶21.
423 2821 521 2859 Quod
546 2821 648 2862 vulgo
674 2823 798 2864 [etiam
824 2824 856 2854 in
883 2823 925 2864 O]
959 2832 999 2854 ex
1025 2823 1170 2855 Bentleii
1196 2823 1397 2853 coniectura
1422 2821 1565 2862 legitur:
1599 2822 1838 2852 Secernere--
1855 2821 2024 2859 animum,
2049 2829 2108 2852 nee

331 2873 507 2912 quicquam
531 2872 639 2911 aliud,
666 2876 710 2904 εει
732 2874 818 2904 mori
843 2874 983 2911 discere,
1011 2872 1088 2905 coll.
1114 2874 1218 2913 Legg.
1246 2873 1300 2911 111,
1328 2872 1345 2902 3
1372 2873 1469 2912 (quod
1490 2889 1518 2894 -
1543 2872 1566 2903 i.
1586 2880 1616 2902 e.
1636 2872 1690 2902 ius
1714 2870 2025 2910 conditionemque
2043 2878 2107 2902 na-

332 2925 430 2954 turae
450 2939 483 2944 —
504 2931 577 2953 cum
601 2923 691 2961 dico,
725 2923 853 2964 legem
878 2932 900 2954 a
922 2932 972 2954 me
997 2923 1080 2961 dici,
1106 2923 1208 2953 nihil
1231 2923 1366 2961 aliud,
1394 2922 1535 2961 inlelleyi
1558 2921 1665 2961 volo):
1693 2921 1847 2961 primurn
1872 2920 1939 2951 hoc
1964 2928 2106 2960 quoque

331 2971 408 3004 loco
434 2974 657 3013 exspectares
680 2973 778 3009 nihil;
806 2972 946 3010 deinde,
973 2974 1011 3004 ut
1036 2973 1090 3004 hic
1117 2972 1160 3004 illi
1185 2972 1306 3005 similis
1332 2974 1446 3010 esset,
1478 2972 1610 3003 dictum
1637 2980 1716 3003 esse
1742 2971 1913 3012 oportuit:
1945 2969 2031 3001 mori
2055 2970 2107 3000 di-

332 3030 420 3053 scere
443 3024 503 3059 εει,
529 3021 609 3052 nihil
633 3022 736 3054 aliud.
777 3023 983 3064 Comparari
1007 3023 1121 3063 potius
1145 3024 1257 3064 potuit
1280 3021 1333 3053 illa
1361 3020 1528 3052 formula:
1566 3022 1651 3061 Quid
1673 3024 1718 3052 εει
1741 3021 1834 3051 aliud
1860 3037 1909 3058 —-‚
1935 3020 1997 3050 nisi
2021 3018 2106 3061 (hoc)

333 3070 389 3103 vel
413 3072 439 3102 si
462 3071 520 3102 hoc
543 3081 605 3102 non
631 3076 675 3104 εει
702 3090 737 3094 -
765 3073 888 3112 (Divin.
916 3073 956 3109 11,
983 3072 1035 3104 78.
1064 3073 1138 3104 Cat.
1164 3073 1207 3103 M.
1235 3072 1253 3112 ἓ
1278 3073 1308 3103 5.
1336 3071 1471 3102 Verrin.
1500 3071 1523 3107 Ι,
1551 3071 1625 3102 428.
1654 3069 1798 3111 Philipp.
1824 3070 1952 3108 111,⁶2⁴.
1979 3070 2104 3102 Senec.

335 3121 378 3153 de
403 3121 503 3152 Brev.
529 3121 618 3153 vitae
644 3130 674 3153 c.
703 3122 754 3153 46.
783 3123 852 3153 Cic.
881 3122 924 3154 de
951 3122 1046 3154 Offic.
1075 3123 1130 3160 111,
1155 3123 1208 3153 55.
1236 3123 1274 3157 ΙΙ,
1302 3120 1353 3152 83.
1381 3119 1525 3161 Philipp.
1554 3121 1594 3158 V,
1613 3122 1632 3152 ὅ
1658 3123 1708 3158 et,
1737 3129 1825 3161 quos
1849 3120 1944 3152 locos
1969 3119 2106 3161 Madvig

335 3171 379 3202 ad
404 3171 474 3202 Fin.
500 3171 541 3210 V,
566 3170 600 3202 3⁴
639 3170 682 3202 de
713 3172 877 3203 universo
908 3171 964 3203 illo
996 3181 1127 3212 genere
1153 3172 1293 3204 dicendi
1319 3171 1501 3212 disputans
1525 3173 1656 3212 optime
1684 3172 1863 3211 tractavit,
1893 3170 1978 3204 Phil.
2004 3172 2044 3210 ΙΙ,
2070 3171 2102 3203 7.

334 3223 449 3253 Pison.
468 3221 488 3261 ὃ
506 3219 569 3260 47).
599 3220 648 3253 Cf.
668 3221 772 3252 etiam
794 3222 903 3253 Divin.
924 3223 964 3260 ΙΙ,
983 3221 1057 3254 83,»
1077 3223 1132 3254 W.
1161 3223 1319 3262 (animum
1339 3222 1535 3262 ecquidnam
1558 3223 1651 3254 aliud
1674 3226 1719 3254 εει
1743 3231 1844 3263 quam
1866 3222 1970 3255 emori
1994 3221 2101 3254 HERM.

335 3272 484 3311 Ssrrrss)
511 3287 545 3292 —
573 3271 626 3303 ⁶32.
652 3271 791 3303 credidis
813 3272 1054 3313 iungamusque
1077 3270 1165 3304 GR¹.
