2249 3624
345 137 454 180 4040
1077 140 1359 186 CICERONIS

344 244 414 280 Aut
440 246 534 280 terni
556 246 732 292 qeminive
757 250 910 292 utraque
935 258 979 283 ex
1004 253 1110 293 parte
1133 250 1265 292 locati,-

347 306 479 344 Unicus
506 314 568 344 aut
596 314 716 344 ventos
742 311 846 345 nobis
874 316 937 346 aut
964 313 1103 347 indicat
1131 315 1318 351 aethram:

342 370 519 416 Diruptus
545 377 686 413 ventos,
719 374 893 408 evanidus
920 375 1059 409 indicat
1087 377 1275 418 aethram,

342 433 554 478 Horriferos
581 436 722 470 nimbos
748 437 951 481 yeminatus
976 444 1186 482 praemonet
1214 441 1311 475 orbis
1329 468 1337 484 ‚

342 497 572 544 Maioresque
598 500 711 534 trahit
739 500 927 544 triplicata
954 510 1089 536 corona
1113 504 1315 547 procellas,-

341 561 520 602 Maiores‚
551 563 583 596 si
608 563 716 607 niqra
745 563 854 602 iacet,
885 564 918 597 si
945 564 1124 599 scinditur
1150 566 1260 604 ultro.

340 626 439 661 Haec
467 626 533 661 tibi
559 626 612 660 vel
639 627 768 660 mensis
795 627 849 660 vet
875 626 1013 662 Phoebe
1040 633 1224 665 menstrua
1251 632 1379 668 dicent.

338 688 410 725 Nec
438 688 556 724 Solem
579 690 723 735 yemina
749 695 908 733 spectare
935 690 973 724 in
1002 690 1121 726 litoris
1150 698 1233 728 acca

338 752 543 788 Poeniteat:
573 751 692 787 Solem
719 753 917 787 certissima
943 754 1049 799 siqna
1075 762 1284 800 sequentur:

340 815 425 851 Cum
451 820 569 861 surqet
596 816 724 861 qelidis
751 821 782 850 et
809 827 889 851 cum
917 828 951 851 se
978 819 1103 853 condet
1130 820 1169 854 in
1196 822 1313 857 undis.

340 878 459 915 Nolim
486 880 768 919 interstinctam,
801 889 881 913 cum
910 880 1042 915 deseret
1070 892 1250 927 aequora,
1282 885 1394 920 lucem

339 941 501 983 Cernere,
531 943 562 976 si
591 941 688 977 Soles
716 946 831 987 optem
857 943 1008 978 radiare
1040 955 1204 987 serenos,-

336 1005 467 1042 Malim
493 1016 604 1041 unum
631 1005 741 1040 nullis
762 1006 913 1040 maculis
939 1012 1099 1051 spectare
1131 1009 1312 1046 colorem:

337 1067 378 1104 Si
405 1070 492 1114 iuqa
520 1069 638 1103 demat
663 1069 762 1113 equis
789 1074 919 1113 pacato
948 1070 1082 1106 lumine
1113 1070 1240 1114 Titan,

335 1132 498 1167 Blandus
525 1137 557 1167 et
582 1131 795 1177 Hesperium
821 1133 945 1168 subeat
971 1135 1046 1168 sine
1072 1135 1227 1171 nubibus
1256 1148 1412 1183 aequor,

333 1196 490 1232 Pulchra
516 1206 641 1230 serena
669 1196 725 1230 die
751 1197 885 1240 poteris
911 1207 1056 1242 sperare
1083 1201 1254 1243 sequenti.

332 1259 414 1295 Non
440 1260 494 1294 ita
520 1260 552 1293 si
579 1269 726 1293 recavus
753 1269 891 1293 summo
918 1260 959 1294 de
987 1262 1153 1306 marqine
1179 1268 1327 1309 sumat,

332 1323 484 1369 Fulqeat
511 1328 574 1357 aut
600 1323 738 1367 sparsis
763 1323 1023 1368 radiisfpars
1052 1326 1173 1360 tendat
1200 1328 1248 1361 ad
1277 1326 1447 1363 Austrum
1464 1356 1472 1368 ,

331 1387 422 1422 Pars
450 1391 506 1422 eat
534 1387 582 1421 ad
611 1385 752 1421 Borean
779 1387 986 1432 mediusque
1012 1389 1175 1424 renideat
1204 1390 1324 1433 orbis;

335 1449 431 1485 Tunc
459 1454 520 1484 aut
547 1454 725 1494 suspectus
755 1449 821 1483 tibi
848 1450 894 1484 sit
920 1449 1034 1485 Notus
1063 1456 1125 1486 aut
1152 1454 1276 1498 qravis
1305 1454 1431 1491 imber.

335 1512 378 1548 Ut
405 1513 554 1556 videas,
583 1512 740 1547 subsitne
767 1523 830 1546 suo
859 1512 923 1547 lua:
949 1514 1140 1558 splendida
1169 1513 1264 1556 Soli,

330 1575 470 1621 Inspice
498 1574 616 1611 Solem
643 1576 760 1620 ipsum
790 1574 958 1621 (namque
985 1576 1015 1610 is
1043 1578 1261 1613 certissimus
1287 1578 1447 1627 auctor),

283 1688 288 1691 ⁸
330 1639 486 1685 Inspice,
517 1649 603 1674 num
631 1638 758 1673 rubeat
786 1636 883 1683 (fieri
910 1639 1007 1683 quod
1031 1650 1135 1685 saepe
1166 1642 1347 1677 ridemus:

332 1702 458 1739 Creber
484 1703 578 1738 enim
605 1702 721 1737 educit
748 1705 934 1736 contracta
959 1702 1052 1736 nube
1077 1703 1281 1751 ruborem:)

327 1765 385 1802 An
409 1767 512 1812 niqer
540 1765 700 1800 obscuret
726 1765 877 1821 faciem.-
907 1765 1009 1809 niqer
1035 1766 1173 1801 indicat
1200 1767 1353 1809 imbres,

327 1830 521 1876 Rubraque
546 1834 712 1865 venturos
738 1829 869 1873 species
896 1829 1082 1864 denuntiat
1110 1830 1239 1866 Euros.

328 1894 395 1929 Sin
420 1894 527 1929 ruber
554 1893 700 1937 incipiet
727 1891 825 1927 color
852 1892 1088 1927 immiscerier
1121 1897 1220 1938 atro,

329 1956 464 1993 Omnia
493 1961 573 1991 tunc
603 1956 720 1991 Borea
744 1956 886 2001 pariter
911 1955 1106 2001 pluviaque
1134 1958 1270 1992 videbis

328 2019 499 2055 Fervere:
529 2020 587 2054 sin
611 2020 712 2054 radii
739 2022 862 2054 coe'ant
889 2023 1116 2064 crescantque
1144 2020 1208 2055 sub
1240 2032 1368 2061 unum,

328 2082 413 2118 Cum
438 2083 565 2128 pelaqo
598 2081 705 2116 Titan
733 2083 879 2116 terrisve
907 2083 1107 2116 admoverit
1139 2084 1279 2124 orbem,

325 2145 396 2182 Aut
425 2147 535 2181 lateat
559 2146 672 2181 victus
697 2156 761 2190 per
788 2144 938 2185 nubila,
971 2145 1045 2180 sive
1078 2146 1204 2181 relicta

326 2208 434 2246 Nocte
459 2213 577 2254 petens
606 2209 740 2252 lucem,
770 2218 829 2242 seu
856 2212 992 2242 noctem
1021 2208 1096 2243 luce
1123 2209 1269 2253 relicta,

326 2272 398 2308 Illa
428 2274 502 2308 dies
526 2272 670 2317 pluvias
698 2275 729 2306 et
753 2281 845 2316 quae
871 2274 1038 2305 nascetur
1063 2271 1108 2305 ab
1141 2272 1209 2306 illa

325 2336 502 2380 Proseret:
538 2335 611 2370 Eoo
637 2345 699 2369 nec
726 2335 757 2368 si
782 2334 996 2378 praeeuntia
1031 2333 1128 2368 caelo

323 2399 461 2435 Nubila
490 2397 551 2434 Sol
577 2398 695 2433 radiis
720 2397 815 2441 picto
844 2397 1023 2431 disiecerit
1054 2401 1175 2440 astro,

326 2462 383 2498 Sis
408 2464 555 2509 pluviae
581 2463 751 2507 iqnarus:
778 2461 810 2495 si
834 2471 869 2495 se
899 2459 1064 2494 Titanius
1093 2460 1191 2494 orbis

324 2527 400 2562 Eoo
427 2528 497 2561 late
525 2525 708 2570 diffuderit
736 2533 888 2568 aequore
918 2533 1087 2568 surqens,

324 2589 411 2625 Inde
440 2590 624 2635 maqisque
651 2587 838 2632 maqisque
865 2596 1076 2631 exsparsum
1105 2585 1297 2620 contrahat
1316 2586 1454 2630 ignem,

324 2653 475 2689 Dulcior
502 2651 630 2687 aethra
658 2650 794 2692 subest,
821 2648 945 2694 pluvio
971 2659 1005 2683 se
1036 2653 1192 2693 tempore
1218 2659 1440 2693 quamquam

323 2718 511 2754 Abdiderit
538 2715 720 2750 Phoebus:
750 2714 781 2748 si
804 2713 901 2748 caelo
929 2713 1059 2748 decidit
1086 2712 1217 2757 imber,

323 2781 380 2816 Ex
406 2781 515 2816 imbri
541 2780 689 2815 alterius
714 2784 845 2814 sortem
872 2782 902 2812 tc
926 2787 1097 2822 quaerere
1129 2777 1240 2816 lucis,

321 2845 526 2889 Nubilaque
555 2848 585 2878 ct
606 2842 716 2878 solem
742 2851 866 2875 moneo
895 2844 1057 2885 spectare
1084 2840 1279 2875 cadentem.

321 2908 417 2945 Nam
446 2909 476 2942 si
502 2908 628 2952 ne‘qrae
653 2906 772 2940 obiens
800 2904 977 2939 condatur
999 2913 1140 2938 carcere
1169 2902 1272 2937 nubis

323 2970 481 3006 Phoebus
509 2975 539 3005 et
568 2970 696 3014 exiquo
723 2968 824 3002 radii
847 2966 988 3012 sulyore
1016 2967 1188 3001 micantes

321 3034 538 3070 Immensum
560 3032 698 3066 nebulis
726 3030 1063 3073 circumfundantur
1090 3029 1129 3062 in
1158 3027 1296 3066 orbem,

320 3097 402 3134 Non
428 3097 495 3131 erit
522 3096 669 3130 alterius
692 3095 819 3129 melior
844 3094 994 3138 fortuna
1026 3092 1110 3128 diei.

322 3161 437 3196 Purus
465 3165 502 3194 at
529 3158 722 3204 Hesperias
749 3159 781 3192 si
804 3156 865 3193 Sol
898 3157 1044 3191 labatur
1078 3156 1116 3190 in
1145 3155 1283 3194 undas,

323 3222 476 3268 Cumque
500 3227 609 3267 parat
637 3222 741 3256 terris
768 3222 806 3255 in
835 3230 950 3264 aquas
983 3219 1142 3264 miyrare
1172 3216 1326 3256 relictis,

2061 265 2110 303 80

2061 578 2107 616 85

2056 892 2104 931 90

2053 1206 2100 1244 95

2025 1518 2096 1557 100

2025 1832 2093 1871 105

2021 2145 2092 2183 110

2018 2457 2087 2497 115

2016 2769 2086 2808 120

2011 3081 2081 3122 125
