2249 3624
288 135 369 176 484
944 138 1014 176 DE
1044 136 1398 177 DIVINATIONE

289 263 393 289 mus.
451 247 554 285 Nam
597 259 689 285 cum
731 243 925 282 omnibns
964 243 1005 281 in
1046 242 1172 281 rebus
1211 242 1420 281 temeritas
1459 243 1498 281 in
1538 243 1813 284 adsentiendo
1855 259 2054 300 errorque

287 311 420 364 turpis
464 315 544 355 est,
585 314 669 346 tum
714 307 756 344 in
797 318 845 344 eo
885 305 979 343 loco
1023 305 1222 350 maxime,
1265 304 1307 342 in
1341 317 1425 356 quo
1457 304 1729 345 iudicandum
1761 312 1823 345 est
1854 313 2056 359 quantum

286 373 485 426 auspiciis
522 372 732 422 rebusque
774 368 926 406 divinis
964 366 1244 419 religionique
1287 366 1532 405 tribuamus.
1578 367 1653 406 Est
1683 369 1794 407 enim
1825 369 2056 420 periculum

284 449 336 474 ne
377 440 449 473 aut
478 432 678 485 neglectis
709 430 759 469 iis
791 429 919 481 impia
950 428 1096 468 fraude
1128 434 1199 468 aut
1238 429 1443 481 susceptis
1483 428 1584 468 anili
1622 431 1919 482 superstitione
1955 432 2059 471 obli-

251 500 440 550 5gemur.
1144 502 1147 504 “

398 560 445 598 V.
478 557 515 597 8.
559 556 721 604 Quibus
764 553 814 593 de
853 553 976 592 rebus
1019 559 1060 593 et
1099 553 1200 592 alias
1238 566 1363 605 saepe
1404 559 1445 592 et
1487 554 1610 606 paulo
1648 556 1881 595 accuratius
1912 570 2058 610 nuper,

283 636 376 662 cum
409 634 542 660 essem
576 632 667 658 cum
701 617 857 664 Quinto
888 616 1014 655 fratre
1046 616 1087 655 in
1119 616 1379 662 Tusculano,
1419 616 1674 669 disputatum
1707 623 1783 657 est.
1829 618 1932 658 Nam
1966 633 2058 660 cum

282 682 523 725 ambulandi
565 694 688 720 causa
730 681 772 719 in
804 679 984 732 Lyceum
1017 679 1275 718 venissemus
1307 701 1360 706 —
1391 678 1432 717 id
1465 679 1576 718 enim
1608 681 1811 733 superiori
1842 683 2057 735 gymnasio

283 759 436 787 nomen
469 751 530 784 est
561 765 634 789 —-‚
677 742 860 794 Perlegi,
902 742 1040 794 inquit
1071 740 1164 787 ille,
1195 747 1312 781 tuum
1344 741 1469 793 paulo
1501 747 1598 780 ante
1628 744 1795 781 tertium
1827 743 1878 782 de
1910 749 2058 783 natura

231 812 266 840 ⁴0
282 809 476 854 deorum,
522 807 564 845 in
612 819 694 858 quo
735 804 963 856 disputatio
1005 803 1169 850 Cottae,
1211 816 1462 856 quamquam
1503 803 1770 844 labefactavit
1807 807 2056 846 sententiam

281 884 434 917 meam,
467 883 549 908 non
581 867 770 907 funditus
802 872 939 906 tamen
973 866 1152 905 sustulit.
1202 865 1370 918 Optime
1402 878 1523 911 vero,
1555 866 1749 919 inquam:
1780 868 1934 907 etenim
1966 868 2057 920 ipse

282 934 400 973 Cotta
433 933 491 972 sic
523 931 730 983 disputat,
769 934 814 968 ut
846 928 1078 968 Stoicorum
1110 927 1242 980 magis
1274 934 1518 979 argumenta
1549 928 1736 968 confutet
1766 943 1891 982 quam
1920 929 2057 969 homi-

279 1010 378 1035 num
411 995 547 1034 deleat
577 992 838 1044 religionem.
889 992 994 1029 Tum
1028 990 1230 1037 Quintus,
1271 990 1434 1029 Dicitur
1465 991 1637 1043 quidem
1668 991 1797 1039 istuc,
1840 992 1994 1045 inquit,
2034 1006 2058 1032 a

280 1058 398 1097 Cotta
428 1062 468 1096 et
498 1068 598 1095 vero
631 1054 818 1106 saepius,
861 1053 1011 1099 credo,
1050 1066 1102 1091 ne
1135 1053 1376 1092 communia
1407 1053 1496 1092 iura
1530 1054 1705 1105 migrare
1737 1053 1950 1101 videatur,
1982 1054 2056 1094 sed

230 1123 264 1151 >¹5
279 1120 418 1159 studio
442 1123 583 1158 contra
607 1118 771 1156 Stoicos
794 1116 1026 1156 disserendi
1049 1116 1147 1155 deos
1172 1116 1271 1154 mihi
1294 1114 1461 1154 videtur
1479 1115 1670 1155 funditus
1693 1115 1855 1156 tollere.
1894 1115 1932 1156 9.
1956 1117 2056 1158 Eius

278 1182 456 1222 orationi
487 1194 571 1219 non
604 1193 704 1219 sane
737 1178 931 1219 desidero
969 1178 1070 1231 quid
1103 1177 1405 1231 respoudeam;
1438 1179 1538 1217 satis
1571 1179 1681 1218 enim
1705 1178 1876 1218 defensa
1906 1179 2055 1232 religio

278 1250 341 1284 est
372 1245 413 1283 in
446 1242 633 1283 secundo
666 1242 770 1282 libro
803 1255 825 1281 a
857 1241 1043 1287 Lucilio,
1076 1240 1194 1280 cuius
1227 1240 1454 1293 disputatio
1486 1241 1560 1279 tibi
1593 1241 1698 1293 ipsi,
1730 1246 1775 1280 ut
1802 1241 1845 1280 in
1867 1247 2055 1282 extremo

277 1307 399 1347 tertio
431 1306 591 1352 scribis,
623 1304 674 1344 ad
698 1305 916 1344 veritatem
940 1309 1002 1342 est
1023 1303 1113 1342 visa
1134 1303 1396 1356 propensior.
1445 1302 1546 1349 Sed,
1577 1303 1691 1356 quod
1715 1304 2054 1356 praetermissum

277 1375 340 1409 est
376 1370 420 1408 in
460 1369 544 1408 illis
586 1368 703 1407 libris
735 1390 788 1396 —
821 1365 964 1412 credo,
1006 1366 1104 1418 quia
1137 1365 1396 1404 commodius
1428 1365 1651 1405 arbitratus
1685 1380 1728 1405 es
1760 1367 1981 1419 separatim
2012 1365 2055 1406 id

225 1436 262 1464 ‘20
278 1433 425 1486 quaeri
457 1431 595 1485 deque
628 1444 676 1470 eo
711 1429 858 1469 disseri
886 1451 936 1456 —-
960 1427 1002 1467 id
1036 1434 1098 1467 est
1130 1427 1181 1466 de
1213 1427 1492 1474 divinatione,
1526 1442 1631 1480 quae
1654 1434 1716 1468 est
1738 1442 1880 1468 earum
1902 1442 2055 1476 rerum,

276 1508 383 1548 quae
417 1493 610 1533 fortuitae
642 1499 864 1546 putantur,
904 1491 1135 1545 praedictio
1168 1496 1294 1544 atque
1330 1490 1593 1543 praesensio,
1636 1490 1701 1537 id,
1738 1491 1772 1530 si
1805 1491 1961 1545 placet,
1993 1492 2056 1531 vi-

275 1558 446 1597 deamus
488 1570 613 1610 quam
658 1556 809 1595 habeat
839 1555 919 1594 vim
954 1561 994 1593 et
1026 1554 1147 1606 quale
1179 1554 1244 1592 sit.
1294 1553 1383 1606 Ego
1416 1553 1526 1592 enim
1559 1554 1617 1592 sic
1648 1553 1864 1601 existimo,
1906 1555 1940 1594 si
1972 1555 2056 1594 sint

276 1632 324 1659 ea
363 1631 516 1672 genera
548 1618 764 1658 divinandi
797 1630 914 1663 vera,
953 1616 1003 1655 de
1036 1616 1187 1670 quibus
1228 1616 1462 1669 accepimus
1495 1628 1689 1668 quaeque
1722 1615 1918 1664 colimus,
1962 1630 2054 1656 esse

276 1682 398 1729 deos,
431 1681 720 1735 vicissimque,
754 1680 787 1720 si
819 1680 861 1719 di
894 1680 997 1726 sint,
1031 1692 1123 1718 esse
1157 1678 1228 1731 qui
1261 1678 1462 1717 divinent.

224 1748 261 1776 ‘25
389 1745 458 1783 VI.
499 1741 557 1782 10.
591 1746 738 1783 Arcem
769 1749 811 1782 tu
846 1742 1018 1795 quidem
1053 1741 1307 1786 Stoicorum,
1340 1740 1531 1793 inquam,
1565 1740 1741 1788 Quinte,
1773 1741 1986 1789 defendis,
2020 1742 2053 1781 si

276 1809 448 1862 quidem
479 1807 558 1846 ista
591 1807 649 1846 sic
683 1806 1014 1859 reciprocantur,
1057 1810 1101 1843 ut
1133 1809 1194 1849 et,
1235 1803 1267 1842 si
1301 1802 1501 1842 divinatio
1534 1804 1606 1849 sit,
1647 1803 1689 1842 di
1720 1805 1820 1850 sint,
1853 1809 1914 1850 et,
1947 1805 1980 1843 si
2013 1804 2054 1843 di

276 1872 377 1917 sint,
411 1870 462 1909 sit
494 1869 710 1909 divinatio.
764 1868 953 1916 Quorum
984 1873 1179 1906 neutrum
1211 1871 1293 1905 tam
1326 1865 1447 1905 facile
1480 1879 1605 1919 quam
1635 1872 1678 1905 tu
1710 1866 1924 1906 arbitraris
1956 1880 2055 1906 con-

274 1933 448 1973 ceditur.
495 1933 596 1971 Nam
629 1937 669 1971 et
700 1936 848 1971 natura
879 1929 1103 1982 significari
1134 1928 1274 1968 futura
1305 1928 1395 1967 sine
1425 1927 1502 1967 deo
1531 1934 1709 1980 possunt
1731 1934 1791 1976 et,
1824 1934 1870 1968 ut
1891 1930 1972 1969 sint
1997 1930 2052 1977 di,

275 2000 413 2048 potest
453 1994 543 2033 fieri
584 2000 628 2033 ut
668 1994 781 2033 nulla
821 1994 871 2032 ab
911 1994 963 2032 iis
996 1993 1195 2031 divinatio
1229 1990 1371 2043 generi
1403 1990 1587 2030 humano
1621 1991 1773 2030 tributa
1804 1992 1867 2030 sit.
1917 1994 2053 2045 Atque

224 2058 368 2103 30ille,
400 2057 502 2096 Mihi
533 2071 652 2104 vero,
685 2057 841 2110 inquit,
874 2056 974 2095 satis
1007 2061 1069 2094 est
1099 2054 1332 2107 argumenti
1365 2059 1406 2092 et
1437 2067 1527 2092 esse
1551 2053 1653 2093 deos
1677 2060 1716 2094 et
1738 2067 1810 2093 eos
1833 2054 2052 2094 consulere

276 2120 400 2159 rebus
431 2119 645 2167 humanis,
679 2120 788 2173 quod
822 2132 913 2158 esse
946 2118 1054 2157 clara
1087 2123 1125 2157 et
1156 2117 1378 2169 perspicua
1409 2115 1680 2156 divinationis
1712 2129 1866 2168 genera
1895 2116 2052 2156 iudico.

275 2184 336 2222 De
369 2180 525 2236 quibus
558 2183 658 2236 quid
691 2183 779 2236 ipse
812 2182 1010 2227 sentiam,
1053 2181 1086 2220 si
1119 2180 1274 2232 placet,
1316 2192 1545 2231 exponam,
1584 2180 1641 2218 ita
1671 2184 1831 2225 tamen,
1864 2179 1905 2218 si
1930 2191 2053 2218 vacas

276 2246 414 2285 animo
455 2259 595 2298 neque
636 2245 764 2284 habes
805 2244 966 2297 aliquid
1006 2242 1121 2296 quod
1161 2242 1258 2281 huic
1300 2242 1481 2281 sermoni
1529 2241 1878 2294 praevertendum
1917 2249 2053 2296 putes.

278 2306 292 2348 'l
313 2306 342 2347 1.
373 2309 462 2361 Ego
497 2321 612 2355 vero,
654 2308 844 2360 inquam,
889 2305 1199 2359 philosophiae,
1233 2304 1407 2352 Quinte,
1440 2317 1606 2357 semper
1636 2317 1761 2344 vaco:
1803 2305 1883 2345 boc
1914 2310 2052 2345 autem

225 2375 260 2403 35
277 2377 483 2424 tempore,
527 2384 619 2409 cum
653 2371 705 2409 sit
736 2369 839 2408 nibil
871 2368 985 2408 alind
1019 2368 1132 2421 quod
1165 2367 1358 2405 lubenter
1389 2380 1513 2418 agere
1545 2367 1723 2420 possim,
1760 2367 1890 2407 multo
1922 2368 2053 2420 magis

275 2447 378 2473 aveo
416 2433 560 2473 audire
601 2432 652 2472 de
694 2431 950 2471 divinatione
983 2430 1084 2484 quid
1126 2430 1296 2469 sentias.
1349 2429 1479 2475 Nihil,
1524 2429 1680 2481 inquit,
1723 2429 1922 2482 equidem
1953 2430 2053 2469 novi

275 2510 351 2536 noc
383 2495 495 2548 quod
528 2501 691 2547 praeter
722 2500 883 2533 ceteros
915 2493 1004 2546 ipse
1038 2492 1235 2539 sentiam3
1268 2504 1362 2530 nam
1395 2505 1489 2530 cum
1521 2491 1857 2544 antiquissimam
1881 2498 2050 2532 senten-

274 2560 393 2605 tiam,
425 2565 510 2598 tum
543 2558 727 2597 omnium
759 2556 1010 2608 populorum
1042 2561 1083 2594 et
1114 2555 1298 2607 gentium
1325 2567 1534 2593 consensu
1561 2553 1858 2607 conprobatam
1882 2568 2047 2609 sequor.

274 2623 366 2660 Duo
409 2627 503 2660 sunt
544 2620 654 2659 enim
696 2618 910 2658 divinandi
952 2630 1127 2670 genera,
1173 2630 1348 2670 quorum
1389 2616 1566 2656 alterum
1607 2616 1705 2655 artis
1748 2622 1832 2663 est,
1875 2618 2051 2657 alterum

224 2686 460 2723 40naturae.
537 2680 594 2720 12.
636 2681 753 2729 Quae
798 2687 862 2720 est
905 2687 1042 2720 autem
1088 2692 1189 2732 gens
1235 2684 1306 2719 aut
1350 2692 1456 2732 quae
1503 2679 1661 2726 civitas,
1707 2692 1813 2732 quae
1855 2693 1939 2719 non
1980 2685 2053 2720 aut

361 2875 391 2904 3.
419 2875 608 2914 reyionique
632 2874 654 2904 B
676 2891 710 2894 —
738 2872 767 2904 4.
787 2873 836 2903 his
860 2870 896 2902 Β1
919 2890 951 2894 -
979 2872 1009 2902 6.
1029 2872 1197 2910 aliasepae
1212 2874 1239 2903 A
1261 2890 1294 2894 —
1321 2872 1352 2902 7.
1373 2870 1492 2910 Quinlo
1518 2878 1586 2901 om.
1609 2870 1633 2901 H
1654 2887 1689 2892 —
1715 2870 1747 2902 8.
1767 2871 1942 2910 yumnasio
1961 2871 1988 2902 H
2010 2887 2042 2893 --

274 2923 304 2954 9.
332 2925 438 2961 inqui!
464 2924 515 2954 ille
541 2923 746 2954 Lambinus:
775 2923 881 2963 inquil
901 2922 945 2958 H,
977 2922 1027 2952 ille
1051 2922 1158 2960 inquit
1178 2924 1203 2951 A
1220 2921 1300 2951 BV:
1329 2920 1410 2951 illud
1436 2919 1487 2950 ille
1512 2919 1544 2949 in
1569 2920 1764 2959 archetypo
1788 2928 1897 2960 super
1921 2918 2049 2951 lineam

275 2973 412 3004 videtur
445 2973 559 3004 tuisse.
590 2992 623 2996 —
659 2975 710 3004 40.
739 2981 931 3011 qucznquam
962 2972 986 3002 H
1021 2989 1055 2993 —
1089 2972 1140 3001 lt.
1168 2971 1257 3010 ipsae
1282 2971 1307 3001 A
1341 2987 1375 2991 —-
1412 2971 1462 3000 42.
1491 2972 1571 3000 ante
1597 2971 1631 3000 et
1659 2971 1738 3009 post
1761 2972 1850 2999 cotta
1873 2969 1906 3000 in
1930 2969 1954 2999 B
1980 2976 2049 2999 una

275 3022 336 3054 litt.
364 3031 476 3053 erasa.
508 3038 540 3044 —-
570 3027 602 3052 ul
628 3032 697 3053 om.
724 3022 762 3053 13¹
790 3039 822 3043 —-
851 3025 1014 3061 computet
1038 3023 1061 3051 A
1078 3021 1101 3051 B
1118 3020 1145 3049 V
1171 3038 1204 3042 —-
1234 3021 1286 3051 43.
1314 3021 1396 3051 istuc
1420 3021 1549 3059 quidem
1573 3020 1663 3050 coni.
1685 3018 1795 3050 Halm.
1819 3037 1852 3042 —
1881 3018 1933 3050 44.
1958 3027 2048 3049 com-

274 3073 363 3102 mum·
390 3080 408 3101 α
435 3072 505 3102 inre
531 3080 604 3102 exc.
633 3072 719 3103 Pith.
751 3090 783 3093 —
812 3071 864 3103 16.
893 3071 971 3110 quid
995 3071 1042 3101 C:
1071 3071 1157 3108 quod
1183 3071 1319 3102 Ernesti
1345 3073 1379 3101 et
1403 3072 1427 3101 Ο
1449 3087 1483 3092 ——
1512 3070 1563 3101 49.
1591 3069 1792 3100 arbitrantes
1814 3068 1996 3108 separatim
2021 3068 2046 3099 H

275 3138 310 3142 —
331 3122 384 3151 2¹.
412 3121 481 3151 Iam
504 3122 530 3151 si
552 3121 657 3159 placet
682 3125 715 3151 ut
740 3130 854 3151 eamus
879 3122 918 3151 Ηι
938 3137 973 3141 ——
1005 3119 1054 3151 24.
1081 3123 1155 3150 sune
1179 3122 1222 3153 A,
1251 3120 1314 3151 sed
1339 3130 1429 3152 corr.
1451 3129 1502 3161 pr.
1523 3129 1569 3151 m.
1592 3138 1626 3142 —
1654 3120 1707 3151 26.
1733 3120 1786 3150 isti
1803 3119 1830 3150 H
1851 3136 1884 3141 —
1904 3119 1958 3149 27.
1977 3121 2046 3149 lam

273 3179 343 3201 oin.
372 3170 408 3200 [3¹
437 3187 466 3192 —
498 3170 549 3200 29.
576 3171 624 3199 lus
649 3170 684 3200 13¹
712 3187 746 3191 —
779 3170 830 3201 30.
859 3179 911 3201 eos
935 3170 1063 3201 ABH:
1097 3178 1166 3200 om.
1195 3170 1291 3209 &⁷4:70
1320 3189 1353 3194 —
1386 3169 1437 3201 34.
1464 3179 1553 3210 uago
1578 3168 1615 3200 Β1
1643 3188 1676 3191 -
1709 3169 1761 3200 35.
1785 3168 1947 3207 possimus
1971 3167 2045 3198 Mo·—

274 3228 374 3251 serus
400 3228 439 3250 ex
464 3219 566 3250 codd.
586 3220 668 3250 dett.
697 3223 730 3251 et
755 3222 779 3251 O
801 3238 834 3242 —
863 3221 915 3251 36.
943 3220 1042 3251 habeo
1068 3220 1111 3253 C,
1139 3219 1201 3251 sed
1226 3221 1304 3251 abeo
1329 3221 1368 3250 A¹
1387 3236 1421 3241 -—
1451 3219 1564 3259 inquid
1588 3220 1614 3250 A
1636 3235 1670 3241 —
1691 3218 1743 3250 37.
1761 3226 1836 3249 cum
1861 3217 1887 3248 H
1913 3217 1946 3247 in
1972 3224 2041 3247 ras.

278 3285 312 3291 --
339 3268 391 3300 38.
419 3269 497 3310 lum]
524 3272 571 3309 ιο,
594 3272 632 3300 A¹
660 3286 692 3291 —
722 3270 773 3301 39.
799 3279 924 3310 genera
948 3270 1122 3301 diuinandi
1148 3270 1174 3301 H
1202 3287 1237 3292 —
1263 3269 1315 3301 40.
1343 3268 1463 3310 aulem]
1487 3272 1547 3300 aut
1570 3269 1610 3300 H.
