2249 3624
11 3465 23 3624 ——=—„

558 138 646 177 Lm.
677 137 746 176 ΙΙΙ.
789 136 884 176 Cn.
916 134 1173 175 xv—xvl.
1211 130 1269 186 §§
1303 130 1496 173 lio—52.
1824 130 1903 171 4453

152 256 308 306 potest3
354 250 493 303 itaque
533 250 567 289 si
609 250 799 302 voluptas
836 254 906 288 aut
947 248 980 288 si
1022 246 1128 287 bona
1161 248 1353 287 valetudo
1391 247 1442 287 sit
1480 247 1521 286 in
1553 245 1694 293 bonis,
1739 243 1904 284 divitias

152 328 320 368 quoque
353 315 393 353 in
423 312 544 351 bonis
575 326 666 352 esse
700 311 936 365 ponendaS,
977 316 1038 357 at,
1078 311 1112 350 si
1147 311 1350 363 sapientia
1382 310 1536 349 bonum
1567 308 1639 355 sit,
1670 320 1754 348 non
1787 308 1904 360 sequi

152 383 197 416 ut
227 377 349 416 etiam
381 376 543 415 divitias
575 376 729 414 bonum
763 388 853 413 esse
887 374 1092 418 dicaiiuis:
1131 386 1267 425 neque
1298 373 1348 412 ab
1382 372 1465 412 ulla
1498 385 1559 419 re,
1603 383 1710 424 quae
1742 383 1824 409 non
1857 370 1908 408 sit

152 440 192 478 in
224 438 362 484 bonis,
407 438 467 484 id,
514 438 625 491 quod
667 438 717 476 sit
749 438 789 476 in
821 438 961 482 bonis,
1002 436 1205 475 contineri
1239 440 1396 488 potest,
1439 435 1490 474 ob
1523 446 1696 487 eamque
1728 445 1906 478 causam,

152 501 247 553 quia
293 500 554 551 cognitiones
596 500 1023 552 comprensionesque
1067 512 1225 545 rerum,
1267 512 1288 537 e
1328 498 1480 551 quibus
1519 494 1756 536 efliciuntur
1786 501 1940 541 artes,5

151 563 448 616 appetitionem
481 567 667 606 movent,
709 574 799 600 cum
833 561 1000 600 divitiae
1033 575 1113 600 non
1147 562 1228 600 sint
1260 562 1300 600 in
1332 561 1472 607 bonis,
1514 559 1627 599 nulla
1658 572 1722 598 ars
1755 558 1909 597 divitiis

152 624 353 664 contineri
387 629 534 676 potest.
595 621 661 661 50.
696 622 816 669 Quod
841 623 873 661 si
902 624 951 661 de
974 623 1132 662 artibus
1153 623 1448 669 concedamus,
1482 621 1643 662 virtutis
1666 625 1803 659 tamen
1825 633 1909 658 non

150 687 202 726 sit
232 686 375 725 eadem
407 686 526 731 ratio,
559 690 780 738 propterea
804 685 917 737 quod
952 685 1053 724 haee
1078 685 1279 737 plurimae
1303 684 1666 725 commentationis
1689 689 1729 723 et
1750 683 1911 722 exerci-

151 748 318 788 tationis
348 747 551 800 indigeat,
593 747 705 800 quod
738 747 846 786 idem
880 747 922 784 in
954 747 1112 785 artibus
1146 760 1227 785 nou
1261 748 1332 794 sit,
1375 755 1415 787 et
1447 747 1559 801 quod
1591 747 1720 786 virtus
1753 745 1911 785 stabili·

151 816 293 854 tatem.
327 808 580 854 lirmitatem,
614 808 891 848 constantiam
922 808 1052 847 totius
1084 808 1192 847 witae
1224 810 1525 863 complectatur
1547 822 1621 849 nec
1643 808 1745 848 haec
1766 808 1961 848 eademio

150 873 192 912 in
223 873 378 912 artibus
411 885 500 911 esse
531 871 762 910 videamus.

260 936 464 987 Deinceps
497 934 727 987 explicatur
758 932 994 972 differentia
1024 946 1183 980 rerum,
1225 946 1348 987 quam
1388 936 1421 974 si
1454 948 1537 974 non
1570 935 1695 974 ullam
1727 947 1818 973 esse
1851 932 1912 971 di-

150 1011 355 1044 ceremus,
395 996 719 1037 confunderetur
756 995 891 1035 omnis
923 997 1030 1042 vita,
1076 1000 1120 1035 ut
1161 996 1211 1036 ab
1247 997 1462 1045 Aristone,
1504 1011 1640 1051 neque
1677 997 1808 1036 ullum
1848 1008 1913 1035 sa-

149 1061 330 1112 pientiae
384 1073 533 1099 munus
578 1065 648 1099 aut
692 1072 795 1110 opus
846 1058 1123 1106 inveniretur,
1171 1073 1261 1099 cum
1304 1060 1412 1099 inter
1453 1074 1518 1099 res
1573 1074 1663 1107 eas,
1713 1072 1820 1113 quae
1860 1056 1911 1097 ad

150 1124 276 1163 vitam
309 1122 539 1175 degendam
571 1121 844 1175 pertinerent,
887 1120 994 1159 nihil
1025 1122 1193 1161 omnino
1226 1122 1450 1162 interesset
1480 1136 1616 1176 neque
1649 1122 1780 1161 ullum
1812 1120 1914 1160 dile·
1930 1134 1964 1161 15

151 1191 260 1225 ctum
293 1185 477 1224 adhiberi
511 1189 732 1237 oporteret.
792 1184 935 1235 Itaque
974 1196 1066 1222 cum
1108 1189 1218 1224 esset
1249 1184 1348 1223 satis
1380 1185 1671 1231 constitutum,
1703 1183 1747 1222 id
1779 1183 1913 1223 solum

152 1260 243 1288 esse
275 1249 454 1295 bonum,
488 1247 602 1300 quod
632 1247 875 1294 honestum,
909 1251 949 1285 et
980 1246 1020 1285 id
1055 1246 1205 1286 malum
1237 1246 1390 1293 solum,
1424 1248 1537 1300 quod
1569 1252 1703 1300 turpe,
1735 1251 1820 1286 tum
1852 1246 1915 1285 in-

151 1317 213 1350 ter
244 1311 335 1357 illa,
369 1324 475 1363 quae
507 1310 613 1350 nihil
643 1309 827 1349 valerent
857 1308 908 1348 ad
938 1309 1058 1348 beate
1090 1309 1291 1349 misereve
1314 1309 1553 1356 vivendum,
1585 1307 1744 1362 aliquid
1778 1313 1914 1348 tamen

151 1373 263 1426 quod
286 1373 471 1413 differret
503 1386 592 1412 esse
615 1372 852 1418 voluerunt,
883 1376 928 1411 ut
961 1376 1100 1410 essent
1122 1385 1265 1411 eorum
1288 1371 1370 1411 alia
1392 1370 1688 1418 aestimabilia,
1716 1370 1795 1410 alia
1818 1383 1915 1409 con-

151 1442 231 1483 tra,
264 1436 343 1476 alia
367 1441 573 1476 neutrum.
616 1432 681 1474 51.
706 1434 822 1482 Quae
846 1440 983 1474 autem
1007 1434 1266 1474 aestimanda
1288 1440 1440 1481 essent,
1473 1447 1617 1474 eorum
1640 1434 1681 1473 in
1704 1433 1793 1473 aliis
1815 1433 1914 1472 satis
1932 1446 1966 1474 ²20

152 1512 243 1538 esse
276 1512 449 1546 causae,
482 1511 604 1552 quam
637 1498 689 1537 ob
720 1510 805 1536 rem
837 1497 1086 1550 quibusdam
1118 1502 1495 1550 anteponerentur,
1527 1502 1572 1537 ut
1596 1497 1639 1536 in
1661 1497 1915 1542 valetudine,

151 1567 195 1600 ut
226 1561 267 1600 in
301 1561 538 1614 integritate
569 1574 784 1607 sensuum,
816 1560 923 1599 utin
947 1559 1102 1599 doloris
1125 1561 1353 1607 vacuitate,
1386 1565 1431 1599 ut
1451 1559 1629 1612 gloriae,
1663 1559 1915 1605 divitiarum,

152 1623 349 1663 similium
380 1637 540 1671 rerum,
576 1623 657 1663 alia
686 1628 824 1662 autem
856 1636 941 1662 non
973 1636 1064 1662 esse
1096 1623 1185 1662 eius
1217 1623 1352 1669 modi,
1391 1623 1575 1675 itemque
1608 1635 1774 1669 eorum,
1809 1634 1915 1675 quae

152 1685 268 1725 nulla
307 1686 593 1726 aestimatione
632 1685 755 1738 digna
794 1690 950 1732 essent,
994 1685 1141 1738 partim
1174 1685 1272 1725 satis
1304 1685 1458 1725 habere
1490 1698 1663 1732 causae,
1705 1698 1831 1737 quam
1863 1684 1915 1723 ob

153 1761 238 1787 rem
270 1749 546 1796 reicerentur,
577 1754 622 1788 ut
651 1748 861 1795 dolorem,
893 1748 1104 1795 morbum,
1143 1761 1342 1788 sensuum
1374 1749 1663 1796 amissionem,
1696 1753 1966 1802 pauperta-25

153 1815 255 1858 tem,
287 1811 579 1863 ignominiam,
611 1810 763 1850 similia
792 1810 954 1859 horum,
990 1810 1140 1864 partim
1173 1824 1258 1851 non
1289 1811 1403 1851 item.
1464 1810 1572 1850 Hinc
1606 1815 1670 1851 est
1704 1811 1810 1850 illud
1843 1824 1915 1851 ex-

152 1880 306 1920 ortum,
349 1873 463 1928 quod
502 1876 610 1913 Zeno
647 1881 936 1927 προηγμένον,
979 1879 1210 1926 contraque
1242 1873 1356 1927 quod
1392 1874 1753 1929 (220190227„u5v0v
1782 1874 1917 1914 nomi-

152 1937 277 1983 navit,
310 1950 402 1976 cum
432 1940 615 1976 uteretur
656 1937 698 1975 in
735 1936 877 1988 lingua
908 1936 1081 1990 copiosa
1111 1935 1232 1976 factis
1264 1942 1402 1976 tamen
1434 1936 1674 1977 nominibus
1706 1950 1753 1976 ae
1783 1936 1916 1984 novis,

153 1998 264 2051 quod
303 1998 423 2038 nobis
463 1998 506 2037 in
544 1998 619 2038 hac
659 1998 776 2052 inopi
815 1998 958 2051 lingua
996 2012 1079 2038 non
1123 1999 1391 2038 conceditur:
1432 2012 1686 2053 quamquam
1726 2004 1770 2039 tu
1808 1999 1917 2039 hanc

154 2060 428 2112 copiosiorem
470 2060 590 2101 etiam
632 2061 740 2101 soles
783 2060 932 2101 dicere.
1003 2061 1083 2101 Sed
1130 2075 1215 2101 non
1261 2062 1445 2101 alienum
1487 2067 1572 2109 est,
1623 2075 1705 2115 quo
1751 2061 1967 2102 facilius3o

154 2122 214 2161 vis
245 2122 359 2161 verbi
390 2123 665 2177 intellegatur,
697 2123 900 2164 rationem
932 2124 1056 2164 huius
1089 2121 1235 2178 [verbi]
1269 2123 1451 2164 faciendi
1481 2124 1662 2164 Zenonis
1693 2137 1917 2178 exponere.

153 2185 262 2224 xvl.
294 2182 359 2224 5¹2.
392 2186 442 2225 Ut
471 2186 601 2234 enim,
632 2186 790 2240 inquit,
823 2200 946 2226 nemo
981 2186 1082 2226 dicit
1112 2186 1154 2225 in
1187 2186 1302 2239 regia
1331 2199 1471 2238 regem
1502 2187 1640 2239 ipsum
1673 2188 1792 2240 quasi
1821 2201 1917 2240 pro-

155 2245 322 2286 ductum
364 2260 454 2288 esse
493 2248 544 2288 ad
588 2248 831 2302 dignitatem
861 2271 916 2277 —
955 2249 997 2288 id
1042 2254 1104 2289 est
1145 2249 1255 2289 enim
1297 2256 1566 2302 προιῃχαείνον
1597 2270 1670 2296 ——‚
1715 2249 1787 2289 sed
1830 2263 1916 2298 eos,

156 2309 227 2361 qui
259 2310 302 2348 in
334 2310 473 2364 aliquo
503 2312 661 2350 honore
693 2317 809 2359 sunt,
854 2325 1030 2365 quorum
1064 2312 1165 2351 ordo
1197 2312 1385 2365 proxime
1417 2311 1598 2358 aceedit,
1630 2316 1677 2351 ut
1708 2312 1916 2352 secundus

155 2370 229 2418 sit,
259 2372 310 2411 ad
339 2372 496 2425 regium
526 2374 829 2427 principatum,
873 2374 931 2413 sic
962 2375 1005 2413 in
1037 2374 1119 2414 vita
1150 2387 1235 2414 non
1267 2387 1337 2422 ea,
1373 2387 1480 2428 quae
1511 2375 1649 2427 priore
1680 2374 1774 2414 loco
1808 2381 1964 2422 sunt,35

239 2514 269 2544 ⁴.
295 2514 343 2545 ita
364 2514 391 2545 si
413 2514 437 2546 B
465 2514 543 2554 (non
568 2515 604 2554 E)
633 2532 667 2536 —
695 2519 751 2546 stul
776 2514 859 2546 bona
886 2516 966 2555 (oni.
993 2516 1029 2554 si)
1057 2516 1119 2547 BE
1148 2534 1181 2538 -
1215 2517 1245 2547 Ξ.
1273 2515 1317 2557 at]
1343 2519 1402 2547 aut
1425 2516 1528 2548 ABE
1556 2533 1590 2538 —
1617 2516 1647 2547 3.
1673 2517 1718 2558 ul]
1744 2520 1802 2547 aul
1826 2517 1850 2548 E
1879 2535 1913 2539 —

153 2562 183 2594 4.
208 2564 241 2595 in
265 2563 363 2605 bonis]
388 2565 422 2596 in
445 2564 535 2596 nobis
551 2567 578 2597 A
595 2582 630 2587 —-
659 2566 691 2596 id
716 2575 781 2605 qua
805 2566 845 2596 sit
871 2566 903 2596 ιή
927 2566 1017 2596 bonis
1033 2567 1056 2597 Β
1072 2566 1117 2603 Eg
1145 2567 1237 2597 nulla
1261 2576 1318 2597 ars
1335 2567 1459 2597 ‹liuiliis
1474 2569 1498 2597 A
1516 2566 1551 2597 C.
1578 2565 1763 2597 Aberravit
1787 2565 1916 2597 librarii

156 2612 276 2645 oculus
301 2614 345 2645 ad
368 2623 399 2646 v.
427 2615 458 2647 6.
487 2634 522 2638 -
548 2616 579 2646 5.
606 2616 867 2655 εοφιὶίῑοηεεᾳυθ
890 2624 1003 2647 rervm
1028 2616 1051 2647 E
1078 2633 1112 2638 —
1141 2617 1171 2647 G.
1198 2617 1429 2656 appetitionem
1453 2616 1572 2647 ABE:
1600 2616 1811 2656 appetitiones
1834 2616 1858 2647 Ο
1878 2633 1912 2637 -

153 2661 184 2692 8.
209 2664 497 2696 commendationis
520 2668 546 2697 A
562 2683 597 2687 -
619 2667 671 2697 40.
689 2667 914 2706 complectitur
929 2668 952 2697 B
973 2669 1053 2707 (non
1071 2666 1105 2705 Ε)
1130 2684 1161 2688 -
1184 2666 1250 2707 nee]
1270 2675 1307 2697 ne
1332 2667 1354 2696 Β
1371 2667 1394 2697 Ε
1414 2683 1448 2687 -
1478 2666 1529 2696 [12.
1554 2675 1618 2696 non
1641 2666 1746 2696 ullam
1761 2667 1806 2697 A:
1833 2675 1917 2696 non-

152 2711 220 2744 ulla
237 2715 308 2754 (sic)
331 2715 376 2752 E;
401 2725 464 2747 non
490 2716 580 2747 nulla
604 2717 628 2747 B
650 2734 682 2737 ——
713 2716 762 2748 ⁴3.
782 2717 1036 2756 eonfwzderclw·
1059 2719 1083 2748 A
1098 2717 1141 2747 B:
1168 2719 1196 2747 el
1221 2717 1475 2756 consundcrelur
1491 2716 1516 2747 Ο
1537 2733 1570 2737 -
1599 2716 1650 2746 45.
1669 2715 1818 2747 dilectum
1836 2717 1859 2746 A
1873 2715 1915 2745 B:

151 2763 304 2795 delectum
319 2765 386 2797 ΜΟ
406 2783 441 2789 -
462 2767 514 2798 47.
535 2768 621 2807 quod
637 2767 666 2798 h.
687 2768 732 2798 A:
759 2768 846 2808 quod
863 2771 939 2798 esset
955 2768 984 2798 Ιι.
1006 2768 1029 2798 Β
1042 2768 1107 2799 Mo
1128 2785 1162 2789 -
1187 2766 1238 2796 1¹9.
1259 2766 1344 2804 qnod
1360 2766 1506 2804 differret
1522 2766 1544 2795 A
1558 2765 1599 2796 B:
1628 2774 1691 2804 quo
1707 2765 1876 2805 differrent
1892 2764 1916 2795 Ο

154 2830 188 2835 -
205 2813 366 2845 voluerint
389 2815 414 2846 E
434 2833 469 2839 —
495 2816 548 2847 ΞΟ.
571 2817 640 2847 alia
664 2818 827 2858 neum-um]
853 2817 964 2848 aliane
986 2826 1102 2848 uerum
1119 2818 1163 2853 A;
1190 2816 1257 2847 alia.
1276 2819 1491 2853 neutrumque
1507 2815 1531 2844 Β
1551 2832 1587 2837 -
1615 2816 1706 2854 Quae
1721 2816 1767 2846 A:
1793 2824 1854 2853 que
1870 2815 1915 2852 B;

154 2864 306 2904 Quaeque
329 2865 354 2896 Ο
381 2883 415 2886 -
441 2866 495 2898 ⁶22.
521 2870 557 2898 ut
581 2868 613 2898 in
636 2867 695 2899 int.
714 2886 761 2890 -—
777 2871 812 2899 ut
836 2868 867 2899 in
893 2867 970 2907 dol]
1001 2871 1058 2898 aut
1083 2867 1115 2898 in
1140 2867 1195 2897 int.
1216 2884 1260 2888 --
1280 2868 1337 2895 aut
1362 2865 1392 2895 in
1419 2864 1482 2894 dol.
1509 2864 1532 2894 B
1562 2882 1596 2888 —-
1623 2865 1676 2896 ⁶23.
1703 2865 1784 2906 alia]
1809 2865 1866 2896 alii
1891 2866 1915 2895 A

155 2931 190 2936 -—
208 2923 272 2945 non
295 2923 359 2947 esse
382 2924 451 2947 om.
470 2917 496 2947 A
517 2934 551 2938 —
578 2917 632 2948 ⁶26.
651 2926 714 2948 non
739 2918 825 2949 item.
852 2918 935 2948 Hine
950 2916 1190 2956 XVcsenberg:
1217 2925 1293 2947 non.
1321 2915 1398 2946 Ilem
1421 2914 1495 2945 hine
1518 2915 1543 2945 A
1560 2915 1582 2945 B
1598 2915 1642 2951 E;
1670 2924 1752 2947 non:
1779 2916 1918 2955 itemque

151 2961 224 2994 hine
247 2964 272 2995 O
298 2981 333 2987 —
358 2968 403 2996 esc
425 2965 506 2996 illud
529 2966 612 2997 AB:
645 2970 690 2998 es!
714 2967 747 2997 id
772 2967 795 2998 E
811 2967 860 3004 313
888 2975 952 2998 esse
976 2967 1055 2998 illud
1080 2967 1104 2998 O
1131 2984 1164 2987 —
1200 2969 1353 2997 erorlum
1377 2973 1445 2996 om.
1473 2965 1497 2995 B
1514 2964 1538 2995 E
1564 2981 1599 2987 --
1628 2965 1680 2996 27.
1708 2964 1804 3004 quod]
1831 2964 1917 3003 quod

151 3015 197 3043 est
219 3012 244 3044 E
269 3030 304 3035 —
330 3014 412 3046 Zeno
437 3016 678 3060 προηγμένον
702 3025 770 3048 om.
789 3017 813 3047 B
833 3018 913 3055 (non
931 3017 965 3056 Ε)
989 3035 1021 3038 -
1043 3024 1263 3056 ρνοθῃνηεήοη
1291 3016 1333 3051 A}
1358 3022 1553 3054 pereyemon
1576 3014 1602 3045 Ε
1622 3031 1656 3034 -
1683 3022 1918 3053 αρορνοεφησ-

153 3070 215 3092 non
238 3062 352 3103 ABE,
380 3064 438 3104 qui
461 3066 577 3096 omnia
601 3065 709 3096 verba
736 3068 865 3097 Graeca
892 3067 1020 3098 Latinis
1044 3066 1165 3097 litteris
1190 3065 1398 3106 exprimunt.
1422 3082 1455 3086 —
1483 3064 1535 3096 30.
1561 3064 1641 3095 soles
1663 3064 1770 3095 dicere
1793 3064 1856 3095 AB
1872 3063 1914 3094 E:

153 3110 257 3142 dicere
278 3112 358 3143 soles
380 3114 413 3144 M
432 3131 466 3135 —
493 3114 546 3146 34.
571 3115 661 3146 verbi
685 3124 754 3146 om.
776 3118 820 3153 A;
848 3125 912 3147 nos
936 3115 1157 3148 seclusimus
1179 3133 1213 3137 -—
1241 3115 1293 3145 532.
1313 3115 1389 3145 dicit
1412 3117 1447 3144 ut
1470 3114 1502 3144 in
1521 3114 1545 3145 E
1568 3132 1601 3136 —
1628 3113 1680 3144 33.
1708 3114 1740 3144 ic]
1763 3116 1807 3144 esc
1830 3113 1916 3143 enim

153 3160 358 3201 Madvigius:
385 3162 469 3193 idem
494 3163 557 3202 (ἱάἒ
580 3164 617 3203 A)
643 3165 727 3195 enim
751 3168 794 3195 est
819 3165 941 3202 codd.;
978 3166 1008 3195 id
1032 3165 1118 3195 enim
1142 3167 1184 3195 est
1208 3163 1232 3193 Ο
1260 3181 1294 3184 -
1322 3162 1374 3194 34.
1401 3166 1475 3193 sunt
1498 3163 1689 3194 Victorius:
1721 3163 1784 3193 sint
1809 3161 1912 3193 codd.

154 3210 188 3239 et
211 3209 235 3240 O
260 3226 295 3232 —
322 3210 375 3242 35.
400 3212 460 3252 sic,
487 3214 530 3244 ad
549 3214 759 3255 Madvigius:
786 3215 826 3245 sil
850 3216 894 3245 ad
918 3216 942 3245 O
962 3232 996 3236 —-
1025 3216 1068 3246 ad
1093 3222 1228 3254 reynwn
1251 3222 1285 3252 p.
1304 3213 1328 3243 B
1356 3230 1389 3234 —
1417 3213 1457 3243 sit
1481 3221 1520 3243 ea
1544 3213 1575 3243 in
1600 3213 1669 3243 eila
1693 3222 1755 3243 non
1776 3221 1810 3251 Ι),
1833 3211 1913 3250 (om.

153 3259 247 3298 Quae)
272 3260 297 3291 B
323 3277 359 3283 -
382 3262 497 3301 priore
519 3263 636 3296 Klotz:
660 3265 819 3305 primorie
843 3267 867 3296 A
882 3265 906 3296 Β
923 3265 965 3302 C;
988 3264 1154 3304 primario
1179 3264 1222 3301 O;
1248 3262 1448 3303 -ξ-Ρνὶηιανίο
1472 3263 1514 3294 Μ.

223 3319 342 3351 ῦιεειιο
367 3321 400 3353 Τ.
421 3322 470 3356 IV.
1588 3321 1640 3362 1l0
