2249 3624
560 111 648 152 Lm.
679 111 750 151 ΙΙΙ.
792 110 888 151 Cn.
918 111 1178 152 xil—xlv.
1217 108 1276 164 §§
1307 108 1499 151 39—45.
1825 106 1904 147 443

152 229 231 263 tam
271 223 531 276 perspicuum
573 224 736 264 videtur
775 238 896 277 quam
937 223 1011 264 has
1051 224 1279 264 sententias
1311 237 1453 263 eorum
1485 221 1829 275 philosophorum
1861 235 1905 261 re

151 287 258 324 inter
298 298 340 323 se
385 285 514 335 magis
553 301 676 337 quam
709 288 845 326 verbis
877 287 1101 326 dissidere:
1145 287 1342 326 maiorem
1376 285 1504 325 multo
1537 286 1644 324 inter
1675 284 1835 324 Stoicos
1867 289 1907 323 et

150 347 442 400 Peripateticos
476 360 611 387 rerum
645 364 734 388 esse
767 350 832 388 aio
865 351 1183 402 discrepantiam
1208 362 1332 402 quam
1358 349 1600 394 verborum,
1633 348 1787 400 quippe
1811 360 1907 386 cum

152 409 411 461 Peripatetici
443 411 605 456 omma,
639 426 746 464 quae
780 412 855 464 ipsi
889 412 997 450 bona
1028 412 1259 463 appellant,
1298 413 1501 464 pertinere
1534 410 1673 449 dicant
1705 409 1755 449 ad
1788 410 1907 448 beate

152 472 394 517 vivendum,
437 474 565 511 nostri
609 488 691 512 non
733 488 783 513 ex
823 474 958 519 omni,
1001 474 1112 526 quod
1144 475 1433 513 aestimatione
1466 474 1606 526 aliqua
1638 472 1809 524 dignum
1842 472 1940 517 sit,5

151 533 345 586 compleri
378 534 503 574 vitam
536 536 695 575 beatam
730 542 887 588 putent.

262 596 370 634 xllt.
402 593 468 635 42.
509 601 571 638 An
615 612 708 638 vero
752 599 903 637 certius
935 599 1157 651 quiequam
1197 605 1331 652 potest
1371 613 1461 639 esse
1493 612 1615 651 quam
1648 598 1813 638 illorum
1846 610 1908 637 ra-

148 664 277 709 tione,
311 664 382 716 qui
417 663 600 702 dolorem
634 661 672 699 in
707 660 824 698 malis
857 665 1037 711 ponunt,
1070 674 1151 698 non
1184 676 1306 713 posse
1340 662 1571 714 sapientem
1603 662 1767 701 beatum
1802 674 1908 708 esse,

146 738 235 764 cum
268 726 412 764 eculeo
446 726 716 778 torqueatur?
753 723 903 760 Eorum
936 727 1094 768 autem,
1126 724 1197 774 qui
1221 723 1406 762 dolorem
1430 725 1470 762 in
1495 724 1612 763 malis
1634 738 1717 763 non
1740 724 1906 768 habent,

146 788 249 826 ratio
282 794 391 827 certe
425 787 533 839 cogit
565 792 607 824 ut
640 787 679 824 in
713 784 904 823 omnibns
936 786 1154 823 tormentis
1181 792 1450 825 conservetur
1471 787 1589 825 beata
1612 787 1693 825 vita
1715 787 1906 838 sapienti.
1922 795 1957 823 to

145 850 310 889 Etenim
349 851 383 889 si
421 850 586 888 dolores
625 846 793 885 eosdem
835 845 1091 884 tolerabilius
1133 847 1347 898 patiuntur
1378 849 1449 900 qui
1483 849 1699 901 excipiunt
1729 862 1799 888 eos
1832 862 1906 901 pro

146 913 277 964 patria
310 926 433 964 quam
467 911 535 963 qui
568 910 721 948 leviore
754 909 803 946 (le
837 920 979 953 eausa,
1012 908 1152 960 opinio
1185 908 1299 956 sarit,
1333 924 1416 948 non
1449 917 1613 957 natura,
1647 911 1727 950 vim
1751 910 1907 950 doloris

146 980 217 1012 aut
250 975 447 1012 maiorem
479 978 549 1012 aut
581 972 794 1010 minorem.
853 967 919 1008 sili.
951 972 1009 1009 Ne
1042 970 1144 1008 illud
1177 971 1345 1023 quidem
1379 977 1443 1010 est
1465 978 1819 1020 consentaneum,
1852 977 1907 1020 ut,

147 1036 200 1081 si,
233 1050 324 1074 eum
350 1036 426 1075 tria
459 1047 611 1087 genera
650 1034 852 1072 bonorum
894 1033 995 1079 sint,
1041 1046 1148 1085 quae
1189 1034 1398 1073 sententia
1430 1040 1490 1073 est
1522 1036 1908 1087 Peripateticorum,

148 1111 196 1136 eo
239 1098 400 1136 beatior
432 1098 611 1150 quisque
644 1097 714 1142 sit,
756 1109 840 1148 quo
882 1096 934 1134 sit
965 1095 1151 1147 corporis
1183 1101 1252 1134 aut
1283 1096 1467 1135 externis
1498 1096 1620 1136 bonis
1652 1097 1833 1149 plenior,
1865 1103 1958 1136 utt5

149 1160 226 1199 hoe
259 1161 367 1199 idem
400 1158 717 1212 approbandum
750 1158 801 1196 sit
831 1157 963 1203 nobis,
997 1162 1040 1196 ut
1076 1157 1148 1208 qui
1187 1158 1307 1209 plura
1338 1158 1489 1197 habeat
1520 1172 1581 1206 ea,
1614 1173 1722 1212 quae
1754 1160 1797 1198 in
1821 1173 1910 1199 cor-

149 1236 248 1275 pore
282 1224 417 1273 magni
451 1222 742 1266 aestimantur,
775 1221 825 1258 sit
855 1219 1028 1258 beatior.
1088 1219 1152 1258 Illi
1186 1219 1297 1258 enim
1329 1221 1515 1272 corporis
1547 1222 1777 1261 commodis
1800 1236 1911 1262 com-

148 1286 252 1338 pleri
290 1287 415 1324 vitam
454 1284 617 1322 beatam
656 1287 820 1334 putant,
863 1282 989 1321 nostri
1031 1281 1132 1320 nibil
1172 1283 1321 1321 minus.
1374 1284 1476 1321 Nam
1514 1297 1607 1322 cum
1640 1285 1693 1323 ita
1735 1284 1910 1336 placeat,

148 1361 199 1385 ne
231 1361 372 1385 eorum
406 1346 575 1398 quidem
608 1346 832 1390 bonorum,
867 1357 974 1396 quae
1006 1357 1080 1383 nos
1111 1344 1219 1384 bona
1250 1358 1344 1384 vere
1368 1345 1644 1398 appellemus,
1676 1346 1912 1400 frequentia

148 1409 375 1448 beatiorem
422 1409 547 1447 vitam
598 1406 683 1446 lieri
725 1413 795 1446 aut
836 1407 963 1458 magis
1000 1407 1277 1459 expetendam
1318 1413 1388 1446 aut
1427 1408 1557 1460 pluris
1597 1410 1960 1457 aestimandam,20

149 1479 258 1510 certe
290 1472 426 1510 minus
458 1471 509 1509 ad
542 1471 704 1509 beatam
738 1471 859 1509 vitam
893 1470 1074 1521 pertinet
1106 1470 1330 1508 multitudo
1364 1471 1549 1523 corporis
1582 1472 1910 1512 commodorum.

149 1532 215 1573 44.
251 1534 431 1579 Etenim,
478 1535 512 1572 si
550 1538 590 1572 et
632 1546 776 1584 sapere
808 1531 1087 1583 expetendum
1120 1532 1173 1571 sit
1201 1537 1240 1571 et
1263 1532 1426 1579 valere,
1458 1533 1729 1573 coniunctum
1753 1540 1912 1574 utrum-

150 1610 230 1650 que
263 1596 392 1647 magis
424 1595 704 1647 expetendum
738 1595 789 1633 sit
819 1607 939 1647 quam
971 1607 1117 1646 sapere
1150 1594 1304 1641 solum,
1337 1609 1474 1648 neque
1506 1601 1663 1643 tamen,
1695 1597 1729 1636 si
1752 1602 1911 1636 utrum-

153 1672 233 1711 que
265 1659 317 1696 sit
348 1658 633 1696 aestimatione
665 1656 855 1706 dignum,
896 1656 1024 1708 pluris
1056 1657 1107 1696 sit
1138 1658 1405 1697 coniunctum
1438 1671 1562 1711 quam
1594 1672 1741 1711 sapere
1772 1660 1909 1712 ipsum

151 1720 384 1772 separatim.
436 1720 536 1758 Nam
570 1719 639 1771 qui
675 1717 953 1757 valetudinem
985 1719 1273 1758 aestimatione
1305 1720 1447 1772 aliqua
1478 1721 1645 1772 dignam
1676 1722 1909 1762 iudicamus
1923 1733 1959 1762 25

153 1796 286 1834 neque
319 1796 407 1821 eam
439 1788 575 1820 tamen
609 1781 648 1819 in
681 1781 802 1820 lionis
835 1781 1044 1832 ponimus,
1076 1781 1185 1821 idem
1218 1795 1436 1821 censemus
1463 1783 1618 1822 nullam
1642 1797 1732 1823 esse
1755 1789 1909 1824 tantam

152 1845 500 1890 aestimationem,
542 1849 585 1882 ut
628 1856 675 1882 ea
708 1843 846 1882 virtuti
885 1849 1176 1895 anteponatur.
1228 1844 1353 1891 Quod
1385 1844 1494 1883 idem
1529 1845 1796 1898 Peripatetici
1827 1861 1911 1886 non

153 1912 316 1946 tenent:
353 1906 505 1959 quibus
544 1905 765 1944 dicendum
801 1909 880 1952 est,
919 1918 1026 1958 quae
1059 1912 1098 1945 et
1128 1906 1303 1946 honesta
1333 1907 1441 1946 actio
1474 1907 1527 1946 sit
1557 1912 1598 1947 et
1628 1908 1718 1948 sine
1751 1909 1910 1957 dolore,

154 1982 242 2008 eam
283 1968 413 2020 magis
451 1981 541 2007 esse
582 1967 876 2020 expetendam,
917 1981 1041 2020 quam
1080 1968 1114 2007 si
1153 1974 1264 2009 esset
1300 1969 1445 2008 eadem
1488 1970 1595 2009 actio
1627 1984 1720 2010 cum
1753 1970 1909 2011 dolore.

152 2031 279 2070 Nobis
316 2031 436 2069 aliter
472 2028 654 2069 videtur:
698 2035 808 2070 recte
844 2044 1019 2070 secusne
1057 2036 1223 2083 postea,
1260 2030 1334 2071 sed
1376 2036 1569 2084 potestne
1607 2046 1748 2073 rerum
1778 2034 1960 2075 mai0r30

153 2105 243 2132 esse
276 2092 510 2131 dissensio?

263 2154 372 2193 xlv,
404 2151 469 2192 455.
503 2153 554 2193 Ut
584 2155 692 2194 enim
724 2154 970 2194 obscuratur
1001 2160 1041 2195 et
1062 2156 1407 2195 offunditurluce
1430 2156 1530 2196 solis
1553 2157 1693 2197 lumen
1716 2157 1909 2198 lucernae

155 2221 195 2254 et
215 2220 258 2254 ut
279 2215 418 2254 interit
441 2217 480 2255 in
502 2217 782 2268 magnitudine
805 2218 927 2257 maris
945 2219 1100 2270 Aegaei
1123 2219 1234 2258 stilla
1253 2219 1389 2259 mellis
1409 2225 1449 2259 et
1472 2225 1515 2259 ut
1537 2220 1579 2259 in
1599 2220 1752 2260 divitiis
1770 2220 1910 2260 Croesi

156 2277 329 2316 teruncii
361 2279 546 2318 accessio
579 2284 617 2318 et
647 2279 795 2331 gradus
827 2294 935 2319 unus
966 2281 1008 2319 in
1035 2294 1083 2319 ea
1104 2281 1192 2328 via,
1226 2294 1333 2334 quae
1361 2287 1424 2321 est
1445 2282 1542 2321 hinc
1564 2282 1607 2321 in
1630 2283 1804 2330 Indiam,
1836 2283 1909 2330 sic,

157 2352 248 2379 cum
280 2340 331 2378 sit
360 2341 393 2380 is
425 2340 625 2380 bonorum
656 2338 767 2388 linis,
800 2355 925 2394 quem
958 2343 1085 2381 Stoici
1118 2343 1285 2390 dicunt,
1318 2344 1452 2383 omnis
1484 2345 1562 2383 ista
1593 2358 1731 2384 rerum
1762 2358 1959 2399 corpo-35

157 2414 317 2441 rearum
357 2402 589 2442 aestimatio
629 2403 850 2456 splendore
888 2404 1050 2444 virtutis
1089 2410 1130 2444 et
1166 2406 1453 2457 magnitudine
1489 2406 1735 2447 obscuretur
1764 2412 1806 2447 et
1836 2407 1909 2447 ob-

240 2575 269 2606 1.
295 2584 329 2605 re
352 2576 500 2606 interesse
522 2585 564 2606 m.
585 2576 608 2607 Β
628 2593 662 2598 -
690 2576 720 2608 3.
747 2586 813 2608 esse
835 2579 889 2608 aia»
915 2580 938 2609 Α
956 2579 977 2608 Β
994 2579 1017 2609 C
1035 2578 1076 2609 E:
1104 2587 1169 2610 esse
1191 2579 1302 2609 animo
1326 2580 1352 2610 1)
1374 2596 1408 2601 ——
1435 2588 1508 2610 cum
1524 2588 1593 2610 om.
1613 2580 1637 2610 Β
1652 2581 1677 2612 E
1696 2598 1730 2602 —
1758 2582 1789 2613 5.
1808 2582 1913 2612 nostri

150 2634 211 2654 non
237 2634 279 2655 ea:
302 2626 404 2662 omni,
431 2627 515 2664 quod
539 2627 762 2658 aestimatione
788 2629 961 2659 Davisius.
996 2629 1098 2658 nostri
1128 2639 1193 2659 non
1219 2630 1303 2667 qnod
1327 2638 1369 2659 eo
1393 2630 1481 2659 omni
1505 2631 1707 2661 estimatione
1730 2632 1775 2667 A3
1808 2632 1911 2662 nostri

150 2683 231 2705 novo
255 2676 339 2714 quod
362 2685 403 2706 ac
426 2677 514 2707 omni
537 2678 745 2708 estimat-ione
769 2679 811 2715 B;
844 2680 946 2708 nostri
969 2687 1063 2715 reso,
1099 2680 1184 2717 quod
1215 2680 1442 2709 aestimatione
1465 2680 1596 2710 omnino
1621 2682 1645 2711 Ο
1673 2697 1707 2701 -
1743 2681 1772 2712 6,
1796 2685 1912 2720 putent

150 2726 195 2754 A:
220 2728 337 2762 putant
361 2725 403 2761 133
438 2735 502 2756 non
523 2730 635 2764 putent
660 2728 684 2757 O
713 2745 747 2750 —
779 2728 809 2758 7.
836 2728 968 2758 illorum
995 2727 1201 2759 Lambinus:
1228 2729 1283 2759 illo
1308 2731 1352 2759 A:
1388 2728 1444 2758 itta
1469 2729 1504 2759 B.
1537 2728 1585 2759 Cf.
1606 2728 1624 2769 S
1642 2727 1694 2760 48.
1722 2747 1756 2751 —
1785 2731 1836 2761 40.
1863 2732 1912 2761 uti

150 2773 330 2803 nominibus
353 2775 434 2812 AB3
460 2775 508 2805 uti
532 2776 565 2805 in
589 2775 736 2806 omnibus
760 2776 784 2807 O
812 2794 845 2797 —
873 2778 945 2807 uita
970 2776 1065 2808 beata
1089 2778 1112 2808 Β
1132 2795 1167 2798 -
1198 2778 1248 2808 12.
1275 2778 1396 2808 leuiore
1412 2780 1457 2808 A:
1484 2777 1602 2808 leuiori
1625 2779 1660 2810 B.
1688 2780 1737 2811 Cf.
1758 2781 1911 2813 Wesen-

150 2820 235 2861 berg
259 2822 401 2853 observ.
428 2825 516 2855 critt.
543 2826 575 2856 in
608 2834 657 2856 or.
685 2834 716 2866 p.
746 2827 856 2857 Sestio
881 2836 913 2867 p.
942 2827 959 2858 7
987 2830 1019 2858 et
1044 2828 1075 2858 8.
1106 2846 1140 2849 -
1175 2828 1284 2867 opinio
1315 2836 1385 2858 om.
1413 2828 1455 2865 B,
1488 2837 1600 2859 uacuo
1624 2831 1749 2870 spatio.
1778 2849 1813 2853 —
1845 2842 1911 2863 non

150 2875 347 2902 naturarum
370 2874 399 2904 d.
427 2874 450 2904 B
467 2893 509 2897 —
533 2875 584 2906 45.
611 2877 756 2907 easterius
780 2877 803 2906 Β
819 2877 842 2907 Ε
860 2895 901 2898 -
926 2878 977 2908 48.
1003 2877 1122 2917 minus]
1140 2887 1258 2908 vannus
1275 2880 1299 2908 Α
1317 2896 1360 2900 -——
1387 2878 1436 2908 19.
1464 2877 1511 2918 ne]
1536 2882 1572 2909 ut
1596 2880 1618 2910 B
1638 2896 1672 2901 ——
1699 2889 1777 2912 uere
1792 2882 1907 2913 ABC:

150 2920 279 2958 quidem
302 2921 348 2957 D;
380 2926 521 2954 naturae
544 2924 569 2954 O
597 2942 631 2946 —
665 2924 717 2955 ⁶20.
742 2925 766 2964 s.
794 2929 892 2964 atque
920 2927 1027 2966 insulis
1050 2928 1073 2957 B
1107 2945 1141 2949 -—
1173 2928 1226 2958 ⁶22.
1253 2928 1293 2957 sit
1317 2929 1340 2958 Α
1359 2928 1442 2958 ΒΙ);
1475 2936 1544 2958 om.
1571 2929 1635 2960 EO
1662 2946 1696 2951 —
1728 2930 1780 2961 ⁶23.
1806 2931 1910 2962 solum

149 2977 426 3009 neque--quam
454 2981 570 3012 sapere
600 2973 669 3004 om‘.
695 2974 722 3004 D
755 2992 797 2996 —
826 2979 1005 3015 utrumque
1035 2977 1074 3006 sit
1105 2979 1149 3007 At
1182 2980 1357 3015 utrumque
1384 2978 1463 3015 (om.
1489 2978 1540 3016 sit)
1575 2979 1639 3009 ΒΟ
1666 2995 1700 3000 -
1732 2980 1773 3010 25
1811 2989 1909 3020 sepa-

148 3017 249 3047 ratim
272 3020 296 3049 Α
312 3019 392 3050 BD:
418 3026 609 3060 separatum
633 3024 702 3054 Mo
722 3041 756 3045 —
784 3024 836 3055 26.
866 3026 948 3056 idem
972 3028 1017 3057 A:
1045 3027 1123 3057 idest
1148 3028 1189 3062 13;
1217 3027 1313 3057 iidem
1338 3028 1368 3058 M
1384 3028 1408 3058 O
1432 3045 1465 3049 —
1493 3037 1558 3058 esse
1582 3036 1652 3059 om.
1671 3030 1696 3060 Α
1717 3045 1751 3050 -—
1782 3030 1834 3061 28.
1862 3034 1910 3061 le-

149 3070 259 3097 nerent
284 3067 309 3098 D
336 3085 370 3090 —
397 3070 448 3101 30,
471 3072 626 3112 potestne]
650 3077 764 3111 postne
787 3076 811 3104 Α
828 3075 850 3105 Β
873 3093 916 3097 -
940 3075 991 3106 33.
1018 3076 1051 3106 in
1076 3075 1230 3107 Halmius
1257 3075 1345 3114 (coll.
1371 3080 1406 3107 ut
1428 3077 1463 3107 «in
1487 3078 1608 3108 divitiis
1632 3078 1665 3108 et
1689 3086 1721 3109 v,
1748 3077 1788 3110 34
1812 3079 1846 3109 in
1870 3088 1909 3110 ea

148 3117 231 3154 2-ia):
267 3126 335 3149 orn.
362 3120 464 3151 codd.
491 3124 523 3152 et
555 3122 626 3152 MO
654 3139 688 3143 —
722 3123 824 3154 mellis
847 3125 1009 3155 ABCD:
1042 3127 1171 3156 muriae
1195 3126 1219 3155 Ο
1246 3142 1280 3146 -
1315 3135 1371 3156 cro
1402 3127 1475 3156 essit
1507 3136 1542 3157 er
1564 3127 1668 3157 runtii
1697 3128 1743 3164 A;
1777 3129 1909 3159 croessit

150 3166 269 3195 eruntii
284 3167 345 3198 BE
366 3186 400 3191 —
427 3168 479 3200 34.
504 3169 570 3210 cia]
594 3171 663 3202 vita
686 3172 709 3201 Β
724 3172 748 3202 Ε
767 3189 802 3194 -
830 3173 863 3203 in
882 3173 1021 3213 Indiam]
1047 3175 1207 3205 inuidiam
1224 3175 1247 3205 Β
1263 3174 1286 3205 F.
1307 3192 1340 3197 —-
1367 3175 1420 3206 35.
1438 3185 1675 3216 corporearum
1699 3178 1742 3207 G:
1774 3178 1806 3208 in
1830 3187 1907 3208 cor—

146 3222 227 3252 pore
248 3215 366 3248 harum
388 3218 452 3249 AB
467 3219 511 3258 C;
537 3220 571 3250 in
593 3229 729 3260 corpore
750 3223 889 3254 sitarum
913 3224 938 3254 Ο
966 3242 1000 3247 -
1027 3224 1078 3255 36.
1105 3224 1330 3256 aestimatione
1352 3227 1377 3257 A
1394 3226 1418 3257 C
1447 3244 1481 3249 —
1508 3226 1704 3258 obscuratur
1725 3227 1750 3258 B
1765 3227 1800 3258 E.
