2249 3624
565 170 747 209 L1n.111.
789 168 886 208 cst.
909 166 1312 208 xxw—xxvnr
1343 164 1402 218 §§
1424 162 1648 205 fio—402.
1912 161 1994 202 735

224 277 296 319 sed
328 290 439 324 eam,
472 281 518 316 ut
548 289 613 315 res
647 275 854 322 declarat,
896 275 1041 316 falsam
1074 276 1293 315 iudicavit:
1336 287 1441 327 quae
1474 279 1561 314 erat
1593 274 1708 314 talis:
1750 284 1919 311 manere
1951 271 1994 310 in

223 342 376 394 patria,
409 354 500 380 esse
533 339 676 378 domui
708 352 807 378 suae
840 353 929 377 cum
964 353 1117 385 uxore,
1151 353 1241 378 cum
1277 338 1430 384 liberis,
1463 352 1588 389 quam
1621 337 1896 377 calamitatem
1927 348 1994 375 ac-

224 403 410 455 cepisset
450 403 490 441 in
531 402 642 440 bello
684 415 947 440 communem
988 402 1180 441 fortunae
1220 401 1395 440 bellicae
1438 401 1691 440 iudicantem
1724 407 1865 441 tenere
1897 414 1995 440 con-

224 465 374 505 sularis
408 465 619 517 dignitatis
652 465 840 517 gradum.
905 464 1008 511 Quis
1047 465 1150 503 haec
1194 470 1318 514 negat
1348 478 1439 503 esse
1471 464 1615 503 utilia?
1661 478 1785 517 quem
1818 466 1994 504 censes?

222 527 469 579 Magnitudo
513 527 639 566 animi
684 533 725 566 et
764 527 964 567 fortitudo
1006 533 1143 579 negat.
1213 526 1383 565 xxvn.
1426 523 1519 564 loo.
1562 527 1667 565 Num
1700 527 2026 580 locupletiorem

222 589 392 642 quaeris
425 591 644 629 auctores?
696 590 853 629 Harum
886 590 997 629 enim
1031 596 1092 629 est
1123 590 1320 628 virtutum
1344 590 1559 641 proprium
1584 589 1686 628 nihil
1709 590 1996 636 extimescere,

223 652 362 690 omnia
392 651 575 691 humana
608 652 850 704 despicere,
894 652 1001 691 nihil
1044 651 1159 705 quod
1191 652 1352 691 homini
1383 651 1574 691 accidere
1605 653 1737 706 possit
1767 653 1997 692 intoleran-

223 713 321 753 dum
361 719 522 767 putare.
585 715 728 768 ltaque
771 714 872 767 quid
915 714 1042 754 fecit?
1107 716 1148 753 ln
1181 719 1373 753 senatum
1404 714 1531 761 venit,
1564 715 1758 755 mandata
1788 715 1997 768 exposuit,

222 776 472 816 sententiam
504 789 556 815 ne
590 776 751 816 diceret
782 777 1009 823 recusavit,
1046 789 1198 829 «quam
1231 776 1301 815 diu
1334 777 1422 816 iure
1454 778 1631 817 iurando
1661 777 1847 817 hostium
1880 783 1998 817 tene-

221 843 347 885 retur,
380 851 466 878 non
498 851 589 878 esse
622 852 665 878 se
698 844 973 878 senatorem.»
1027 839 1166 891 Atque
1198 838 1300 877 illud
1334 839 1458 878 etiam
1491 862 1542 867 ——
1579 853 1628 879 «o
1661 840 1832 879 stultum
1863 839 1997 880 homi·
2012 848 2047 876 sto

220 913 341 940 nem»
377 899 529 940 dixerit
560 901 769 954 quispiam
804 906 868 940 «et
899 906 1201 954 repugnantem
1224 901 1395 941 utilitati
1417 916 1516 942 suae
1534 904 1571 942 1»
1595 926 1650 931 ——
1670 904 1788 943 reddi
1811 904 1997 957 captivos

222 963 391 1015 negavit
423 976 515 1002 esse
547 963 674 1003 utile:
707 964 804 1003 illos
836 964 947 1003 enim
979 963 1272 1003 adulescentes
1305 977 1397 1004 esse
1430 970 1470 1004 et
1500 965 1632 1005 bonos
1665 965 1807 1013 duces,
1839 979 1883 1006 se
1915 966 1997 1006 iam

223 1026 462 1066 confectum
504 1031 732 1066 senectute.
803 1026 931 1066 Cuius
973 1040 1067 1066 cum
1107 1026 1308 1066 valuisset
1349 1028 1603 1075 auctoritas,
1654 1029 1806 1082 captivi
1846 1028 1997 1068 retenti

223 1094 339 1137 sunt,
381 1090 471 1142 ipse
502 1089 802 1142 Karthaginem
833 1089 981 1137 rediit,
1028 1103 1168 1142 neque
1210 1103 1305 1129 eum
1346 1091 1493 1130 caritas
1526 1091 1684 1144 patriae
1716 1091 1890 1131 retinuit
1921 1104 1998 1131 nec

223 1166 407 1193 suorum.
468 1154 615 1205 Neque
648 1166 746 1192 vero
780 1158 865 1192 tum
897 1153 1116 1205 ignorabat
1147 1166 1190 1192 se
1223 1154 1275 1193 ad
1307 1154 1641 1194 crudelissimum
1672 1155 1836 1195 hostem
1874 1160 1914 1195 et
1945 1154 2049 1194 ad⁴5

224 1216 438 1269 exquisita
469 1216 677 1269 supplicia
708 1214 939 1269 proticisci,
979 1217 1052 1257 sed
1084 1217 1150 1256 ius
1182 1216 1405 1258 iurandum
1441 1219 1776 1259 conservandum
1809 1218 1997 1271 putabat.

223 1279 371 1332 Itaque
402 1285 513 1327 tum,
554 1293 649 1318 cum
691 1279 907 1332 vigilando
948 1280 1198 1327 necabatur,
1239 1285 1327 1320 erat
1365 1281 1408 1320 in
1440 1281 1614 1321 meliore
1647 1294 1771 1321 causa
1805 1293 1933 1334 quam
1965 1279 1998 1319 si

223 1341 337 1381 domi
370 1355 501 1382 senex
531 1343 737 1395 captivus,
779 1343 973 1395 periurus
1005 1343 1239 1383 consularis
1270 1344 1555 1385 remansisset.
1623 1341 1718 1383 1101.
1752 1344 1829 1382 «At
1859 1342 1998 1389 stulte,

223 1406 297 1459 qui
329 1419 411 1446 non
444 1405 568 1445 modo
600 1418 687 1444 non
718 1406 930 1445 censuerit
960 1406 1145 1459 captivos
1178 1406 1474 1453 remittendos,
1506 1420 1650 1446 verum
1681 1406 1805 1446 etiam
1837 1405 2000 1445 dissua-

222 1469 361 1508 serit.»
425 1468 519 1516 Quo
552 1467 677 1507 modo
709 1468 864 1507 stulte?
911 1468 1111 1516 etiamne,
1143 1469 1178 1509 si
1208 1469 1269 1509 rei
1301 1469 1494 1522 publicae
1525 1470 1816 1509 conducebat?
1861 1471 2049 1522 potest20

224 1536 387 1578 autem,
421 1530 535 1583 quod
568 1531 714 1571 inutile
745 1531 805 1570 rei
837 1531 1032 1584 publicae
1063 1531 1138 1578 sit,
1170 1532 1211 1571 id
1245 1532 1443 1585 cuiquam
1475 1532 1556 1572 civi
1588 1532 1690 1572 utile
1723 1533 1845 1572 esse?

336 1593 528 1634 XXVIII.
577 1594 826 1634 Pervertunt
864 1594 1058 1634 homines
1098 1607 1166 1641 ea,
1209 1608 1316 1648 quae
1358 1600 1455 1635 sunt
1497 1583 1787 1635 fundamenta·
1811 1597 1998 1641 naturae,

223 1669 317 1696 cum
357 1656 578 1696 utilitatem
619 1657 670 1696 ab
710 1657 932 1697 honestate
975 1658 1213 1710 seiungunt.
1285 1658 1441 1698 Omnes
1474 1659 1584 1698 enim
1615 1657 1855 1711 expetimus
1885 1656 1999 1696 utili-

223 1723 349 1758 tatem
381 1718 433 1758 ad
466 1732 644 1772 eamque
674 1720 862 1772 rapimur
893 1733 970 1759 nec
1000 1719 1137 1759 facere
1169 1720 1292 1760 aliter
1322 1720 1409 1760 ullo
1442 1720 1565 1760 modo
1597 1733 1834 1773 possumus.
1894 1720 1998 1758 Nam

224 1781 318 1833 quis
351 1786 413 1820 est
444 1781 515 1833 qui
546 1781 666 1821 utilia
697 1781 858 1834 fugiat?
890 1788 960 1822 aut
992 1784 1084 1836 quis
1116 1783 1257 1835 potius
1289 1783 1362 1836 qui
1395 1796 1445 1822 ea
1467 1796 1551 1822 non
1573 1782 1882 1822 studiosissime
1905 1794 1998 1835 per·
2012 1786 2048 1814 25

224 1846 452 1896 sequatur?
513 1843 595 1883 Sed
637 1844 736 1897 quia
774 1858 980 1897 nusquam
1021 1859 1246 1898 possumus
1279 1845 1359 1884 nisi
1391 1845 1433 1884 in
1464 1845 1609 1892 laude,
1653 1844 1828 1891 decore,
1868 1844 2000 1884 hone-

224 1910 330 1945 state
361 1905 481 1945 utilia
512 1906 721 1959 reperire,
762 1913 984 1960 propterea
1016 1908 1088 1947 illa
1119 1908 1252 1960 prima
1284 1912 1324 1946 et
1355 1921 1517 1947 summa
1546 1907 1772 1954 habemus,
1804 1906 1998 1947 utilitatis

224 1981 378 2008 nomen
417 1982 501 2009 non
543 1974 626 2008 tam
669 1970 937 2023 splendidum
979 1983 1105 2023 quam
1146 1970 1429 2010 necessarium
1470 1969 1677 2009 ducimus.
1747 1966 1842 2008 1102.
1886 1967 1999 2015 Quid

225 2036 286 2070 est
316 2031 463 2083 igitur,
496 2030 651 2070 dixerit
683 2031 804 2084 quis,
836 2032 881 2070 in
913 2032 1004 2072 iure
1036 2033 1241 2072 iurando?
1295 2033 1401 2072 Num
1432 2032 1584 2072 iratum
1615 2034 1808 2072 timemus
1829 2032 1999 2071 Iovem?

224 2094 276 2133 At
305 2093 385 2133 hoc
417 2094 589 2147 quidem
621 2107 843 2134 commune
875 2099 939 2134 est
969 2094 1159 2134 omnium
1191 2094 1560 2147 philosophorum,
1583 2109 1666 2135 non
1689 2108 1836 2135 eorum
1860 2091 1999 2140 modo,
2014 2099 2050 2128 30

225 2156 297 2208 qui
329 2156 453 2195 deum
485 2156 588 2196 nihil
619 2157 774 2197 babere
806 2158 942 2210 ipsum
974 2158 1134 2209 negotii
1167 2156 1336 2204 dicunt,
1376 2157 1481 2196 nihil
1514 2157 1714 2197 exhibere
1746 2156 1886 2203 alteri,
1926 2155 1999 2196 sed

224 2232 368 2258 eorum
400 2219 540 2266 etiam,
573 2220 645 2272 qui
676 2219 801 2259 deum
833 2234 998 2273 semper
1028 2232 1151 2272 agere
1173 2218 1337 2272 aliquid
1360 2224 1399 2258 et
1422 2219 1560 2258 moliri
1582 2220 1748 2268 volunt,
1772 2231 2000 2271 numquam

224 2293 302 2320 nec
333 2281 457 2321 irasci
489 2282 612 2321 deum
652 2296 729 2322 nec
760 2296 925 2323 nocere.
988 2282 1100 2330 Quid
1142 2286 1282 2321 autem
1323 2281 1452 2321 iratus
1481 2282 1672 2335 Iuppiter
1714 2282 1806 2334 plus
1846 2293 1999 2321 nocere

225 2344 431 2395 potuisset
463 2358 588 2398 quam
620 2345 765 2385 nocuit
796 2346 875 2385 sibi
907 2346 997 2398 ipse
1020 2344 1234 2396 Regulus?
1284 2344 1407 2383 Nulla
1435 2345 1564 2397 igitur
1585 2345 1645 2384 vis
1666 2344 1746 2384 fuit
1766 2344 2000 2397 religionis,

227 2417 335 2458 quae
378 2410 535 2447 tantam
574 2408 799 2448 utilitatem
839 2413 1111 2461 perverteret.
1170 2408 1235 2446 An
1275 2420 1328 2446 ne
1367 2407 1544 2460 turpiter
1573 2406 1756 2446 faceret?
1816 2407 2049 2446 Primum-21⁵

231 2467 429 2508 «minima
468 2469 519 2509 de
551 2470 712 2510 malis.»
774 2472 880 2510 Num
923 2471 1048 2523 igitur
1089 2474 1249 2510 tantum
1290 2470 1388 2509 mali
1430 2469 1645 2523 turpitudo
1684 2469 1766 2509 ista
1803 2466 1999 2516 habebat,

228 2536 432 2583 quantum
463 2532 535 2573 ille
567 2533 809 2574 cruciatus?
858 2533 1022 2573 Deinde
1053 2532 1157 2573 illud
1189 2532 1315 2573 etiam
1347 2533 1458 2585 apud
1487 2533 1673 2580 Accium,

915 2645 969 2651 -—
1027 2642 1082 2649 —
1140 2643 1193 2648 ——
1252 2620 1513 2674 Fregistin
1553 2618 1744 2659 fidem?

450 2683 623 2736 Neque
664 2682 781 2722 dedi
821 2696 990 2737 neque
1031 2684 1092 2723 do
1131 2682 1340 2723 infideli
1383 2683 1619 2735 cuiquam

316 2864 346 2894 ⁴.
372 2863 427 2894 sed
450 2872 489 2895 ea
511 2868 547 2896 ut
571 2865 595 2896 B
626 2883 661 2889 —
687 2866 719 2896 ⁶2.
745 2865 856 2896 domui
881 2865 941 2897 AB
958 2866 1072 2897 Hab:
1100 2866 1187 2897 domi
1212 2873 1274 2897 co.
1313 2864 1389 2895 vid.
1417 2864 1493 2895 Otto
1519 2862 1561 2893 ad
1579 2862 1685 2893 Taciti
1703 2863 1791 2892 Ann.
1817 2860 1943 2902 p.⁶.’.48.
1961 2878 1997 2882 —

227 2920 284 2944 sue
307 2913 341 2944 in
365 2920 383 2944 c
408 2916 625 2954 expunctum
650 2917 715 2946 est.
743 2932 778 2937 -
807 2915 837 2946 4.
863 2919 963 2956 negat
986 2917 1091 2947 ΑΒΗ
1108 2916 1179 2947 ab:
1207 2918 1300 2955 neget
1325 2922 1342 2945 c
1358 2923 1376 2945 o
1405 2931 1439 2935 —
1479 2914 1511 2943 5.
1536 2912 1626 2942 Num
1650 2914 1726 2942 Ac:
1751 2912 1840 2942 Nam
1864 2911 1888 2942 B
1904 2911 1999 2942 llab

230 2979 265 2984 -—
293 2962 323 2993 6.
351 2964 498 2994 auctoris
522 2966 549 2996 ll
589 2983 624 2988 —
663 2968 707 2997 est
728 2967 904 3005 proprium
930 2967 1090 2997 uirtutum
1117 2968 1164 2998 11:
1190 2967 1355 2996 uirtutum
1378 2968 1422 2995 est
1443 2963 1618 3003 propt-ium
1642 2970 1660 2992 o
1687 2979 1721 2983 —
1759 2962 1860 2993 nichil
1882 2961 2000 2992 existi-

227 3020 368 3044 mescere
391 3020 413 3045 a
441 3031 472 3036 —
503 3016 555 3046 40.
581 3024 613 3046 se
638 3024 707 3046 om.
727 3015 787 3046 Ab
816 3031 850 3037 —
879 3016 930 3047 43.
957 3016 1130 3057 senectute]
1156 3017 1245 3047 senio
1270 3018 1294 3046 A
1323 3033 1357 3037 —
1387 3013 1437 3044 1¹4.
1461 3013 1572 3052 patrie
1596 3012 1720 3043 caritas
1744 3020 1762 3044 c
1790 3030 1824 3034 —
1853 3012 1905 3042 47.
1932 3014 2001 3042 tum

228 3061 366 3100 inquam
388 3071 463 3093 cum
488 3071 505 3094 e
544 3081 578 3086 -—
616 3064 800 3104 iuqulando
826 3066 851 3095 A
879 3082 913 3086 —
947 3065 1000 3096 ⁶20.
1026 3066 1120 3096 stulte
1144 3066 1196 3096 lib.
1224 3066 1245 3096 ι’,
1274 3066 1308 3095 lt.
1335 3066 1367 3095 1¹.
1396 3062 1620 3094 conducebat?
1650 3065 1755 3101 potest
1779 3065 1890 3093 autem
1914 3060 2001 3100 quod

228 3112 278 3142 rei
298 3111 448 3150 publicae
471 3114 586 3146 inutile
608 3115 660 3152 sic,
686 3114 719 3144 id
743 3115 900 3153 cuiquam
923 3114 966 3145 ibi
989 3116 1067 3146 utile
1091 3124 1155 3147 esse
1180 3116 1309 3146 Nonius
1336 3123 1368 3154 p.
1385 3113 1460 3145 274.
1501 3131 1535 3135 —
1574 3112 1628 3143 ⁶22.
1652 3112 1796 3151 fundata
1822 3114 1948 3141 natura
1982 3116 2001 3139 0

232 3176 268 3182 -
296 3161 348 3191 25.
375 3165 433 3192 aut
454 3164 562 3202 potius
586 3165 659 3202 quis
683 3167 727 3195 est
752 3165 806 3203 qui
831 3173 870 3195 ea
892 3174 956 3195 non
982 3173 1000 3196 c
1032 3182 1066 3187 —
1102 3166 1155 3197 ¹27.
1181 3165 1350 3204 repperire
1374 3164 1396 3194 B
1414 3164 1440 3194 H
1468 3181 1503 3185 —-
1528 3163 1642 3202 prima
1665 3163 1708 3193 C:
1735 3165 1764 3193 et
1785 3161 1899 3200 prima
1924 3167 1942 3189 ο
1963 3175 1998 3180 -

231 3208 284 3240 31.
310 3210 421 3242 dicunt
444 3212 523 3243 ΑΒ2
536 3214 563 3245 H
582 3214 686 3245 abc:
724 3214 861 3244 trahunt
885 3214 940 3251 B¹;
969 3216 1105 3255 [dicunt]
1131 3224 1149 3246 ο
1189 3233 1222 3236 —
1262 3214 1313 3245 33.
1340 3215 1460 3252 iupiter
1483 3214 1535 3243 bc
1573 3228 1608 3234 —
1648 3212 1700 3244 35.
1725 3212 1929 3252 peruerteret
1954 3210 1996 3240 C:

230 3264 455 3298 praeverteret
478 3270 496 3294 0
525 3281 559 3285 -
587 3263 638 3294 36.
664 3263 763 3304 Num]
788 3265 859 3294 Xon
887 3265 911 3296 C
940 3283 974 3287 --
1000 3265 1135 3297 habebat
1161 3273 1197 3295 c:
1223 3263 1351 3295 habebit
1373 3265 1400 3294 Α
1416 3264 1438 3294 Β
1454 3263 1549 3294 Hab
1579 3280 1612 3287 -
1647 3262 1700 3293 37.
1727 3262 1853 3293 actium
1875 3261 1937 3292 Ba
1962 3275 1997 3280 —

233 3308 286 3340 38.
310 3309 480 3350 fregisline
502 3312 694 3352 A1311ab3
721 3314 848 3354 fregisti
872 3322 902 3345 0.
