2249 3624
309 136 391 180 394
945 138 1014 177 DE
1045 136 1270 178 DEORUM
1297 137 1514 178 NATURA

309 245 626 300 philosophiae,
656 242 805 282 Latino
836 243 964 283 verbo
994 249 1138 290 utens,
1170 257 1355 283 scurram
1379 244 1560 284 Atticum
1585 242 1716 285 fuisse
1738 244 1915 294 dicebat,
1948 247 2076 302 Chry-

309 310 475 361 sippum
506 319 732 359 numquam
762 306 843 345 nisi
875 306 1150 360 Chrysippam
1174 306 1361 346 vocabat.
1411 305 1478 346 94.
1501 308 1563 346 Tu
1584 309 1673 360 ipse
1696 308 1821 362 paulo
1843 315 1951 357 ante,
1983 323 2076 350 cum

308 376 521 423 tamquam
553 374 743 408 senatum
773 367 1120 421 philosophorum
1150 369 1370 416 recitares,
1405 383 1588 410 summos
1619 372 1730 410 viros
1762 371 1974 423 desipere,
2007 373 2079 412 de-

309 433 449 478 lirare,
492 430 697 469 dementis
729 444 820 470 esse
853 431 1035 470 dicebas.
1098 431 1287 479 Quorum
1321 432 1354 470 si
1385 445 1508 471 nemo
1540 446 1683 472 verum
1715 433 1819 473 vidit
1849 433 1900 473 de
1931 439 2080 474 natura

276 495 500 540 5deorum,
531 492 759 532 verendum
790 498 854 532 est
890 506 943 532 ne
973 492 1088 531 nulla
1114 493 1166 532 sit
1195 493 1380 532 omnino.
1426 494 1528 533 Nam
1562 494 1660 541 ista,
1693 507 1801 547 quae
1833 509 1908 536 vos
1930 496 2080 544 dicitis,

308 562 406 597 sunt
444 560 531 595 tota
571 555 884 602 commenticia,
928 555 997 593 vix
1029 554 1153 606 digna
1195 554 1482 594 lucubratione
1515 557 1800 606 anicularum3
1844 572 1928 598 non
1970 559 2082 598 enim

308 618 493 665 sentitis,
534 630 659 670 quam
698 616 827 656 multa
859 614 978 656 vobis
1011 615 1279 669 suscipienda
1309 617 1413 663 sint,
1454 618 1487 657 si
1519 618 1772 671 inpetraritis
1803 627 1850 660 ut
1880 622 2083 660 conceda-

307 694 398 722 mus
430 680 606 720 eandem
637 680 850 718 hominum
883 691 974 718 esse
1007 684 1045 717 et
1078 679 1251 718 deorum
1283 676 1470 731 figuram.
1523 679 1668 719 Omnis
1701 681 1833 721 cultus
1860 688 1900 722 et
1922 682 2080 722 curatio

308 742 491 796 corporis
527 742 604 781 erit
645 740 791 780 eadem
823 740 1062 780 adhibenda
1093 741 1192 786 de0,
1237 754 1344 793 quae
1376 741 1599 781 adhibetur
1629 743 1816 791 homini3
1855 744 2081 797 ingressus,

256 815 292 844 »10
307 817 474 851 cursus,
506 803 726 850 accubitio,
757 802 993 849 inclinatio,
1035 804 1190 850 sessio,
1232 805 1564 855 conprehensio,
1607 805 1658 843 ad
1692 811 1925 845 extremum
1957 807 2080 845 etiam

307 879 442 907 sermo
479 871 520 905 et
560 865 706 905 oratio.
767 863 832 904 95.
874 866 977 904 Nam
1018 865 1129 918 quod
1165 871 1204 905 et
1241 867 1365 905 maris
1398 868 1498 906 deos
1531 873 1569 906 et
1599 867 1775 908 feminas
1808 882 1899 908 esse
1931 868 2081 915 dicitis,

307 930 408 983 quid
442 933 642 981 sequatur
672 928 838 967 videtis.
885 928 1090 981 Equidem
1123 929 1263 967 mirari
1295 930 1392 968 satis
1425 943 1509 968 non
1542 944 1737 982 possum,
1769 932 1879 971 unde
1909 931 1959 970 ad
1981 932 2081 970 istas

306 992 528 1045 opiniones
568 996 707 1030 vester
746 991 815 1030 ille
858 991 1053 1043 princeps
1095 991 1267 1029 venerit.
1320 991 1399 1030 Sed
1439 991 1618 1031 clamare
1649 1005 1732 1031 non
1765 991 1953 1034 desinitis
1984 993 2084 1033 reti-

304 1054 487 1094 nendum
518 1053 599 1092 hoc
631 1066 741 1100 esse,
774 1054 876 1092 deus
909 1059 954 1092 ut
982 1053 1130 1092 beatus
1163 1053 1480 1106 inmortalisque
1512 1055 1576 1093 sit.
1630 1055 1741 1102 Quid
1773 1061 1910 1095 autem
1933 1055 2082 1105 obstat,

255 1127 290 1156 1¹5
307 1130 390 1170 quo
423 1116 561 1155 minus
593 1116 648 1155 sit
678 1115 840 1162 beatus,
873 1116 906 1155 si
939 1129 1021 1154 non
1054 1115 1106 1154 sit
1136 1115 1287 1168 bipes?
1319 1122 1388 1154 aut
1421 1117 1525 1163 ista,
1557 1117 1643 1157 sive
1678 1117 1853 1158 beatitas
1875 1120 1963 1159 sive
1986 1119 2084 1159 bea-

304 1178 437 1219 titudo
470 1178 649 1218 dicenda
681 1184 743 1217 est
764 1201 817 1205 —
840 1184 1062 1231 utrumque
1096 1179 1263 1218 omnino
1297 1178 1459 1225 durum,
1493 1180 1564 1219 sed
1599 1194 1676 1219 usu
1710 1180 1936 1221 mollienda
1963 1181 2083 1221 nobis

304 1240 429 1280 verba
461 1246 557 1280 sunt
578 1264 650 1287 —,
692 1254 834 1280 verum
868 1253 938 1287 ea,
972 1254 1265 1294 quaecumque
1298 1247 1379 1289 est,
1419 1256 1492 1281 cur
1522 1249 1592 1282 aut
1623 1243 1664 1282 in
1699 1243 1827 1283 solem
1860 1243 1978 1282 illum
2012 1249 2084 1283 aut

303 1305 345 1344 in
385 1304 497 1344 hunc
538 1303 736 1342 mundum
781 1309 850 1342 aut
888 1303 931 1342 in
962 1304 1145 1357 aliquam
1180 1310 1359 1343 mentem
1391 1311 1604 1345 aeternam
1636 1306 1769 1358 figura
1800 1306 2083 1358 membrisque

304 1368 491 1421 corporis
530 1379 701 1406 vacuam
745 1366 894 1406 cadere
931 1380 1014 1405 non
1055 1369 1224 1418 potest?
1285 1365 1350 1405 96.
1382 1368 1491 1407 Nihil
1524 1369 1636 1407 aliud
1671 1369 1773 1408 dicis
1804 1368 1913 1407 nisi:
1957 1369 2084 1408 Num-

253 1439 430 1483 20quam
472 1429 557 1468 vidi
600 1429 731 1469 solem
771 1436 839 1469 aut
880 1431 1081 1470 mundum
1123 1431 1304 1470 beatum.
1356 1430 1499 1478 Quid?
1540 1432 1740 1470 mundum
1774 1437 1939 1484 praeter
1968 1431 2083 1471 hunc

302 1505 561 1545 umquamne
592 1493 766 1532 vidisti?
800 1493 992 1545 Negabis.
1042 1493 1122 1532 Cur
1152 1492 1278 1545 igitur
1309 1507 1390 1532 non
1425 1500 1615 1533 sescenta
1646 1494 1758 1533 milia
1791 1507 1882 1533 esse
1906 1493 2083 1533 mundo-

303 1568 414 1601 rum,
447 1555 517 1594 sed
550 1555 871 1595 innumerabilia
903 1569 1028 1595 ausus
1062 1569 1105 1595 es
1128 1555 1298 1595 dicere?
1346 1555 1463 1595 Ratio
1487 1555 1639 1595 docuit.
1679 1557 1788 1608 Ergo
1814 1555 1893 1596 hoc
1915 1561 1954 1595 te
1976 1557 2082 1597 ratio

304 1630 387 1657 non
428 1617 614 1664 docebit,
655 1631 747 1656 cum
791 1618 1148 1670 praestantissima
1188 1624 1332 1657 natura
1367 1624 1592 1670 quaeratur
1623 1632 1756 1671 eaque
1789 1620 1908 1658 beata
1940 1624 1980 1658 ct
2010 1632 2080 1659 ae-

303 1685 442 1727 terna,
475 1692 581 1733 quae
614 1681 703 1720 sola
735 1680 875 1719 divina
906 1686 1057 1719 natura
1089 1687 1169 1727 est,
1200 1686 1245 1719 ut
1276 1681 1576 1720 inmortalitate
1609 1681 1825 1720 vincamur
1855 1682 1906 1720 ab
1939 1695 1987 1721 ea
2009 1695 2082 1721 na-

253 1751 290 1781 25
306 1748 417 1789 tura,
457 1743 516 1782 sic
553 1744 680 1782 animi
723 1744 976 1795 praestantia
1008 1744 1137 1788 vinci,
1181 1750 1305 1795 atque
1337 1749 1380 1782 ut
1413 1743 1563 1789 animi,
1604 1743 1703 1781 item
1736 1744 1954 1796 corporis?
1999 1744 2084 1783 Cur

302 1805 447 1857 igitur,
480 1818 573 1844 cum
607 1806 754 1845 ceteris
786 1805 911 1845 rebus
943 1805 1160 1844 inferiores
1193 1805 1346 1851 simus,
1379 1805 1512 1844 forma
1542 1819 1660 1859 pares
1684 1808 1860 1844 sumus?
1892 1806 1943 1845 ad
1966 1806 2082 1845 simi-

302 1867 523 1906 litudinem
571 1868 678 1907 enim
732 1867 811 1907 deo
870 1868 1043 1920 propius
1089 1867 1315 1907 accedebat
1359 1867 1542 1907 humana
1590 1868 1718 1907 virtus
1766 1881 1891 1921 quam
1936 1865 2081 1921 figura.

302 1929 474 1969 XXXV.
507 1928 573 1969 97.
605 1933 667 1969 An
700 1931 922 1983 quicquam
957 1937 1037 1969 tam
1072 1930 1230 1983 puerile
1254 1930 1334 1969 dici
1369 1936 1527 1982 potest,
1560 1936 1604 1970 ut
1627 1932 1806 1970 eundem
1829 1931 1967 1970 locum
1992 1930 2082 1971 diu-

303 1993 386 2031 tius
418 2005 608 2044 urgeam,
645 2006 769 2046 quam
803 1993 835 2031 si
869 2006 917 2032 ea
948 2005 1101 2045 genera
1132 1993 1368 2039 beluarum,
1403 2006 1510 2046 quae
1543 1994 1582 2032 in
1616 1993 1742 2031 rubro
1775 1994 1878 2032 mari
1911 1992 2082 2033 ludiave

252 2054 543 2107 3ogignantur,
584 2055 699 2094 nulla
740 2069 831 2094 esse
875 2055 1088 2095 dicamus?
1134 2055 1261 2108 Atqui
1294 2069 1345 2094 ne
1379 2055 1656 2094 curiosissimi
1689 2054 1858 2107 quidem
1889 2054 2080 2095 homines

304 2117 565 2170 exquirendo
605 2117 751 2157 audire
796 2123 878 2157 tam
920 2118 1047 2157 multa
1090 2124 1287 2170 possunt,
1335 2131 1457 2170 quan]
1497 2123 1591 2156 sunt
1624 2117 1772 2163 multa,
1818 2130 1927 2170 quae
1960 2123 2082 2164 terra,

303 2179 425 2225 mari,
467 2179 712 2231 paludibus,
752 2178 993 2219 fluminibus
1026 2181 1258 2219 exsistunt:
1309 2193 1416 2232 quae
1450 2192 1650 2231 negemus
1682 2192 1796 2225 esse,
1836 2180 1933 2232 quia
1964 2194 2083 2219 num-

304 2254 428 2295 quam
462 2241 675 2281 vidimus?
719 2241 809 2295 Ipsa
841 2256 939 2281 vero
973 2255 1096 2294 quam
1128 2241 1230 2281 nihil
1253 2242 1303 2281 ad
1329 2256 1413 2280 rem
1440 2242 1638 2293 pertinet,
1672 2255 1779 2294 quae
1804 2254 1875 2280 vos
1900 2241 2082 2281 delectat

305 2305 504 2350 maxime,
536 2305 788 2344 similitudo!
839 2306 979 2353 Quid?
1012 2306 1126 2344 canis
1158 2318 1298 2344 nonne
1321 2305 1470 2343 similis
1493 2305 1625 2356 lupo?
1658 2311 1804 2357 atque,
1838 2309 1883 2342 ut
1903 2303 2079 2351 Ennius,

256 2376 292 2406 35
475 2367 635 2406 Simia
667 2380 818 2419 quam
852 2367 1435 2420 similis,'turpissuma
1466 2367 1661 2412 bestia,
1695 2366 1870 2406 nobis!

304 2434 345 2469 at
375 2441 512 2468 mores
543 2430 585 2469 in
616 2435 797 2483 utroque
821 2430 1023 2482 dispares.
1069 2430 1305 2482 Elephanto
1337 2429 1554 2469 beluarum
1586 2428 1700 2469 nulla
1726 2428 1996 2482 prudentior:
2028 2429 2080 2468 ad

303 2488 475 2543 figuram
509 2505 617 2545 quae
639 2492 824 2531 vastior?
885 2490 952 2529 98.
987 2493 1046 2531 De
1070 2492 1214 2531 bestiis
1236 2491 1401 2545 loquor.
1450 2491 1593 2539 Quid?
1625 2491 1734 2531 inter
1755 2492 1868 2545 ipsos
1892 2490 2081 2531 homines

304 2566 445 2592 nonne
486 2559 525 2593 et
565 2555 787 2594 simillimis
828 2554 975 2594 formis
1015 2555 1201 2608 dispares
1244 2567 1378 2594 mores
1411 2559 1451 2593 et
1481 2554 1666 2593 moribus
1698 2554 1918 2593 simillimis
1949 2551 2082 2606 figura

392 2714 422 2744 4.
445 2714 544 2752 fuisse
567 2712 703 2753 dicebat]
730 2711 852 2743 ηόαὸαί
870 2713 1111 2753 (nominabam)
1131 2714 1154 2744 C
1176 2730 1211 2735 —
1232 2715 1262 2744 ⁹2.
1282 2714 1469 2753 crysippum
1488 2716 1532 2744 A:
1561 2714 1739 2752 crisippam
1758 2713 1781 2744 C
1798 2714 1821 2744 E
1838 2723 1844 2748 ;
1872 2714 2081 2753 chrysippum

304 2763 351 2794 B:
380 2763 571 2802 Chesippum
597 2764 620 2793 O
649 2781 683 2784 —
711 2764 740 2794 5.
769 2771 808 2793 ne
832 2772 901 2793 oni.
930 2764 953 2793 C
981 2780 1013 2784 —-
1044 2763 1072 2793 7.
1102 2765 1306 2801 inpetrat-ilis
1330 2763 1386 2794 A¹z
1419 2765 1666 2802 imperi-auerz'tis
1689 2762 1748 2794 A²z
1777 2765 1997 2802 impetraretis
2021 2764 2077 2798 B¹;

305 2813 522 2852 impeti-oritis
546 2812 620 2843 B2C
636 2813 660 2843 O
689 2830 722 2835 —-
750 2813 780 2844 8.
809 2821 872 2843 esse
897 2813 1061 2843 hominum
1090 2814 1113 2843 Ο
1135 2831 1170 2835 —-
1199 2814 1249 2844 40.
1279 2813 1452 2843 accubatio
1478 2813 1501 2843 E
1526 2830 1555 2834 --
1591 2813 1638 2842 ti.
1667 2814 1770 2843 muris
1793 2813 1830 2844 Αι
1846 2813 1868 2844 Β
1886 2814 1932 2844 C:
1959 2813 2081 2844 martes

306 2864 353 2895 E:
381 2871 489 2893 mares
512 2862 588 2893 Α“-Ὀ
609 2880 643 2884 -
671 2871 734 2893 esse
759 2871 829 2893 om.
851 2863 873 2893 C
897 2880 930 2885 —
952 2864 1002 2893 45.
1029 2863 1134 2902 Impes
1152 2864 1175 2895 C
1198 2882 1231 2886 —
1258 2864 1294 2894 In
1319 2866 1429 2893 tractu
1453 2866 1482 2893 ec
1506 2862 1722 2892 declinalione
1746 2863 1827 2893 [alia
1852 2868 1937 2900 sunt,
1965 2863 2080 2903 qualia

306 2913 395 2953 apud
419 2912 604 2943 Ciceronem
628 2912 812 2943 beatitas
836 2916 864 2943 el
889 2912 1124 2947 bealilurlo,
1152 2922 1235 2951 quae
1260 2914 1347 2943 (lura
1372 2913 1502 2952 quidem
1525 2913 1619 2942 sentit
1642 2921 1728 2949 esse,
1754 2917 1995 2944 verumtamen
2017 2921 2079 2943 usu

300 2966 401 3003 putat
420 2971 512 3001 posse
535 2964 655 2993 molliri
681 2962 910 3000 Quintilianus
935 2962 1020 2998 VIII,
1040 2963 1070 2999 3,
1090 2962 1141 2993 32.
1165 2980 1200 2984 -
1227 2965 1294 2993 stuc
1319 2963 1431 2993 ὡραίας
1453 2963 1521 2992 siue
1546 2962 1569 2993 C
1593 2979 1625 2983 —
1655 2962 1706 2992 116.
1734 2965 1779 2992 esl
1803 2962 1849 2992 B:
1875 2966 1950 2993 sunl
1972 2965 1998 2993 A
2015 2964 2038 2994 C
2054 2961 2077 2993 Ε

308 3014 350 3054 (in
378 3013 401 3044 C
435 3022 497 3053 per
527 3012 776 3053 compendium
801 3016 838 3050 st)
868 3029 903 3034 —-
938 3012 1027 3043 nobis
1051 3020 1120 3044 om.
1149 3013 1172 3043 C
1203 3031 1236 3034 —
1264 3014 1316 3043 ΞΙ.
1344 3020 1568 3052 numquamne
1593 3010 1621 3043 Ἡ
1649 3029 1682 3034 -
1710 3013 1761 3043 ΞΞ.
1789 3013 1963 3043 innumera
1987 3012 2010 3043 C
2039 3028 2075 3033 —

305 3072 384 3102 erqo
408 3063 440 3092 in
465 3070 585 3092 rasura
610 3064 659 3097 A;
687 3063 788 3101 ἱρέων
812 3063 835 3094 Ε
864 3080 897 3084 -
924 3062 977 3093 23.
1005 3072 1042 3093 ea
1069 3071 1153 3101 quac
1177 3062 1270 3092 beata
1298 3063 1320 3093 C
1345 3081 1377 3085 —
1399 3063 1448 3094 24.
1468 3067 1513 3093 est
1539 3063 1560 3093 B
1578 3063 1623 3093 E:
1650 3066 1725 3093 sunt
1741 3065 1766 3093 A
1783 3063 1805 3093 C
1823 3063 1859 3093 O.
1888 3062 2005 3093 «Idem
2025 3062 2078 3093 est

307 3120 347 3143 ac
372 3111 399 3142 si
424 3111 543 3141 dicas:
571 3120 607 3141 ea
632 3112 717 3141 enim
741 3113 809 3142 ,cola
835 3112 947 3142 divina
972 3115 1095 3142 natura
1119 3115 1198 3142 esti»
1225 3113 1368 3143 Minvm.
1392 3131 1425 3135 —
1453 3114 1619 3144 vincimur
1636 3113 1660 3143 O
1683 3130 1716 3134 —
1745 3121 1767 3143 a
1790 3112 1886 3143 beata
1910 3116 2034 3143 natura
2051 3111 2075 3143 C

311 3179 346 3184 —-
373 3162 425 3192 25.
452 3161 541 3191 uinci
564 3162 609 3191 sic
632 3162 793 3199 cor-paris.
822 3162 888 3192 Cur
913 3162 936 3191 C
964 3178 998 3182 -—
1028 3162 1079 3192 ⁴27.
1106 3162 1155 3192 dci
1181 3161 1381 3193 Lambinus.
1411 3179 1445 3184 —
1474 3162 1526 3193 28.
1553 3165 1589 3193 ut
1614 3170 1703 3193 corr.
1725 3171 1769 3193 m.
1790 3170 1862 3193 sec.
1883 3163 1916 3193 in
1940 3165 1970 3194 et
1994 3162 2018 3193 C
2039 3177 2074 3183 —

308 3211 362 3242 29.
387 3210 414 3240 si
436 3218 476 3240 ea
501 3218 591 3241 corr.
618 3219 657 3241 ex
683 3212 733 3241 sia
759 3212 782 3242 C
812 3229 845 3233 -
875 3212 926 3242 30.
955 3212 1043 3242 nullo
1069 3212 1092 3242 C
1120 3228 1155 3232 —-
1182 3221 1240 3242 nec
1264 3212 1476 3242 curiosissimi
1502 3212 1525 3243 C
1543 3212 1566 3243 Ε
1589 3230 1621 3234 -
1649 3212 1701 3244 31.
1730 3213 1823 3243 adire
1848 3213 1871 3244 C
1901 3230 1935 3234 —
1963 3211 2014 3243 36.
2035 3210 2078 3241 ad

307 3261 454 3302 fiyuram
467 3258 496 3292 *21
513 3269 518 3290 :
545 3263 579 3291 αι
591 3262 704 3301 figura
721 3260 787 3292 alii.
801 3279 835 3283 —
852 3261 904 3292 37.
925 3270 986 3301 que
1001 3264 1026 3293 A
1043 3261 1066 3293 C
1081 3278 1114 3282 —
1130 3260 1182 3292 38.
1202 3262 1378 3292 simillimis
1394 3264 1473 3303 post
1489 3261 1633 3293 moribus
1650 3270 1719 3293 om.
1741 3260 1789 3299 ’213
1809 3261 1885 3294 sort.
1904 3260 2074 3294 similibus.
