2249 3624
237 151 319 193 744
799 140 1094 185 PARADOXA
1125 139 1450 184 STOICORUM.

238 263 322 300 tam
352 253 619 300 incredibile,
663 249 776 304 quod
808 262 892 289 non
924 247 1103 288 dicendo
1134 245 1206 287 fiat
1235 245 1479 300 probabile,
1518 245 1623 286 nihil
1654 249 1737 286 tam
1766 246 1999 295 horridum,

238 327 320 362 tam
352 317 574 362 incultum,
617 314 730 367 quod
771 325 855 351 non
897 309 1165 363 splendescat
1205 310 1394 349 oratione
1436 313 1476 348 et
1516 314 1728 362 tamquam
1771 309 1997 350 excolatur.

240 382 363 431 Quod
405 393 497 419 cum
540 378 597 417 ita
637 381 849 429 putarem,
891 373 970 413 feci
1010 373 1132 412 etiam
1174 373 1374 412 audacius
1413 384 1537 425 quam
1577 371 1649 410 ille
1680 371 1794 424 ipse,
1835 371 1885 411 de
1917 386 1998 426 quo

238 446 402 498 loquor.
475 440 575 481 Cato
620 439 729 479 enim
773 436 872 476 dum
910 441 1026 476 taxat
1056 437 1107 476 de
1139 434 1426 488 magnitudine
1456 434 1605 481 animi,
1645 434 1695 473 de
1728 434 2000 482 continentia,

207 507 290 546 5de
322 509 475 550 morte,
519 502 569 542 de
602 501 713 541 omni
745 499 870 539 laude
901 499 1087 546 virtutis,
1120 498 1171 538 de
1205 498 1268 537 dis
1300 497 1611 544 inmortalibus,
1644 496 1694 536 de
1726 497 1896 536 caritate
1927 509 2000 549 pa-

240 569 342 608 triae
375 566 508 605 stoice
539 564 646 605 solet
678 562 872 602 oratoriis
904 561 1158 601 ornamentis
1189 560 1388 601 adhibitis
1414 560 1575 600 dicere:
1608 573 1683 612 ego
1705 560 1782 599 tibi
1803 559 1875 599 illa
1895 559 1999 612 ipsa,

239 644 347 685 quae
380 629 450 669 vix
480 629 523 668 in
555 624 783 680 gymnasiis
815 630 855 664 et
885 624 928 663 in
960 625 1047 664 otio
1080 624 1207 664 Stoici
1240 623 1428 676 probant,
1459 622 1608 662 ludens
1639 622 1800 662 conieci
1823 621 1866 661 in
1887 635 2000 662 com-

236 705 385 732 munes
417 691 544 731 locos.
604 687 644 727 4..
676 686 794 734 Quae
827 687 925 738 quia
957 690 1053 725 sunt
1082 683 1345 726 admirabilia
1377 690 1606 737 contraque
1638 684 1882 737 opinionem
1913 697 2000 724 om-

235 756 351 795 nium
394 776 446 782 --
487 752 537 792 ab
567 749 670 803 ipsis
702 749 826 788 etiam
860 747 1090 802 παράδοξα
1123 747 1384 801 appellantur
1414 772 1491 796 ——,
1524 753 1728 801 temptare
1759 748 1874 788 volui
1903 761 1999 801 pos-

185 824 221 853 40
235 822 383 858 sentne
416 813 591 868 proferri
622 812 666 851 in
698 811 834 850 lucem
879 808 935 864 [id
969 815 1032 851 est
1060 811 1101 849 in
1134 808 1284 863 forum]
1329 816 1370 850 et
1400 811 1456 850 ita
1489 811 1591 859 dici,
1633 816 1678 851 ut
1709 810 1998 865 probarentur,

235 893 287 920 an
319 879 398 918 alia
439 875 644 930 quaedam
686 878 797 914 esset
828 873 1011 920 erudita,
1051 873 1133 912 alia
1165 873 1381 925 popularis
1413 874 1567 922 oratio,
1609 887 1746 927 eoque
1777 873 1852 913 hos
1882 873 1999 913 locos

236 941 382 994 scripsi
413 938 636 985 libentius,
677 936 789 990 quod
821 936 924 975 mihi
955 938 1036 976 ista
1066 936 1296 989 παράδοξα
1336 950 1444 990 quae
1484 937 1698 990 appellant
1728 936 1908 976 maxime
1939 934 1999 974 vi—

235 1003 386 1044 dentur
426 1016 517 1043 esse
551 1000 759 1040 Socratica
791 999 1002 1053 longeque
1035 1000 1264 1039 verissima.
1334 999 1374 1039 5.
1418 999 1608 1053 Accipies
1640 1000 1767 1052 igitur
1796 998 1876 1038 hoc
1907 1011 2000 1051 par-

234 1081 331 1107 vum
363 1064 633 1121 opusculum,
665 1062 926 1102 lucubratum
957 1062 1023 1102 his
1055 1061 1137 1101 iam
1170 1062 1517 1102 contractioribus
1548 1062 1766 1110 noctibus,
1799 1061 1999 1114 quoniam

183 1135 220 1165 ‘¹5
235 1129 338 1168 illud
371 1130 573 1169 maiorum
605 1126 839 1179 vigiliarum
873 1138 1023 1165 munus
1055 1125 1097 1164 in
1131 1130 1202 1164 tuo
1235 1125 1405 1164 nomine
1437 1124 1653 1177 apparuit,
1686 1129 1726 1163 et
1758 1123 2000 1176 degustabis

234 1204 365 1244 genus
398 1190 742 1231 exercitationum
775 1201 940 1234 earum,
972 1187 1125 1239 quibus
1156 1187 1215 1226 uti
1248 1187 1460 1233 consuevi,
1492 1200 1585 1226 cum
1618 1199 1679 1233 ea,
1713 1199 1820 1239 quae
1852 1185 2000 1225 dicun-

233 1260 300 1294 tur
343 1254 386 1293 in
427 1253 581 1293 scholis
622 1252 818 1298 θετικῶς,
864 1251 915 1290 ad
960 1255 1148 1289 nostrum
1194 1249 1274 1289 hoc
1314 1249 1539 1289 oratorium
1582 1248 1787 1288 transfero
1830 1247 1999 1287 dicendi

234 1330 379 1370 genus.
450 1316 538 1355 Hoc
580 1320 720 1354 tamen
763 1327 868 1366 opus
907 1315 949 1352 in
990 1317 1206 1364 acceptum
1246 1317 1291 1352 ut
1331 1310 1487 1352 reseras
1529 1312 1633 1351 nihil
1673 1310 1865 1364 postulo;
1912 1323 1998 1349 non

235 1380 345 1420 enim
377 1384 439 1419 est
468 1378 575 1425 tale,
615 1382 661 1416 ut
696 1377 738 1415 in
770 1389 863 1416 arce
894 1376 995 1428 poni
1026 1374 1182 1428 possit,
1224 1375 1343 1427 quasi
1372 1375 1559 1414 Minerva
1589 1373 1658 1414 illa
1689 1372 1883 1420 Phidiae,
1923 1372 1997 1412 sed

184 1447 394 1491 20tamen,
425 1448 469 1483 ut
500 1454 552 1481 ex
584 1439 729 1480 eadem
761 1437 929 1479 officina
960 1438 1098 1477 exisse
1130 1442 1341 1489 appareat.

827 1744 1326 1787 PARADOXON
1378 1747 1410 1785 I.

393 1867 493 1909 εὈτι
522 1867 656 1921 μόνον
688 1866 734 1907 τὸ
767 1864 901 1907 καλὸν
933 1863 1118 1917 ἇγαὲτόν.

344 1963 375 2002 Ι.
422 1961 459 2001 6.
500 1962 657 2001 Vereor
687 1974 739 2000 ne
771 1960 835 1999 cui
867 1963 1050 1999 vestrum
1094 1971 1146 1998 ex
1188 1957 1419 1997 otiosorum
1457 1957 1673 1996 hominum
1707 1956 2000 2010 disputationi-

231 2026 338 2072 bus,
376 2038 460 2064 non
502 2037 555 2063 ex
596 2037 688 2064 meo
731 2037 857 2063 sensu
898 2022 1114 2075 depromta
1154 2020 1257 2060 haec
1295 2019 1487 2059 videatur
1527 2020 1682 2066 oratio,
1723 2018 1853 2059 dicam
1886 2019 2000 2073 quod

181 2103 217 2131 25
234 2088 370 2129 sentio
402 2092 542 2127 tamen
574 2092 614 2126 et
646 2086 781 2126 dicam
812 2086 978 2126 brevius
1010 2098 1136 2139 quam
1167 2097 1233 2124 res
1265 2089 1377 2123 tanta
1411 2080 1522 2137 [diei]
1557 2086 1713 2137 poscet.
1764 2084 1999 2136 Numquam

322 2282 352 2311 4.
379 2280 465 2319 quod
488 2280 512 2309 B
539 2279 571 2309 in
595 2286 718 2309 rasura
742 2277 850 2308 habet
883 2295 925 2300 -
962 2277 991 2308 4.
1020 2278 1137 2317 loquor
1161 2275 1256 2308 AQB:
1295 2277 1385 2307 locor
1407 2276 1459 2314 A1,
1498 2276 1664 2315 loquimur
1692 2277 1731 2315 V,
1758 2275 1820 2307 sed
1847 2275 1923 2306 ead.
1952 2284 1998 2307 m.

233 2340 307 2372 sup.
334 2330 391 2361 lin.
417 2329 470 2360 uel
492 2329 609 2367 loquor
646 2345 680 2350 —-
719 2328 757 2358 de
781 2331 866 2357 conl.
893 2328 930 2358 de
953 2327 1066 2367 morte]
1093 2328 1130 2357 de
1153 2327 1389 2357 contemnenda
1413 2330 1516 2357 morte
1546 2326 1688 2357 Walker
1718 2328 1751 2357 et
1781 2325 1929 2365 Bentley
1963 2343 1998 2348 —

233 2382 265 2412 5.
293 2381 355 2411 (liis
379 2379 442 2410 CO
469 2395 503 2400 -
540 2378 570 2409 6.
598 2387 656 2418 eqo
681 2377 736 2408 [ibi
763 2378 805 2407 C:
832 2377 903 2417 Epo
928 2386 1007 2408 vero
1033 2378 1056 2406 Ο
1085 2394 1119 2398 --
1158 2377 1188 2407 9.
1216 2377 1315 2407 esiam
1339 2380 1362 2407 Α
1390 2384 1466 2416 sup.
1495 2375 1567 2413 lin..
1594 2376 1657 2407 sed
1683 2378 1794 2417 prima
1821 2384 1937 2413 manu.
1964 2377 2002 2406 ut

233 2430 384 2461 videtur.
414 2446 449 2450 —
477 2432 606 2459 tentare
631 2429 655 2458 O
684 2446 715 2449 —
746 2427 797 2458 40.
824 2428 857 2457 id
881 2431 925 2457 est
950 2428 982 2457 inf
1005 2426 1127 2467 forum]
1154 2427 1240 2457 haec
1266 2425 1388 2463 verba,
1417 2435 1506 2466 quae
1532 2428 1695 2465 suspecta
1721 2427 1821 2456 erant
1846 2423 2000 2456 Bentleio

233 2480 379 2520 aliisque
404 2479 531 2510 criticis
564 2480 598 2508 et
624 2478 748 2510 absunt
772 2486 789 2508 a
816 2476 917 2507 codd.
948 2475 1140 2513 nonnullis,
1173 2478 1196 2507 Α
1224 2477 1255 2507 in
1281 2484 1400 2506 rasura
1428 2484 1473 2506 ni.
1501 2476 1531 2506 2.
1559 2477 1686 2516 scripta
1712 2475 1831 2506 habet.
1871 2491 1906 2497 —
1947 2475 1998 2506 Μ.

231 2531 288 2561 hos
310 2531 396 2561 locos
420 2530 463 2561 C:
491 2536 559 2559 oin.
581 2528 605 2558 Ο
646 2546 679 2550 -
719 2528 770 2558 42.
798 2535 862 2564 quo
886 2527 964 2557 mihi
990 2526 1014 2555 V
1054 2543 1085 2546 —
1128 2526 1166 2556 46
1205 2535 1307 2565 gyenus
1332 2526 1373 2555 C:
1403 2534 1504 2565 genus
1527 2525 1585 2555 hoc
1610 2526 1634 2555 0
1665 2542 1693 2546 —-
1729 2534 1845 2556 earum
1868 2525 1908 2561 V,
1935 2523 1999 2555 sed

234 2588 323 2610 corr.
351 2579 384 2609 in
408 2587 559 2609 mearum
593 2595 626 2600 -
663 2577 713 2608 ⁴7.
741 2577 836 2607 scolis
861 2574 901 2605 ΥΞ
927 2593 959 2597 -
998 2575 1212 2607 ΘΕΤΙΚΩΟ
1236 2576 1276 2606 V:
1309 2574 1524 2607 ΘΕΤΙΚΩΟ
1548 2574 1777 2615 (ΘΙΙΤΙΚΩΟ
1798 2577 1835 2613 Α)
1858 2575 2001 2614 posidua

231 2629 399 2668 (possidua
418 2636 508 2658 corr.
526 2628 562 2665 Α)
588 2627 666 2658 AB:
693 2626 743 2657 vel
767 2624 939 2657 ΘΕΤΙΚᾸ
964 2624 1016 2661 ΥΞ,
1044 2625 1181 2656 adiecto
1208 2634 1311 2656 manu
1339 2626 1532 2665 posteriore
1556 2626 1578 2655 i.
1599 2634 1623 2655 e.
1639 2625 1841 2664 possessiua3
1867 2620 1999 2654 θετικά

234 2678 259 2709 Ο
288 2694 321 2700 —-
356 2678 407 2709 48.
435 2676 615 2717 acceptum]
641 2677 693 2707 uel
717 2680 868 2715 aper-tum
893 2674 932 2705 V'·‘
960 2693 992 2697 —
1028 2685 1092 2706 non
1116 2679 1161 2706 est
1184 2676 1270 2706 enim
1297 2676 1318 2706 B
1335 2677 1359 2706 O
1394 2693 1427 2697 —
1464 2676 1515 2706 ⁴9.
1543 2675 1609 2706 tale
1634 2676 1676 2706 C:
1705 2683 1762 2705 om
1796 2674 1820 2704 O
1856 2691 1890 2695 —
1923 2682 2001 2704 arce

235 2728 312 2765 BV,
339 2736 416 2767 sup.
444 2727 500 2758 lin.
529 2729 697 2767 uterque:
733 2735 816 2756 arca
842 2724 892 2762 V¹,
927 2729 1000 2756 arte
1024 2724 1072 2760 [5¹.
1099 2729 1134 2756 ut
1158 2726 1192 2755 in
1216 2734 1294 2755 arce
1319 2728 1341 2756 Α
1369 2726 1400 2756 in
1426 2734 1494 2756 ras.
1522 2725 1630 2756 habet
1655 2741 1689 2746 -
1715 2724 1775 2755 illa
1798 2724 1951 2753 Minerva
1974 2723 1999 2753 O

237 2794 272 2800 -—
298 2778 353 2807 sed
376 2786 444 2808 om.
465 2778 488 2808 B
517 2793 550 2798 —
579 2777 630 2807 20.
659 2776 791 2817 officina
815 2776 919 2806 aea-isse
943 2779 1106 2813 appareat
1131 2776 1154 2805 B
1170 2774 1227 2804 V¹:
1256 2775 1388 2814 officina
1411 2775 1516 2806 eth-isse
1539 2777 1724 2813 appareat.
1746 2774 1780 2803 in
1803 2773 1864 2803 hac
1888 2773 2001 2803 eadem

231 2828 345 2867 fiyura
368 2828 472 2857 emisse
495 2829 660 2865 appareat
693 2829 736 2861 Α;
776 2826 808 2856 in
834 2825 861 2854 V
888 2823 1012 2855 deletis
1038 2824 1154 2855 verbis
1184 2825 1289 2854 eat-isse
1313 2833 1388 2863 app.
1418 2825 1512 2864 (post
1537 2823 1684 2864 officina)
1716 2823 1749 2854 in
1781 2830 1891 2861 marg,
1920 2821 1997 2853 ead.

235 2884 281 2907 m.
309 2875 523 2915 adscriptum
551 2877 619 2906 est:
650 2877 681 2906 in
705 2876 765 2906 hac
790 2876 901 2906 eadem
923 2876 1035 2914 figura
1059 2875 1164 2904 exisse
1188 2878 1351 2911 appareat
1388 2891 1417 2895 —-
1454 2874 1506 2904 Ἥ.
1532 2875 1728 2904 PARADOXON
1751 2873 1776 2904 I.
1804 2880 1872 2903 om.
1901 2872 1933 2902 in
1959 2872 1997 2911 C,

233 2925 317 2956 item
343 2924 465 2964 reliqui
493 2924 576 2956 tituli
602 2934 724 2956 onmes
765 2943 797 2946 -
837 2925 888 2955 ⁶22.
910 2919 990 2954 (Ότι
1015 2921 1137 2964 μόνον
1162 2920 1203 2954 τὸ
1231 2920 1347 2953 καλὸν
1371 2918 1521 2965 ἆγαθίν
1553 2924 1576 2955 C
1614 2923 1693 2962 (sed
1725 2923 1789 2954 AB
1822 2921 1998 2962 adscripto

234 2975 320 3014 quod
349 2974 515 3004 honestum
543 2976 584 3005 sit
612 2976 646 3006 id
677 2976 780 3005 solam.
805 2974 923 3004 boumn
948 2974 1089 3014 [beatam
1114 2973 1150 3014 A]
1177 2976 1280 3008 essm:
1315 2968 1398 3003 ‘'On
1421 2970 1543 3014 μόνον
1568 2968 1716 3014 ἀγαθὸν
1740 2969 1783 3002 τὸ
1809 2968 1927 3002 καλόν
1960 2971 1996 3008 Ο,

235 3023 327 3065 apud
354 3031 460 3063 quem
485 3025 598 3054 versio
619 3025 734 3055 Latina
761 3024 896 3055 adiecta
923 3023 975 3054 illa
1003 3023 1158 3062 quidem,
1185 3022 1246 3053 Sed
1274 3021 1436 3053 cancellis
1463 3023 1727 3062 circumscripta
1748 3023 1819 3056 est;
1847 3020 1998 3052 eandem

234 3074 342 3106 habet
367 3073 393 3102 V
419 3073 451 3103 in
477 3081 584 3112 marg.
630 3091 658 3095 —
702 3074 754 3105 23.
786 3083 829 3104 ccc
860 3075 1037 3104 otiosorum
1074 3071 1247 3103 Markland
1286 3071 1345 3110 (ad
1372 3074 1453 3103 Stat.
1482 3071 1574 3111 Sylv.
1602 3071 1754 3112 p.⁶273):
1795 3071 1999 3102 eaeoticorum

234 3123 378 3161 AB¹V¹‚
413 3130 456 3152 cx
479 3124 654 3153 atticorum
680 3122 727 3159 13²,
763 3132 805 3154 ca:
828 3124 1015 3154 Stoicorum
1037 3121 1117 3153 ΨΟ
1155 3138 1188 3142 -—
1227 3120 1278 3151 24.
1306 3122 1500 3161 deprompta
1529 3121 1646 3152 BVv'lO
1684 3138 1719 3142 ——
1757 3121 1865 3151 dicam
1889 3123 1997 3150 tamen

236 3174 322 3215 quod
344 3173 445 3203 sentio
470 3172 494 3201 ()
535 3189 568 3193 -
609 3173 659 3203 25
687 3173 749 3203 dici
775 3172 999 3206 iiiclusinius2
1034 3180 1114 3202 nani
1140 3172 1174 3202 ct
1198 3171 1387 3202 infinitivus
1413 3173 1490 3212 post
1511 3179 1643 3210 poscere
1666 3170 1847 3202 offensioni
1873 3170 1926 3200 est
1951 3169 1994 3209 (v,

235 3225 352 3255 tamen
379 3220 632 3253 Weissenborn
658 3223 689 3252 in
716 3223 811 3253 lalin.
837 3224 926 3254 Ann.
954 3221 1050 3259 ⁴842,
1069 3221 1099 3259 4,
1127 3230 1159 3261 p.
1176 3220 1253 3258 448)
1280 3229 1394 3261 neque
1421 3223 1646 3261 exspectares
1669 3228 1721 3251 res
1743 3223 1837 3251 lanea
1860 3219 1992 3257 dicitur,

238 3272 301 3304 sed
326 3273 364 3303 de
387 3280 423 3303 re
446 3273 552 3303 tanta.
591 3288 624 3292 —
660 3276 769 3310 poscet
794 3273 935 3313 scripsi:
970 3274 1074 3312 potest
1098 3271 1140 3309 C,
1162 3270 1268 3311 poscit
1291 3270 1327 3301 O.
