2249 3624
572 187 660 227 Lm.
682 187 754 227 ΙΙΙ.
800 187 897 227 ΟΑΡ.
920 186 1271 226 XXII-xxiii.
1312 186 1371 239 §§
1394 184 1446 225 83
1460 184 1587 227 ἢ-89,
1880 182 1954 226 731

201 294 376 349 imperio
418 299 626 334 certamen
669 300 776 333 esset
818 308 909 333 cum
949 306 1046 344 rege
1087 307 1293 344 generoso
1325 307 1372 333 ae
1404 294 1585 347 potenti,
1625 294 1800 347 perfuga
1831 293 1881 333 ab
1913 306 1964 333 eo

196 358 310 398 venit
340 358 380 396 in
413 362 545 396 castra
572 355 746 395 Fabricii
780 356 902 408 eique
936 363 999 396 est
1029 356 1252 409 pollicitus,
1286 359 1318 396 si
1353 357 1582 409 praemium
1616 356 1694 396 sibi
1721 356 1966 409 proposuis-

196 425 280 467 set,
313 432 376 465 se,
408 424 451 457 ut
485 418 589 457 elam
622 419 820 464 venisset,
854 419 912 457 sic
947 416 1083 472 [elam]
1119 419 1158 457 in
1192 420 1335 472 Pyrrhi
1370 425 1503 459 eastra
1535 420 1765 459 rediturum
1801 426 1840 459 et
1871 432 1964 459 eum

197 494 360 522 veneno
402 486 656 519 necaturum.
728 480 847 519 llune
894 481 1102 520 Fabricius
1144 482 1429 521 reducendum
1473 483 1632 522 curavit
1671 482 1721 522 ad
1764 482 1965 536 Pyrrhum

197 545 327 597 idque
369 544 458 582 eius
500 542 652 582 factum
693 542 907 581 laudatum
941 557 963 582 a
995 550 1140 583 senatu
1175 550 1247 583 est.
1309 546 1456 597 Atqui,
1499 546 1530 584 si
1564 545 1744 598 speeiem
1777 545 1998 584 utilitatis5

198 607 523 660 opinionemque
555 605 810 657 quaerimus,
844 618 1038 657 maguum
1073 607 1174 644 illud
1207 606 1360 646 bellum
1395 607 1566 660 perfuga
1600 621 1707 646 unus
1739 612 1779 646 et
1800 620 1966 659 gravem

197 669 480 710 adversarium
514 667 677 719 imperii
712 667 969 713 sustulisset,
1003 669 1075 707 sed
1109 682 1302 721 magnum
1336 669 1519 708 dedecus
1552 676 1591 709 et
1624 670 1846 722 flagitium,
1879 670 1967 722 qui-

196 745 288 771 cum
322 731 458 770 laudis
490 736 700 769 certamen
740 729 908 776 fuisset,
950 744 1042 769 eum
1076 744 1159 769 non
1192 732 1366 778 virtute,
1409 731 1480 771 sed
1516 733 1673 772 scelere
1705 738 1964 785 superatum.

194 792 260 833 87.
300 794 440 832 Utrum
474 792 600 844 igitur
631 792 778 831 utilius
810 792 874 830 vel
911 790 1120 839 Fabricio,
1160 793 1231 846 qui
1266 795 1359 832 talis
1393 795 1434 833 in
1467 795 1544 833 hae
1576 797 1678 834 urbe
1711 795 1845 848 qualis
1876 795 1968 834 Ari-

195 856 324 897 stides
346 855 520 895 Athenis
552 854 639 901 suit,
672 854 736 893 vel
769 854 933 893 senatui
966 862 1125 901 nostro,
1159 856 1231 908 qui
1265 870 1493 909 numquam
1528 858 1745 897 utilitatem
1777 870 1800 897 a
1833 857 2018 908 digni-⁴0

194 925 276 959 tate
308 918 515 964 seiunxit,
559 917 684 956 armis
723 929 813 955 euin
855 916 975 955 hoste
1019 924 1179 957 certare
1220 932 1270 958 an
1312 920 1516 959 venenis?
1578 921 1619 959 Si
1653 921 1809 972 gloriae
1842 932 1968 959 causa

194 982 414 1034 imperium
448 979 731 1033 expetundum
766 985 850 1026 est,
883 980 1021 1018 scelus
1053 980 1182 1027 absit,
1216 981 1257 1019 in
1291 995 1375 1034 quo
1408 995 1490 1020 non
1524 988 1660 1035 potest
1691 996 1782 1022 esse
1814 983 1968 1035 gloria:

194 1045 257 1084 sin
290 1044 404 1096 ipsae
436 1055 538 1094 opes
572 1047 827 1094 expetuntur
859 1055 1031 1094 quoquo
1066 1043 1214 1089 modo,
1256 1058 1337 1082 non
1371 1051 1565 1096 poterunt
1596 1046 1719 1084 utiles
1752 1059 1843 1085 esse
1875 1059 1968 1085 cum

193 1106 379 1146 infamia.
439 1106 531 1144 Non
563 1104 690 1156 igitur
721 1104 835 1143 utilis
871 1105 939 1144 illa
963 1106 1006 1143 L.
1027 1105 1210 1158 Philippi
1245 1106 1294 1154 Q.
1327 1107 1353 1146 s.
1387 1109 1613 1147 sententia:
1649 1121 1752 1161 quas
1778 1108 1969 1147 civitates

193 1170 239 1209 L.
263 1168 379 1208 Sulla
410 1167 587 1220 pecunia
620 1172 786 1219 accepta
819 1180 871 1206 ex
905 1173 1074 1207 senatus
1107 1168 1300 1208 consulto
1334 1169 1613 1216 liberavisset,
1645 1176 1691 1210 ut
1721 1182 1795 1209 eae
1826 1176 2019 1209 rursus⁴5

194 1231 420 1284 vectigales
460 1235 628 1276 essent,
676 1242 813 1281 neque
855 1230 905 1269 iis
948 1230 1194 1282 pecuniam,
1240 1244 1365 1284 quam
1406 1246 1481 1284 pro
1524 1232 1712 1272 libertate
1753 1233 1967 1280 dederant,

194 1292 480 1333 redderemus.
542 1293 591 1331 Ei
624 1298 792 1331 senatus
825 1297 887 1332 est
918 1305 1129 1332 assensus.
1189 1295 1328 1346 Turpe
1361 1295 1560 1347 imperio!
1598 1296 1822 1348 piratarum
1857 1296 1967 1334 enim

195 1356 346 1396 melior
377 1353 477 1394 tides
513 1368 636 1408 quam
669 1360 852 1394 senatus.
909 1356 985 1395 «At
1016 1361 1136 1394 aucta
1168 1355 1408 1409 vectigalia:
1441 1357 1541 1396 utile
1574 1358 1738 1409 igitur.»
1802 1358 1969 1406 Quous-

195 1432 278 1472 que
309 1417 523 1457 audebunt
554 1416 693 1456 dicere
725 1418 953 1470 quiequam
985 1418 1110 1463 utile,
1144 1418 1258 1471 quod
1291 1432 1375 1458 non
1407 1420 1660 1460 honestum?
1720 1420 1786 1459 88.
1829 1421 1971 1459 Potest

194 1487 335 1522 autem
367 1480 440 1520 ulli
471 1480 670 1532 imperio,
712 1479 826 1532 quod
868 1480 1002 1532 gloria
1043 1480 1168 1520 debet
1197 1481 1348 1521 fultum
1382 1495 1472 1521 esse
1505 1488 1545 1522 et
1576 1483 1870 1523 benevolentia
1902 1496 1968 1522 so·
1985 1489 2021 1517 20

194 1545 365 1590 ciorum,
397 1543 499 1582 utile
530 1556 621 1582 esse
655 1542 797 1582 odium
831 1549 872 1582 et
904 1543 1104 1583 infamia?
1150 1544 1239 1596 Ego
1273 1544 1395 1583 etiam
1430 1559 1522 1584 eum
1548 1545 1705 1585 Catone
1729 1559 1820 1585 meo
1843 1559 1968 1598 saepe

194 1606 386 1646 dissensi,
446 1606 578 1645 Nimis
610 1606 710 1645 mihi
741 1606 971 1659 praefracte
1003 1607 1224 1647 videbatur
1254 1607 1460 1646 aerarium
1493 1608 1798 1661 vectigaliaque
1827 1607 1969 1647 defen-

194 1669 312 1715 dere,
354 1668 496 1707 omnia
528 1666 760 1721 publicanis
792 1682 968 1721 negare,
1010 1669 1141 1708 multa
1173 1669 1322 1715 sociis,
1362 1684 1453 1708 cum
1486 1671 1527 1709 in
1561 1670 1635 1709 hos
1668 1670 1844 1710 benefici
1876 1683 1967 1710 esse

196 1732 457 1777 deberemus,
491 1744 583 1770 cum
616 1731 699 1770 illis
733 1731 792 1770 sie
823 1744 960 1783 agere,
993 1737 1038 1770 ut
1069 1745 1162 1770 eum
1195 1731 1356 1770 colonis
1380 1722 1533 1771 nos‘tris
1557 1733 1807 1779 soleremus,
1830 1746 1967 1786 eoque

193 1795 341 1847 magis,
374 1793 487 1848 quod
520 1794 591 1832 illa
623 1794 816 1833 ordinum
849 1794 1090 1833 coniunctio
1123 1794 1173 1832 ad
1207 1793 1382 1832 salntem
1416 1795 1476 1833 rei
1505 1795 1697 1847 publicae
1720 1796 1968 1848 pertinebat.
1982 1800 2018 1829 ‘25

195 1857 303 1897 Male
334 1857 456 1897 etiam
492 1856 637 1902 Curio,
678 1870 771 1895 cum
811 1870 977 1895 causam
1010 1856 1406 1908 Transpadanorum
1449 1870 1626 1910 aequam
1668 1872 1759 1898 esse
1791 1858 1969 1906 dicebat,

194 1933 359 1972 semper
398 1925 538 1959 antem
579 1918 759 1958 addebat
802 1919 976 1958 «Vincat
1008 1919 1220 1957 utilitasl»
1290 1918 1430 1958 Potius
1462 1919 1633 1959 doceret
1664 1935 1745 1960 nou
1780 1934 1871 1960 esse
1903 1934 1971 1960 ae-

195 1996 334 2036 quam,
370 1984 467 2036 quia
498 1995 582 2021 non
614 1988 725 2021 esset
756 1981 870 2021 utilis
904 1982 963 2020 rei
996 1981 1205 2034 publicae,
1237 1994 1362 2034 quam
1395 1994 1489 2021 cum
1521 1995 1603 2021 non
1635 1984 1781 2023 utilem
1814 1984 1971 2023 diceret

194 2058 306 2093 esse,
338 2058 516 2098 aequam
548 2044 760 2084 fateretur.

310 2108 463 2146 XXllI.
510 2105 577 2145 89.
626 2107 778 2146 Plenus
819 2112 882 2146 est
924 2112 1067 2145 sextus
1110 2106 1216 2144 liber
1262 2105 1313 2144 de
1358 2104 1508 2146 officiis
1550 2107 1778 2147 Hecatonis
1826 2109 2020 2148 talium30

197 2171 517 2225 quaestionum,
550 2169 659 2208 sitne
691 2168 790 2207 boni
824 2169 900 2207 viri
934 2170 976 2208 in
1009 2169 1193 2207 maxima
1225 2169 1398 2208 caritate
1430 2182 1621 2209 annonae
1652 2169 1853 2210 familiam
1886 2184 1970 2210 non

197 2234 322 2272 alere.
384 2232 430 2270 In
463 2237 682 2284 utramque
715 2236 874 2283 partem
908 2231 1117 2284 disputat,
1150 2232 1222 2270 sed
1256 2237 1394 2270 tamen
1427 2231 1478 2270 ad
1512 2238 1744 2271 extremum
1777 2234 1969 2280 utilitate,

193 2301 238 2335 ut
270 2300 411 2347 putat,
452 2292 637 2333 officium
671 2293 812 2346 dirigit
843 2299 972 2346 magis
1006 2308 1131 2346 quam
1164 2294 1435 2333 humanitate.
1498 2294 1693 2341 Quaerit,
1726 2295 1759 2334 si
1792 2296 1834 2334 in
1867 2295 1969 2334 mari

193 2358 351 2397 iactura
391 2356 585 2396 facienda
627 2356 702 2403 sit,
745 2356 900 2409 equine
942 2356 1114 2408 pretiosi
1156 2357 1294 2409 potius
1335 2358 1536 2396 iacturam
1577 2357 1702 2396 saciat
1733 2371 1784 2397 an
1817 2356 1969 2397 servoli

193 2419 302 2460 vilis.
372 2419 451 2458 Hic
489 2419 569 2458 alio
610 2432 676 2458 res
716 2418 953 2465 familiaris,
995 2418 1076 2457 alio
1119 2418 1232 2458 ducit
1273 2419 1526 2459 humanitas.
1601 2420 1668 2458 «Si
1702 2420 1883 2460 tabulam
1917 2419 2019 2459 de35

285 2569 315 2598 4.
338 2566 465 2606 potenti
490 2566 637 2597 Nonius:
661 2569 792 2605 potente
818 2567 841 2595 (ζ
858 2573 888 2596 o.
931 2565 1016 2596 Vide
1043 2565 1087 2596 ad
1112 2566 1235 2606 11275,
1259 2567 1309 2597 40.
1350 2584 1383 2588 -—
1423 2567 1452 2597 3.
1480 2567 1568 2597 clam
1592 2568 1670 2607 post
1694 2568 1738 2597 sic
1770 2567 1836 2598 del.
1858 2567 1971 2599 Cobet

196 2619 365 2649 Mnemos.
395 2617 419 2647 ll
447 2625 478 2656 p.
499 2616 573 2647 420.
615 2633 649 2638 —
689 2617 719 2646 5.
745 2616 872 2654 saecum
895 2616 963 2645 eius
992 2624 1010 2646 c
1050 2633 1083 2637 ——
1124 2616 1154 2647 6.
1180 2625 1340 2656 magstrum
1364 2617 1456 2647 illum
1480 2617 1597 2647 bellum
1620 2618 1761 2656 perfugya
1784 2618 1917 2648 humum
1942 2621 1971 2649 et

194 2677 298 2709 grave
321 2667 554 2698 adversarium
578 2667 707 2705 imperii
730 2666 910 2696 sustulisset
934 2667 1064 2696 Nonius
1090 2676 1121 2705 p.
1138 2666 1213 2696 315.
1244 2684 1277 2688 —
1307 2667 1335 2697 7.
1364 2676 1521 2706 maynum
1546 2670 1575 2697 et
1597 2668 1767 2706 slayieiurn
1792 2671 1820 2698 el
1837 2668 1972 2699 dedecus

197 2727 216 2749 o
244 2736 278 2740 —
306 2717 337 2748 9.
367 2716 493 2756 Utrum]
525 2716 632 2746 Visum
657 2725 678 2755 p
716 2733 750 2737 -
789 2716 838 2745 rel
863 2724 931 2745 oin.
953 2724 969 2746 c
1009 2733 1043 2737 —-
1083 2716 1135 2746 43.
1163 2725 1226 2754 quo
1251 2717 1412 2756 quomodo
1439 2718 1479 2746 13:
1523 2725 1650 2755 quoque
1674 2718 1767 2747 mocio
1790 2719 1810 2748 b
1846 2735 1881 2739 —
1916 2717 1968 2749 44.

195 2770 231 2800 L.
257 2778 287 2799 sc
310 2768 370 2799 nlla
393 2776 425 2800 a,
453 2767 489 2797 L.
508 2766 593 2804 sylla
617 2774 634 2796 c
664 2783 697 2787 —
726 2766 777 2796 45.
804 2774 846 2795 eie
871 2774 1048 2804 snperser.
1076 2766 1108 2796 in
1135 2775 1166 2801 a,
1195 2775 1264 2796 οιιι.
1286 2774 1302 2796 c
1333 2784 1365 2787 -
1393 2769 1525 2796 senatus
1548 2766 1705 2805 consumo]
1732 2769 1764 2797 S.
1786 2770 1820 2799 (7,
1848 2768 1970 2799 Bllab

198 2836 233 2840 —
260 2827 317 2849 eae
342 2826 412 2848 om.
433 2825 450 2847 c
490 2833 524 2837 —-
566 2816 616 2847 46.
644 2816 683 2845 iis
707 2816 782 2846 Bb:
810 2815 859 2845 his
885 2816 907 2845 ll
925 2824 957 2846 a.
983 2815 1044 2854 hijs
1069 2824 1086 2846 c
1113 2833 1147 2837 —
1187 2816 1358 2855 dederant]
1383 2816 1535 2845 ‹teter-tent
1561 2816 1585 2845 ll
1617 2834 1647 2838 --
1678 2816 1729 2846 47.
1758 2816 1807 2856 Ei]
1834 2820 1862 2847 et
1887 2826 1904 2848 c
1931 2835 1966 2839 —

196 2867 248 2899 ⁴8.
276 2876 377 2907 quam
400 2869 532 2896 senalus
557 2866 599 2897 C:
627 2874 696 2896 0111.
718 2873 736 2896 o
765 2882 800 2886 —
827 2865 878 2903 At]
899 2866 942 2894 ad
966 2866 986 2896 b
1015 2883 1046 2886 —
1076 2866 1126 2896 49.
1154 2874 1357 2904 quamquam
1385 2866 1439 2896 ab
1465 2866 1509 2904 (iu
1537 2874 1557 2896 a
1582 2874 1759 2905 supersvr.
1781 2868 1969 2907 quicquam)

199 2934 234 2938 —
260 2917 314 2947 ΞΟ.
339 2916 459 2955 fultum
483 2915 570 2946 debet
595 2924 613 2946 c
642 2931 675 2937 -
706 2916 756 2944 ⁴2¹.
784 2924 842 2954 eye
867 2916 966 2946 etiam
984 2916 1271 2954 --praefractum
1294 2915 1467 2945 ridebatur
1484 2924 1668 2954 —-neyure
1691 2916 1820 2946 Nonius
1844 2926 1878 2957 p.
1895 2918 1968 2948 455.

196 2984 238 2989 —
261 2974 357 3005 saepe
380 2974 450 2996 om.
471 2973 488 2996 c
527 2982 560 2986 —
600 2966 654 2996 ⁶22.
681 2960 879 2995 uidebantur
902 2965 922 2995 b
950 2981 984 2987 —
1013 2966 1298 3005 uertissaliaquam
1324 2963 1357 2995 13¹
1375 2965 1399 2994 ll
1416 2965 1435 2994 b
1463 2981 1496 2985 -
1530 2964 1583 2995 ⁶214.
1609 2965 1757 2996 debemus
1781 2974 1799 2996 c
1827 2983 1860 2988 —
1887 2967 1971 2997 sote-

195 3024 306 3047 remus
329 3016 354 3046 C
379 3014 516 3054 <litteris
540 3023 576 3045 re
600 3015 631 3045 in
658 3023 676 3045 c
702 3013 856 3050 deletis):
883 3015 1021 3044 solemus
1046 3023 1064 3045 0
1092 3032 1126 3036 —
1154 3015 1206 3046 ⁶25.
1235 3015 1321 3053 quod
1346 3022 1380 3044 c:
1410 3023 1472 3052 quo
1498 3014 1520 3044 B
1538 3015 1561 3044 ll
1579 3016 1633 3046 ab
1662 3030 1695 3036 —
1731 3016 1784 3046 026.
1813 3017 1905 3047 curio
1932 3026 1968 3046 .S.

196 3074 224 3095 c.
251 3073 388 3095 causam
412 3073 449 3095 a:
475 3065 585 3095 curios
607 3073 681 3094 cum
705 3072 808 3094 causa
830 3065 850 3094 b
885 3081 919 3085 —-
954 3064 1105 3095 dicebant
1129 3066 1149 3096 b
1188 3082 1222 3085 —-
1261 3065 1313 3095 ⁶27.
1340 3064 1466 3094 utilitas
1492 3065 1513 3094 Β
1530 3065 1554 3094 ll
1571 3065 1643 3095 ab:
1670 3066 1797 3097 utilitas
1821 3067 1909 3097 lf.1'.
1938 3075 1968 3103 c,

197 3115 325 3145 utililas
347 3114 566 3153 reipublicae
590 3122 608 3145 o
651 3131 686 3136 —-
728 3114 855 3144 doceret
881 3114 903 3144 B
920 3114 945 3144 ll
963 3122 983 3145 a
999 3122 1034 3144 e:
1073 3115 1205 3145 (loeebat
1228 3115 1269 3152 bg
1309 3114 1428 3143 dic-eret
1454 3121 1472 3143 ο
1515 3130 1548 3134 —
1591 3114 1643 3145 28.
1671 3124 1745 3144 cum
1769 3125 1832 3145 non
1857 3116 1970 3145 utilem

199 3164 318 3194 diceret
340 3172 405 3193 esse
428 3172 571 3202 aequam
594 3171 611 3193 c
638 3164 682 3201 (et
702 3163 832 3201 Beier):
859 3172 932 3193 cum
955 3164 1067 3193 utilem
1092 3164 1181 3200 (utile
1196 3165 1227 3201 b)
1255 3171 1319 3193 esse
1337 3163 1455 3192 (liceret
1473 3172 1534 3193 11011
1555 3172 1620 3194 esse
1637 3172 1777 3202 aequam
1803 3165 1967 3203 Bllabp:

199 3222 275 3243 cum
297 3212 408 3243 utilem
432 3221 497 3243 non
521 3221 585 3244 esse
609 3213 741 3249 diceret,
767 3221 832 3243 esse
856 3222 998 3251 aequam
1024 3213 1247 3244 Faceiolatus.
1267 3230 1307 3234 —
1333 3212 1384 3243 230.
1404 3213 1464 3242 hae
1481 3214 1607 3244 calonis
1630 3222 1651 3245 a
1678 3231 1713 3236 —
1741 3214 1792 3245 31.
1811 3215 1878 3245 uiri
1896 3215 1971 3244 boni

202 3270 221 3293 c
247 3279 281 3284 —
310 3262 362 3293 32.
382 3263 472 3293 alere
495 3271 568 3294 ac:
597 3263 681 3293 aller
704 3263 727 3293 B
743 3262 768 3293 H
785 3262 806 3293 b
833 3262 907 3300 (sed
932 3266 981 3293 ter
1005 3264 1039 3294 in
1064 3264 1087 3294 B
1115 3262 1270 3301 erasum)
1299 3280 1330 3284 -
1358 3259 1500 3294 militat?
1524 3264 1544 3295 b
1573 3281 1606 3285 -—-
1634 3264 1683 3296 33.
1713 3268 1748 3295 ul
1770 3268 1864 3304 putat
1890 3265 1965 3303 Cp:

203 3319 273 3343 om.
294 3319 313 3343 ο
341 3328 375 3334 -
403 3310 457 3343 34.
482 3311 603 3343 seruoli
627 3312 708 3344 Hb:
734 3311 858 3343 seruuli
882 3312 1004 3344 Baco
1031 3329 1066 3334 —
1094 3312 1147 3343 35.
1173 3313 1265 3343 ducet
1291 3320 1320 3343 c.
