2249 3624
467 188 556 227 Lm.
587 188 638 226 11.
681 187 777 226 CAP.
809 187 1157 227 Lxul-val.
1189 186 1248 240 §§
1284 185 1296 226 1ι
1309 185 1529 227 29-«136.
1800 182 1872 224 561

228 295 580 347 Terrigenam,
614 294 994 347 herbigradam,
1027 295 1388 347 domiportam,
1421 292 1664 343 sanguine
1696 304 1881 330 cassam

117 362 253 415 potius
283 371 405 412 quam
434 357 652 396 hominum
683 370 797 396 more
830 358 1014 396 cocleam
1048 357 1199 395 dicere.
1246 358 1346 395 Nam
1371 356 1631 395 Pacuvianus
1654 354 1846 406 Amphio,

257 419 578 471 Quadrupes
611 419 956 469 tardigrada,
989 421 1250 470 agrestis,
1283 419 1526 465 humilis,
1560 430 1769 471 aspera,

259 483 451 535 Capite
495 482 666 527 brevi,
708 483 909 520 cervice
950 483 1201 533 anguina,
1241 489 1455 534 aspectu
1498 482 1658 528 truci,

259 547 605 589 Eviscerata,
648 544 901 588 inanima,
943 558 1050 582 cum
1093 545 1320 584 animali
1363 558 1508 591 sono,
1898 551 1915 578 5

119 622 211 649 cum
243 608 418 647 dixisset
449 606 689 663 obscurius,
733 613 816 644 tum
850 606 971 645 Attici
1004 607 1285 658 respondent:

256 671 362 709 Non
404 669 782 721 intellegimus,
824 668 918 706 nisi
960 668 997 706 si
1039 676 1219 720 aperte
1259 669 1477 708 dixeris:

117 738 158 773 at
196 733 264 772 ille
304 746 387 772 uno
426 731 554 770 verbo
596 730 905 770 «Testudo».
972 731 1062 769 Non
1103 737 1300 783 potueras
1338 731 1416 770 hoc
1457 732 1583 783 igitur
1614 746 1635 772 a
1667 731 1885 785 principio,

118 795 347 842 citharista,
381 795 549 834 dicere‘?

230 859 353 896 LXV.
393 855 480 896 134.
515 856 656 896 Defert
686 856 736 895 ad
770 856 1053 896 coniectorem
1087 856 1255 909 quidam
1289 857 1520 895 somniasse
1552 871 1610 903 se,
1642 870 1763 896 ovum
1788 862 1937 910 pen-⁸0

119 921 216 961 dere
246 934 298 960 ex
330 918 466 959 fascea
498 919 594 958 lecti
627 919 689 957 sui
724 919 988 958 cubicularis.
1035 920 1107 958 Est
1130 918 1207 957 hoc
1231 918 1271 956 in
1297 918 1516 971 Chrysippi
1541 919 1645 958 libro
1668 920 1887 958 somnium.

118 983 346 1038 Respondit
379 983 593 1022 coniector
627 981 867 1021 thesaurum
903 982 1113 1021 defossum
1147 994 1238 1019 esse
1272 979 1347 1019 sul)
1373 981 1490 1020 lecto.
1542 982 1690 1028 Fodit,
1732 980 1890 1020 invenit

118 1047 206 1087 auri
237 1047 517 1099 aliquantum,
559 1045 688 1098 idque
721 1044 1024 1083 circumdatum
1057 1049 1241 1095 argento·
1303 1043 1415 1082 Misit
1447 1044 1674 1083 coniectori
1709 1049 1890 1096 quantu-

119 1109 201 1148 lum
235 1108 368 1147 visum
401 1113 462 1146 est
503 1107 554 1147 de
587 1113 773 1160 argento.
836 1108 939 1146 Tum
974 1106 1067 1152 ille,
1111 1105 1294 1149 nihilne,
1338 1106 1499 1157 inquit,
1543 1107 1593 1145 de
1627 1106 1800 1145 vitello?
1847 1104 1889 1144 id

120 1172 228 1211 enim
259 1172 297 1210 ei
325 1184 377 1209 ex
403 1183 481 1209 ovo
505 1170 727 1209 videbatur
748 1182 896 1209 aurum
921 1169 1174 1215 declarasse,
1198 1168 1405 1220 reliquum
1429 1175 1659 1219 argentum.
1705 1171 1889 1209 Nemone
1907 1174 1940 1202 15

119 1233 245 1286 igitur
277 1245 473 1285 umquam
506 1232 613 1272 alius
646 1246 770 1271 ovum
804 1232 1062 1271 somniavit?
1112 1245 1185 1270 cur
1217 1244 1316 1281 ergo
1348 1230 1415 1269 hic
1448 1232 1588 1270 nescio
1622 1232 1693 1284 qui
1727 1232 1891 1271 thesau-

120 1309 208 1335 rum
242 1294 356 1334 solus
388 1295 577 1334 invenit?
640 1295 775 1343 Quam
809 1295 926 1334 multi
959 1295 1128 1347 inopes,
1160 1293 1272 1346 digni
1306 1294 1514 1346 praesidio
1549 1294 1742 1341 deorum,
1775 1294 1890 1333 nullo

120 1358 282 1398 somnio
314 1358 363 1396 ad
396 1358 636 1397 thesaurum
669 1358 960 1411 reperiendum
983 1357 1263 1396 admonentur
1285 1357 1291 1395 !
1329 1356 1464 1404 Quam
1488 1362 1624 1396 autem
1650 1357 1701 1396 ob
1724 1370 1890 1396 causam

121 1427 202 1461 tam
241 1426 302 1460 est
344 1420 519 1460 obscure
559 1420 824 1466 admonitus,
865 1427 911 1460 ut
950 1434 1003 1459 ex
1036 1432 1114 1459 ovo
1156 1425 1397 1458 nasceretur
1430 1418 1612 1458 thesauri
1648 1418 1891 1465 similitudo,

120 1483 255 1537 potius
287 1496 411 1535 quam
445 1489 588 1536 aperte
622 1483 864 1522 thesaurum
897 1495 1097 1536 quaerere
1130 1482 1367 1529 iuberetur,
1401 1481 1507 1521 sicut
1536 1487 1679 1533 aperte
1712 1481 1892 1520 Simoni·
1907 1487 1942 1516 20

121 1546 193 1585 des
224 1546 375 1585 vetitus
409 1552 470 1585 est
501 1546 732 1598 navigare?
796 1543 887 1584 135.
925 1546 1033 1597 Ergo
1066 1545 1245 1584 obscura
1276 1545 1438 1584 somnia
1469 1543 1640 1583 minime
1672 1549 1894 1583 consenta-

120 1622 198 1649 nea
228 1608 434 1648 maiestati
467 1608 656 1648 deorum.

232 1671 373 1711 LXVI.
414 1670 475 1709 Ad
508 1676 650 1724 aperta
684 1676 724 1710 et
755 1670 865 1710 clara
897 1672 1136 1718 veniamus,
1178 1670 1301 1723 quale
1335 1675 1397 1709 est
1429 1669 1479 1709 de
1512 1670 1585 1710 illo
1618 1667 1839 1709 interfecto
1871 1680 1894 1707 a

121 1746 280 1786 copone
312 1734 510 1785 Megaris,
544 1733 668 1787 quale
702 1734 751 1773 de
785 1734 1024 1781 Simonide,
1057 1734 1129 1788 qui
1160 1733 1210 1773 ab
1243 1747 1308 1780 e0‚
1341 1747 1465 1786 quem
1497 1733 1709 1780 humarat,
1741 1731 1894 1771 vetitus

122 1802 183 1836 est
212 1796 431 1848 navigare,
476 1796 599 1849 quale
640 1797 763 1836 etiam
805 1796 854 1835 de
894 1797 1157 1844 Alexandro,
1201 1796 1313 1849 quod
1352 1809 1374 1835 a
1412 1801 1451 1835 te
1496 1795 1762 1848 praeteritum
1803 1800 1946 1833 esse25

125 1858 277 1897 miror:
325 1858 418 1911 qui,
460 1872 553 1897 cum
586 1858 869 1905 Ptolemaeus,
901 1858 1118 1898 familiaris
1151 1859 1263 1905 eius,
1304 1859 1344 1898 in
1377 1858 1537 1910 proelio
1570 1858 1654 1897 telo
1687 1862 1894 1896 venenato

121 1921 227 1961 ictus
259 1927 368 1961 esset
406 1934 541 1974 eoque
573 1921 745 1961 vulnere
778 1935 939 1961 summo
973 1935 1066 1961 cum
1099 1921 1246 1960 dolore
1279 1926 1532 1967 moreretur,
1561 1920 1802 1960 Alexander
1824 1918 1897 1958 ad-

124 1983 264 2024 sidens
304 1996 451 2024 somno
492 1989 554 2023 est
586 1984 846 2037 consopitus.
907 1985 1012 2023 Tum
1047 1983 1280 2023 secundum
1313 1984 1497 2036 quietem
1528 1983 1640 2022 visus
1674 1982 1711 2022 ei
1744 1982 1898 2021 dicitur

124 2046 246 2086 draco
285 2048 343 2092 is,
386 2059 512 2099 quem
554 2052 685 2086 mater
715 2047 931 2100 Olympias
968 2046 1124 2102 alehat,
1165 2045 1395 2085 radiculam
1437 2059 1508 2085 ore
1546 2045 1654 2085 ferre
1696 2050 1737 2084 et
1774 2044 1897 2084 simul

124 2107 260 2148 dicere
294 2121 379 2162 quo
411 2108 481 2148 illa
513 2108 594 2148 loci
626 2114 867 2149 nasceretur
897 2132 950 2138 —
984 2122 1124 2162 neque
1156 2108 1190 2147 is
1222 2108 1345 2161 longe
1377 2106 1521 2148 aberat
1552 2108 1602 2147 ab
1635 2121 1684 2146 eo
1717 2107 1808 2147 loco
1830 2112 1946 2155 —-,30

125 2171 213 2211 eius
244 2177 382 2211 autem
416 2184 508 2211 esse
541 2172 622 2211 vim
655 2177 833 2219 tantam,
862 2178 907 2211 ut
929 2172 1211 2212 Ptolemaeum
1234 2170 1356 2210 facile
1379 2176 1559 2210 sanaret.
1594 2170 1694 2209 Cum
1718 2168 1898 2208 Alexan-

126 2234 198 2274 der
228 2240 498 2287 experrectus
531 2239 742 2273 narrasset
773 2234 917 2273 amicis
953 2234 1174 2281 somnium,
1207 2234 1398 2273 emisisse
1431 2234 1503 2286 qui
1531 2232 1644 2272 illam
1667 2231 1898 2271 radiculam

126 2302 403 2350 quaererent3
444 2309 526 2350 qua
557 2297 727 2336 inventa
761 2303 800 2337 et
829 2297 1092 2336 Ptolemaeus
1126 2302 1295 2336 sanatus
1328 2296 1481 2335 dicitur
1512 2301 1551 2334 et
1583 2295 1700 2334 multi
1732 2294 1898 2341 milites,

125 2359 196 2411 qui
239 2364 357 2398 erant
398 2359 547 2399 eodem
579 2372 731 2412 genere
764 2359 835 2399 teli
867 2359 1086 2398 vulnerati.
1150 2356 1243 2397 136.
1275 2359 1406 2398 Multa
1437 2358 1561 2398 etiam
1594 2364 1690 2397 sunt
1720 2364 1751 2397 a
1775 2363 1814 2397 te
1847 2370 1899 2396 ex

127 2419 312 2461 historiis
344 2422 507 2476 prolata
538 2423 722 2470 somnia,
755 2422 897 2462 matris
929 2421 1185 2468 Phalaridis,
1219 2421 1316 2474 Cyri
1348 2420 1598 2474 superioris,
1629 2420 1771 2460 matris
1802 2419 1899 2458 Dio·
1913 2424 1950 2455 35

214 2574 243 2604 l.
271 2575 465 2615 ter1·iyenem
490 2575 530 2605 Vl
562 2593 596 2598 —
634 2584 747 2606 casam
773 2579 816 2614 A,
851 2585 988 2608 causam
1013 2577 1049 2608 13¹
1079 2594 1121 2598 —
1157 2577 1187 2607 2.
1214 2576 1357 2606 cocleam
1383 2576 1430 2607 C:
1469 2575 1634 2607 cochleam
1658 2574 1682 2606 O
1722 2591 1755 2596 —-
1795 2575 1902 2605 dicere

129 2622 257 2656 delevit
292 2625 500 2665 Lambinus,
544 2627 663 2658 diceret
702 2627 756 2658 xel
793 2628 880 2659 dicat
915 2628 1113 2668 Wopkens,
1155 2627 1264 2657 dicens
1299 2625 1464 2657 Foertsch
1513 2643 1547 2648 —-
1589 2624 1776 2665 pacuianus
1808 2623 1899 2661 AB¹,

125 2675 287 2713 pacuinus
310 2675 350 2713 V,
378 2675 421 2707 cs.
448 2676 460 2706 1
485 2676 505 2716 δ
523 2676 563 2708 24
589 2679 623 2707 et
649 2677 913 2709 Lachmannum
939 2677 983 2708 ad
1008 2678 1110 2708 Lucr.
1139 2685 1171 2717 p.
1188 2676 1250 2707 306
1278 2693 1312 2698 —
1341 2675 1371 2706 3.
1400 2675 1794 2714 Quadrupes--aspera
1819 2674 1902 2704 citat

130 2723 359 2757 Tertullianus
385 2725 428 2757 de
454 2725 557 2767 pallio
583 2735 612 2757 e.
633 2727 651 2758 3
676 2745 718 2749 —
748 2726 779 2758 4.
807 2728 898 2766 adsp.
927 2727 951 2758 O
988 2745 1021 2749 -
1057 2728 1135 2767 post
1159 2727 1246 2757 truci
1270 2734 1337 2756 una
1362 2724 1409 2756 lit.
1438 2732 1538 2755 erasa
1564 2725 1596 2755 in
1622 2725 1645 2755 B
1680 2742 1713 2746 —
1749 2723 1779 2754 6.
1806 2722 1905 2754 Attici

129 2773 174 2805 C:
201 2776 296 2806 attice
320 2775 442 2813 Bothe,
467 2776 579 2812 Astici,
607 2778 643 2806 ut
668 2786 797 2808 nomen
823 2778 865 2808 sit
891 2785 1027 2813 eorum,
1055 2784 1096 2807 ex
1122 2775 1251 2815 quibus
1275 2775 1404 2806 chorus
1429 2775 1599 2811 constitit,
1633 2773 1754 2812 Orelli,
1787 2773 1903 2808 rustici

128 2822 259 2863 Bergk,
287 2824 437 2855 Bacchici
460 2824 625 2856 wele-ker
649 2826 692 2857 de
725 2829 810 2866 trag.
839 2828 894 2857 Gr.
922 2836 956 2867 p.
974 2827 1036 2857 815
1075 2843 1106 2848 -
1150 2826 1389 2864 responderunt
1420 2822 1543 2855 Salisb.
1580 2841 1615 2845 —
1649 2824 1680 2854 7.
1705 2824 1767 2854 nisi
1795 2823 1823 2854 si
1852 2824 1899 2854 B:

127 2873 189 2903 nisi
213 2874 296 2904 AVO
325 2891 358 2896 —
385 2874 415 2906 8.
435 2875 479 2905 ad
497 2874 546 2914 B¹,
572 2876 619 2906 ait
637 2875 677 2905 W
698 2894 730 2898 —-
758 2876 788 2907 9.
815 2877 998 2914 cytharista
1022 2876 1045 2906 B
1073 2892 1107 2897 -
1137 2876 1188 2906 ⁴0.
1209 2884 1285 2906 oum
1310 2875 1360 2911 ss¹;
1390 2882 1421 2904 se
1444 2874 1478 2904 ui
1504 2874 1582 2912 imp.
1602 2871 1642 2904 Ψ
1662 2891 1696 2896 -
1724 2874 1776 2905 Μ.
1794 2874 1900 2912 fascia

129 2922 201 2953 ΨΟ
229 2940 263 2945 -—
292 2924 343 2954 ⁴2.
369 2925 534 2964 respondit
559 2926 603 2957 C:
630 2927 802 2965 respondet
826 2926 903 2957 eod.
924 2926 1098 2958 Parisinus
1124 2926 1212 2956 teste
1239 2924 1376 2956 Davisio
1395 2925 1427 2954 et
1444 2924 1509 2954 0-
1537 2923 1750 2954 thensaurum
1766 2922 1843 2955 A¹V
1863 2940 1898 2945 —

130 2970 181 3002 ⁴3.
206 2972 321 3011 inquid
344 2971 381 3004 Βι
407 2991 442 2996 -
479 2975 530 3006 45.
558 2978 637 3006 ante
663 2977 691 3006 ei
716 2984 783 3007 una
808 2975 855 3006 lit.
883 2984 983 3008 erasa
1009 2976 1042 3006 in
1068 2975 1091 3005 B
1126 2993 1161 2997 —
1196 2974 1248 3005 119.
1276 2976 1464 3004 nosceretur
1489 2973 1712 3012 Hottingerus
1739 2989 1773 2994 —
1809 2974 1902 3004 then-

129 3022 237 3052 sauris
258 3021 310 3060 A¹,
337 3024 488 3055 thesauro
513 3026 535 3056 B
563 3042 597 3046 —
626 3026 679 3056 ΞΟ.
699 3026 797 3056 thens.
817 3022 856 3056 Αι
877 3043 907 3048 -
938 3024 1112 3056 simonides
1135 3024 1171 3060 B,
1200 3022 1263 3055 sed
1288 3024 1341 3054 des
1365 3023 1397 3053 in
1416 3030 1484 3053 ras.
1506 3038 1541 3044 —
1570 3021 1623 3053 24.
1643 3030 1791 3061 caupone
1811 3022 1898 3060 A2O,

131 3079 277 3110 quopone
294 3072 353 3104 V¹:
381 3073 423 3105 cs.
442 3074 455 3104 l
474 3074 492 3114 g
510 3075 550 3105 57
570 3092 604 3096 —
633 3078 713 3106 ante
739 3075 796 3114 qui
819 3083 887 3105 una
913 3073 960 3105 lit.
979 3076 1014 3104 in
1030 3074 1053 3104 B
1080 3082 1179 3104 erasa
1208 3091 1241 3095 -
1282 3074 1334 3104 226.
1362 3073 1564 3112 quiwcum
1587 3074 1634 3109 Α,
1668 3073 1821 3112 quidcum
1848 3072 1898 3108 V¹,

132 3121 217 3158 quod
239 3130 311 3152 cum
336 3122 389 3159 ΥΞ,
425 3123 519 3163 quod
545 3124 687 3155 Rathius
713 3123 892 3164 probavit,
919 3125 1037 3164 quippe
1059 3132 1135 3154 cum
1162 3122 1318 3154 Herelius
1345 3140 1380 3144 -
1404 3122 1584 3161 ptolomeus
1607 3121 1677 3159 AV,
1700 3122 1902 3161 ptholomeus

133 3169 157 3200 B
184 3186 217 3191 —
244 3170 297 3201 28.
324 3173 485 3203 consoitus
508 3170 545 3204 B¹
572 3191 606 3194 —
634 3174 686 3205 29.
712 3174 761 3204 his
783 3175 810 3204 A
838 3191 872 3194 —
907 3174 1068 3212 olympias
1092 3173 1199 3203 alebat
1223 3173 1260 3210 B,
1287 3172 1350 3204 sed
1375 3180 1425 3202 sa
1451 3172 1483 3202 in
1509 3180 1576 3203 ras.
1606 3188 1640 3192 —-
1677 3171 1730 3202 30.
1756 3179 1820 3210 quo
1844 3170 1902 3201 illa

135 3218 202 3250 loco
232 3220 334 3252 codd.
362 3222 488 3263 interp.
515 3224 641 3255 Moseri
675 3241 709 3246 —
747 3224 800 3255 32.
826 3224 965 3255 emisisse
989 3224 1015 3253 V
1047 3232 1089 3255 ex
1115 3232 1226 3254 corn:
1259 3225 1287 3253 et
1312 3222 1465 3253 mississet
1488 3223 1533 3259 A,
1571 3224 1600 3252 et
1623 3221 1759 3251 misisset
1783 3221 1824 3258 B,
1858 3229 1901 3251 ea:

135 3269 271 3300 misisset
294 3269 352 3305 V¹;
378 3273 481 3303 emisit
504 3277 593 3305 coni.
613 3273 724 3308 Halm,
751 3275 832 3305 vitio
858 3283 899 3306 ex
924 3273 1014 3305 male
1039 3275 1179 3305 invecto
1203 3275 1231 3303 et
1257 3274 1380 3308 enat03
1406 3272 1536 3303 emissos
1559 3280 1625 3303 esse
1649 3269 1781 3302 mavult
1805 3268 1900 3301 Klotz

141 3334 175 3340 —
201 3317 252 3350 33.
275 3319 455 3358 ptolomeus
476 3323 529 3354 AB
557 3338 592 3346 —
620 3323 671 3356 34.
698 3323 758 3355 tali
783 3324 822 3355 V¹
847 3339 882 3346 —
909 3323 1091 3356 exsisteriis
1114 3320 1152 3354 B¹
1178 3338 1212 3344 —
1240 3321 1292 3354 35.
1318 3322 1454 3361 dyonosi
1476 3321 1515 3354 Β.

248 3377 365 3411 Cietae
385 3381 418 3413 T.
439 3382 489 3413 IV.
1345 3402 1350 3406 -
1557 3380 1612 3422 36
