2249 3624
278 130 360 174 424
876 127 946 169 DE
977 125 1205 168 DEORUM
1232 124 1449 166 NATURA

276 238 428 281 melius
468 236 654 278 mundo:
695 247 871 275 necesse
910 237 973 273 est
1015 245 1115 285 ergo
1155 245 1251 273 eum
1292 232 1466 272 deorum
1498 232 1674 274 consilio
1706 237 1747 274 et
1787 234 2050 288 providentia

276 299 574 343 administrari.
625 299 842 338 Postremo
885 309 978 336 cum
1020 295 1120 335 satis
1160 295 1427 335 docuerimus
1468 294 1546 335 bos
1588 309 1680 335 esse
1712 296 1830 345 deos,
1872 311 2050 351 quorum

275 363 481 416 insignem
513 361 597 402 vim
635 365 677 400 et
715 359 934 398 inlustrem
972 357 1119 398 faciem
1150 357 1409 404 videremus,
1449 357 1581 397 solem
1623 357 1717 398 dico
1756 364 1796 399 et
1832 360 1974 400 lunam
2012 365 2052 401 et

275 438 403 479 vagas
435 423 575 464 stellas
606 427 647 462 et
676 422 909 462 inerrantes
942 425 982 460 et
1013 419 1175 460 caelum
1207 424 1248 459 et
1278 418 1481 459 mundum
1513 419 1649 472 ipsum
1681 424 1722 460 et
1749 434 1889 462 earum
1911 437 2050 464 rerum

244 487 378 534 5vim,
424 498 531 539 quae
576 486 764 524 inessent
800 483 842 522 in
885 482 998 522 omni
1038 481 1196 521 mundo
1238 495 1330 521 cum
1371 495 1522 534 magno
1565 496 1643 522 usu
1684 487 1724 522 et
1755 484 2081 526 commoditate¹

276 548 441 603 generis
472 547 670 594 humani,
703 545 883 586 efficitur
914 545 1054 584 omnia
1089 543 1177 596 regi
1211 543 1353 583 divina
1383 549 1522 584 mente
1553 549 1678 597 atque
1709 545 1947 598 prudentia.
1997 548 2055 588 Ae

277 612 329 652 de
359 610 494 665 prima
526 608 697 663 quidem
729 613 843 662 parte
875 608 972 648 satis
1004 607 1159 648 dictum
1194 613 1268 649 est.

390 672 566 712 XXXII.
599 668 665 710 81.
698 670 901 724 Sequitur
929 675 977 710 ut
1006 670 1178 712 doceam
1210 671 1350 711 omnia
1381 671 1567 711 subiecta
1599 684 1691 712 esse
1721 675 1896 712 naturae
1919 673 2081 725 eaque'⁴

276 736 328 778 ab
360 749 409 777 ea
439 733 721 788 pulcherrime
753 733 856 786 geri.
909 732 991 773 Sed
1024 734 1124 787 quid
1158 734 1210 773 sit
1240 734 1332 787 ipsa
1362 738 1510 773 natura
1539 733 1833 787 explicandum
1866 739 1929 774 est
1958 740 2055 776 ante

228 810 264 839 ⁴0
278 798 480 844 breviter,
514 810 600 850 quo
630 795 794 836 facilius
824 795 889 842 id,
921 795 1035 849 quod
1059 796 1209 836 docere
1232 796 1444 844 volumus,
1477 796 1666 849 intellegi
1689 798 1834 849 possit.
1865 796 2086 851 Namque*

278 861 350 901 alii
389 865 580 900 naturam
621 871 713 898 esse
755 863 930 898 censent
961 858 1042 898 vim
1075 858 1286 912 quandam
1318 859 1406 898 sine
1438 858 1598 898 ratione
1631 859 1810 898 cientem
1842 864 1979 899 motus
2012 860 2054 900 in

278 921 526 976 corporibus
557 921 839 968 necessarios,
870 920 941 961 alii
972 926 1110 961 autem
1142 922 1224 961 vim
1257 921 1504 974 participem
1535 920 1709 960 rationis
1739 925 1865 974 atque
1895 921 2055 962 ordinis

277 991 491 1039 tamquam
531 984 598 1024 via
636 983 976 1037 progredientem
1017 984 1407 1037 declarantemque,
1453 983 1551 1036 quid
1593 983 1796 1036 cuiusque
1837 985 1898 1024 rei
1929 998 2056 1026 causa

279 1045 452 1095 efficiat,
493 1046 593 1100 quid
624 1052 867 1103 sequatur&
888 1046 1007 1086 cuius
1039 1046 1264 1086 sollertiam
1301 1046 1417 1086 nulla
1448 1059 1535 1093 ars,
1573 1045 1690 1085 nulla
1721 1058 1890 1095 manus,
1931 1060 2055 1088 nemo

227 1120 265 1151 45
279 1108 422 1163 opifex
453 1109 655 1163 consequi
687 1109 820 1163 possit
849 1109 1073 1156 imitando;
1118 1108 1288 1148 seminis
1320 1108 1431 1148 enim
1461 1109 1544 1148 vim
1577 1121 1669 1148 esse
1700 1113 1882 1156 tantam,
1922 1114 1970 1149 ut
1999 1110 2056 1159 id,

280 1185 535 1226 quamquam
568 1172 623 1212 sit
652 1172 949 1225 perexiguum,
980 1176 1139 1219 tamen,
1172 1172 1206 1210 si
1236 1170 1434 1211 inciderit
1464 1171 1507 1210 in
1539 1170 1847 1223 concipientem
1880 1185 2057 1226 conpre-

277 1233 619 1288 hendentemque
642 1240 832 1274 naturam
854 1239 1136 1286 nanctumque
1154 1233 1207 1273 sit
1227 1234 1457 1281 materiam,
1476 1247 1559 1287 qua
1580 1233 1635 1273 ali
1657 1234 1888 1288 augerique
1910 1236 2056 1288 possit,

278 1297 338 1338 ita
367 1294 496 1350 fingat
527 1302 568 1336 et
597 1296 753 1337 efficiat
782 1297 825 1336 in
857 1309 932 1336 suo
965 1295 1151 1350 quidque
1184 1309 1355 1366 genere,
1386 1297 1548 1349 partim
1567 1302 1613 1336 ut
1642 1301 1802 1336 tantum
1834 1298 1960 1338 modo
1983 1312 2057 1352 per

280 1359 432 1413 stirpes
463 1359 630 1400 alantur
660 1373 777 1407 suas,
809 1359 957 1413 partim
989 1364 1036 1398 ut
1066 1358 1224 1398 moveri
1258 1360 1382 1399 etiam
1415 1364 1455 1399 et
1486 1359 1641 1398 sentire
1663 1363 1704 1398 et
1729 1365 1928 1412 appetere
1958 1374 2072 1415 pos-

229 1434 267 1464 20
282 1422 367 1463 sint
405 1427 445 1463 et
484 1435 537 1462 ex
566 1436 659 1463 sese
689 1423 840 1463 similia
872 1422 935 1462 sui
968 1422 1152 1474 gignere.
1203 1419 1270 1460 82.
1303 1422 1408 1461 Sunt
1438 1427 1578 1462 autem
1611 1421 1683 1474 qui
1716 1421 1856 1462 omnia
1886 1427 2057 1465 naturae

279 1485 452 1526 nomine
483 1486 719 1540 appellent,
752 1491 798 1525 ut
827 1486 1055 1538 Epicurus,
1088 1484 1160 1537 qui
1191 1484 1246 1523 ita
1268 1483 1439 1531 dividit,
1472 1485 1678 1531 omnium,
1711 1497 1817 1538 quae
1849 1485 1953 1532 sint,
1985 1500 2058 1527 na—

280 1553 417 1589 turam
457 1562 551 1589 esse
583 1561 759 1601 corpora
790 1553 831 1588 et
870 1548 994 1587 inane
1027 1559 1220 1600 quaeque
1252 1547 1303 1587 iis
1335 1547 1539 1587 accidant.
1603 1547 1685 1586 Sed
1717 1560 1793 1586 nos
1826 1560 1919 1588 cum
1953 1547 2058 1589 dici-

280 1624 374 1652 mus
405 1616 554 1651 natura
584 1616 774 1650 constare
806 1609 1178 1663 administrarique
1211 1610 1430 1657 mundum,
1463 1610 1625 1650 nonita
1648 1609 1845 1658 dicimus,
1878 1616 1923 1651 ut
1943 1611 2056 1664 glae-

280 1673 376 1714 bam
421 1681 490 1715 aut
532 1674 812 1726 fragmentum
854 1671 1004 1725 lapidis
1044 1677 1116 1712 aut
1158 1672 1319 1726 aliquid
1352 1673 1439 1712 eius
1471 1672 1608 1720 modi,
1654 1673 1768 1712 nulla
1803 1673 2057 1714 cohaerendi

230 1746 268 1777 25
282 1742 450 1785 natura,
483 1737 555 1777 sed
587 1742 633 1776 ut
662 1736 879 1783 arborem,
910 1740 956 1775 ut
986 1734 1162 1782 animal,
1193 1735 1235 1774 in
1267 1735 1422 1790 quibus
1452 1735 1568 1775 nulla
1594 1736 1824 1784 temeritas,
1857 1736 1931 1776 sed
1953 1735 2081 1785 ordo-g.

281 1804 458 1854 apparet
487 1804 528 1839 et
557 1800 656 1839 artis
688 1798 894 1853 quaedam
927 1797 1172 1837 similitudo.

394 1862 592 1902 XXXIII.
624 1859 690 1901 83.
734 1861 856 1909 Quod
898 1860 932 1899 si
975 1873 1042 1907 ea,
1084 1873 1192 1914 quae
1224 1873 1247 1900 a
1276 1865 1386 1900 terra
1417 1860 1614 1913 stirpibus
1646 1860 1936 1910 continentur,
1968 1866 2055 1902 arte

280 1930 454 1967 naturae
485 1924 632 1964 vivunt
661 1929 702 1964 et
732 1924 891 1976 vigent,
923 1922 1110 1976 profecto
1143 1923 1233 1976 ipsa
1259 1928 1369 1962 terra
1391 1922 1536 1962 eadem
1560 1924 1599 1963 vi
1621 1924 1871 1971 continetur,
1894 1924 2055 1977 quippe

283 2002 392 2043 quae
423 1987 637 2041 gravidata
668 1986 896 2027 seminibus
919 1986 1060 2025 omnia
1080 1986 1216 2039 pariat
1236 1991 1276 2025 et
1300 1985 1448 2025 fundat
1471 1999 1521 2025 ex
1545 1999 1657 2033 sese,
1690 1986 1840 2039 stirpes
1863 1986 2057 2040 amplexa

231 2059 269 2091 3ο
283 2052 368 2092 alat
398 2057 440 2091 et
470 2055 621 2103 augeat
644 2050 819 2104 ipsaque
841 2049 975 2088 alatur
997 2048 1179 2088 vicissim
1205 2061 1226 2088 a
1251 2049 1413 2101 superis
1436 2048 1707 2103 externisque
1729 2049 1914 2097 naturis;
1947 2049 2058 2090 eius-

284 2114 464 2167 demque
497 2112 851 2165 exspirationibus
884 2116 925 2151 et
954 2116 1023 2151 aer
1053 2111 1177 2151 alitur
1208 2116 1248 2151 et
1279 2111 1423 2151 aether
1454 2116 1495 2151 et
1526 2112 1664 2151 omnia
1696 2124 1858 2165 supera.
1910 2112 1990 2159 Ita,
2023 2112 2056 2152 si

282 2181 394 2217 terra
423 2181 571 2215 natura
602 2180 768 2215 tenetur
799 2180 839 2214 et
869 2174 1002 2226 viget,
1036 2174 1181 2214 eadem
1213 2174 1317 2213 ratio
1350 2174 1392 2212 in
1414 2173 1578 2227 reliquo
1601 2174 1757 2213 mundo
1782 2180 1870 2223 est3
1905 2176 2056 2228 stirpes

283 2240 392 2280 enim
423 2244 558 2278 terrae
589 2237 835 2285 inhaerent;
876 2237 1109 2277 animantes
1151 2241 1290 2276 autem
1330 2236 1613 2289 adspiratione
1644 2237 1754 2276 aeris
1786 2236 2058 2285 sustinentur,

281 2301 458 2356 ipseque
487 2305 558 2340 aer
587 2300 806 2340 nobiscum
826 2299 957 2347 videt,
990 2300 1207 2339 nobiscum
1230 2299 1364 2346 audit,
1396 2298 1616 2338 nobiscum
1639 2305 1786 2348 sonat3
1820 2300 1925 2339 nihil
1946 2300 2057 2339 enim

231 2373 268 2403 35
283 2378 425 2406 eorum
458 2364 547 2404 sine
579 2376 627 2402 eo
660 2360 744 2402 fieri
778 2368 927 2416 potest.
980 2362 1092 2410 Quin
1125 2362 1249 2402 etiam
1282 2368 1473 2402 movetur
1503 2361 1751 2408 nobiscum3
1792 2375 2057 2415 quacumque

283 2428 395 2468 enim
435 2427 566 2473 imus,
609 2439 872 2478 quacumque
904 2438 1142 2472 movemur,
1175 2425 1339 2465 videtur
1370 2424 1490 2478 quasi
1523 2424 1661 2464 locum
1693 2424 1790 2464 dare
1823 2430 1863 2464 et
1893 2424 2057 2464 cedere.

282 2488 349 2530 84.
382 2490 584 2541 Quaeque
616 2488 659 2527 in
691 2488 875 2527 medium
907 2488 1043 2527 locum
1076 2488 1239 2534 mundi,
1272 2487 1343 2541 qui
1367 2493 1429 2527 est
1454 2485 1643 2534 infimus,
1676 2492 1717 2527 et
1739 2500 1846 2540 quae
1870 2501 1894 2527 a
1916 2487 2056 2527 medio

282 2553 327 2594 in
368 2565 567 2606 superum
603 2563 800 2605 quaeque
843 2551 1118 2590 conversione
1149 2550 1332 2590 rutunda
1363 2551 1515 2590 circum
1548 2549 1731 2590 medium
1762 2549 1971 2598 feruntur,
2011 2562 2059 2590 ea

371 2714 401 2745 ⁴.
427 2722 501 2745 eum
525 2721 594 2745 om.
619 2710 658 2744 Βι
686 2729 720 2735 -
748 2713 779 2744 5.
805 2712 839 2743 in
864 2720 933 2743 om.
960 2712 986 2743 A
1015 2729 1048 2733 —
1077 2711 1107 2742 6.
1132 2711 1204 2751 regi
1229 2719 1299 2742 om.
1327 2707 1365 2741 B¹
1394 2728 1423 2733 -
1454 2710 1485 2741 8.
1512 2718 1617 2749 eoque
1641 2717 1732 2740 corr.
1761 2718 1801 2740 ex
1826 2719 1953 2749 aeaque
1976 2711 2004 2741 V
2023 2728 2056 2733 —

282 2763 313 2795 9.
332 2764 403 2804 regi
426 2764 451 2795 E
466 2764 491 2794 O
519 2781 553 2786 —
581 2763 633 2794 ⁴0.
661 2771 725 2803 quo
747 2762 879 2803 facilius
901 2762 946 2799 id,
973 2762 1059 2801 quod
1083 2762 1196 2793 docere
1219 2762 1369 2799 volimus,
1395 2761 1537 2801 intellegi
1558 2760 1660 2799 possit,
1684 2760 1880 2792 Priscianus
1899 2760 1953 2798 IX,
1973 2761 2004 2799 ⁴,
2023 2760 2056 2793 8.

284 2831 320 2835 —
340 2814 391 2845 ⁴5.
417 2814 580 2845 emitando
599 2811 637 2844 V¹
658 2831 692 2835 —-
720 2814 772 2845 ⁴6.
798 2812 1132 2852 conprendentemque
1150 2813 1175 2843 A
1191 2809 1243 2850 Ψ,
1270 2811 1669 2850 conpraehendenlemque
1692 2810 1715 2841 B
1743 2827 1777 2832 —
1807 2811 1859 2841 ⁴7.
1878 2814 2056 2842 nanctum-

282 2871 344 2903 que
367 2864 394 2894 A
409 2863 432 2894 C
447 2863 508 2892 V¹:
542 2866 745 2902 nardumque
769 2871 860 2894 corr.
887 2862 920 2893 in
944 2864 1143 2901 metumque
1167 2862 1214 2898 B;
1246 2866 1381 2892 nac-tum
1396 2862 1442 2899 E;
1472 2864 1670 2900 metumque
1694 2858 1774 2891 V²O
1800 2878 1835 2882 —
1863 2870 1931 2901 qua
1955 2862 2000 2892 ali
2024 2862 2057 2893 in

281 2921 351 2944 ras.
379 2920 427 2943 m.
454 2921 525 2944 sec.
552 2914 597 2949 Α;
625 2913 717 2953 quali
743 2913 766 2944 C
795 2930 830 2935 —
859 2912 910 2944 ⁴8.
938 2912 1076 2952 quicque
1102 2913 1210 2951 (corr.
1237 2919 1284 2942 m.
1312 2920 1384 2943 sec.
1412 2912 1445 2942 in
1471 2911 1624 2952 quidque)
1650 2911 1694 2947 V3
1729 2910 1871 2950 quinque
1896 2912 1997 2951 (corr.
2024 2912 2058 2944 in

282 2963 430 3003 quicque)
462 2963 508 2999 Β;
547 2972 695 3003 quaeque
723 2965 769 2998 A;
807 2971 936 3003 quoque
960 2962 983 2992 E
1016 2979 1050 2984 -
1091 2962 1142 2993 ⁴9.
1165 2964 1295 3000 possent
1319 2962 1341 2992 B
1358 2961 1381 2992 C
1397 2959 1438 2990 V¹
1466 2979 1500 2983 —
1540 2962 1593 2992 20.
1619 2961 1670 2991 sui
1693 2960 1814 2992 similia
1838 2961 1862 2992 O
1891 2979 1924 2984 -
1950 2962 2002 2992 22.
2029 2964 2059 2992 et

280 3013 381 3044 inane
402 3021 550 3052 quaeque
577 3017 607 3045 el
635 3015 735 3044 inane
758 3013 799 3044 iis
816 3014 841 3044 Α
869 3029 903 3035 —
930 3012 977 3042 his
1001 3012 1024 3042 B
1041 3011 1065 3042 E
1081 3012 1105 3042 O
1135 3029 1167 3033 —
1196 3010 1248 3041 23.
1269 3010 1421 3051 glaebam
1437 3012 1483 3046 A;
1510 3010 1659 3041 claebam
1676 3010 1777 3049 (corr.
1798 3010 1831 3040 in
1849 3010 1987 3050 glebam)
2008 3010 2054 3048 V3

282 3063 412 3106 glebam
436 3064 459 3094 B
475 3064 498 3094 C
515 3064 576 3095 EO
605 3081 638 3085 —
665 3062 718 3095 24.
745 3062 939 3094 cohaerendi
964 3070 1053 3093 corr.
1082 3070 1123 3092 ex
1147 3062 1316 3092 coercendi
1341 3062 1364 3092 B
1393 3078 1428 3083 —
1455 3061 1507 3092 28.
1535 3061 1720 3092 conlinetur
1743 3060 1924 3091 Davisius:
1949 3060 2058 3091 conti-

282 3116 381 3145 netur
403 3116 476 3144 arte
499 3116 642 3144 naturae
665 3111 717 3147 521:
745 3114 930 3144 continetur
953 3115 982 3143 el
1006 3114 1078 3143 arte
1100 3115 1247 3143 nalurae
1272 3112 1296 3143 O
1326 3129 1356 3134 —
1388 3111 1440 3143 30.
1467 3111 1636 3142 uicissima
1660 3119 1682 3141 a
1704 3111 1830 3151 (priore
1848 3118 1869 3141 a
1886 3109 2012 3150 deleta)
2031 3110 2057 3140 V

287 3182 323 3188 -
349 3164 550 3203 eiusdemqui
573 3165 599 3195 A
629 3181 661 3186 —
688 3163 740 3194 3⁴.
767 3167 796 3195 el
819 3172 897 3195 caer
921 3164 1110 3203 (superscr.
1138 3162 1157 3192 h
1182 3162 1272 3193 inter
1295 3171 1316 3192 a
1341 3162 1375 3192 et
1397 3161 1423 3201 e)
1449 3162 1474 3193 A
1494 3171 1500 3199 3
1527 3170 1586 3193 aer
1603 3162 1685 3200 (om.
1705 3160 1743 3199 et)
1770 3160 1804 3191 in
1828 3168 1895 3191 ras.
1915 3167 1962 3190 m.
1982 3167 2054 3190 sec.

284 3214 314 3246 V
333 3231 367 3237 -
387 3217 416 3245 et
432 3214 543 3245 ethaer
559 3214 586 3245 A
607 3230 640 3234 —
667 3222 788 3253 supera
813 3222 903 3245 corr.
924 3222 965 3244 ex
989 3221 1092 3252 supra
1108 3212 1137 3243 V
1163 3229 1198 3235 --
1226 3213 1278 3243 Ila
1302 3221 1370 3244 om.
1399 3212 1423 3243 C
1453 3229 1486 3235 -
1518 3211 1571 3243 34.
1598 3213 1729 3251 ipseque
1752 3219 1811 3241 aer
1826 3227 1875 3233 --
1891 3210 2058 3240 nobiscum

284 3267 381 3297 sonat
399 3272 468 3296 om.
490 3262 528 3295 V¹
545 3281 580 3287 -
601 3263 653 3295 36.
673 3273 878 3304 quacumque
894 3272 1065 3295 mouemur
1087 3263 1111 3295 B
1125 3262 1171 3293 V:
1198 3271 1267 3304 qua
1283 3270 1455 3294 mouemur
1471 3262 1497 3295 A
1513 3262 1536 3294 C
1552 3262 1576 3294 E
1597 3279 1631 3284 -—
1662 3260 1714 3293 38.
1733 3263 1801 3297 rut,
1820 3257 1911 3292 AV¹z
1935 3261 1999 3290 rol.
2015 3258 2054 3295 Ο.
