2249 3624
600 161 685 200 Lm.
718 161 748 200 Ι.
788 160 886 201 CAP.
918 162 1238 201 xvsti-xlx.
1278 159 1338 214 §§
1369 160 1565 200 32-37.
1885 162 1965 202 493

198 269 330 310 editas
361 266 623 319 accepimus:
659 279 766 319 quae
799 272 935 306 tamen
969 268 1116 307 ductae
1146 274 1190 307 ut
1222 268 1263 306 in
1296 282 1380 307 rem
1413 273 1509 320 apte
1541 268 1689 307 cadant
1720 268 1809 308 lieri
1843 271 1966 309 credo

197 345 320 386 posse
361 328 575 368 divinitus.
628 328 812 377 Quorum
846 332 1031 370 omnium
1064 332 1334 383 interpretes,
1374 337 1417 369 ut
1447 332 1703 383 grmnmatici
1737 339 1967 383 poetarum,

197 405 400 447 proxume
432 390 483 430 ad
515 404 681 436 eorum,
714 405 820 442 quos
853 393 1189 444 interpretantur,
1222 393 1520 432 divinationem
1544 394 1738 432 videntur
1758 396 1968 435 accedere.

195 455 261 494 35.
301 454 420 502 Quae
464 460 525 491 est
569 453 694 504 igitur
737 454 814 493 ista
854 455 1060 494 calliditas
1103 470 1168 494 res
1212 461 1414 494 vetustate
1453 455 1641 494 robustas
1673 457 1968 497 calumniando

194 518 301 557 velle
339 517 609 570 pervertere?
651 517 742 554 Non
783 518 946 568 reperio
979 532 1158 557 causam.
1210 519 1328 556 Latet
1359 517 1535 556 fortasse
1567 518 1820 558 obscuritate
1854 521 2000 559 inve—5

195 582 279 621 luta
317 586 499 619 naturae.
561 579 651 616 Non
693 580 803 617 enim
847 592 910 618 me
943 579 1046 618 deus
1079 581 1154 620 ista
1186 581 1310 625 scire,
1356 580 1427 619 sed
1462 581 1524 619 liis
1557 587 1716 620 tantum
1751 583 1877 622 modo
1911 585 1969 622 uti

195 642 342 683 voluit.
391 641 486 680 Utar
517 642 645 693 igitur
675 655 752 680 nec
783 641 984 687 adducar,
1017 649 1087 682 aut
1120 644 1161 682 in
1185 643 1293 681 extis
1317 648 1444 681 totam
1469 643 1674 683 Etruriam
1699 644 1877 685 delirare
1899 653 1971 685 aut

194 705 370 746 eandem
413 710 578 756 gentem
616 704 658 743 in
702 704 934 755 fulgoribus
967 718 1103 744 errare
1135 712 1204 744 aut
1237 705 1441 744 fallaciter
1472 712 1661 759 portenta
1694 708 1970 761 interpretari,

194 781 286 808 cum
312 773 445 807 terrae
473 779 599 818 saepe
630 765 843 812 fremitus,
869 779 994 819 saepe
1028 767 1232 818 mugitus,
1261 780 1386 820 saepe
1411 774 1547 807 motus
1571 770 1699 808 multa
1722 777 1888 810 nostrae
1911 773 1970 811 rei

194 830 406 883 publicae.
441 828 570 868 multa
602 829 749 868 ceteris
781 828 1020 867 civitatibus
1052 830 1193 881 gravia
1216 836 1255 868 et
1279 843 1373 868 vera
1397 831 1695 882 praedixerint.
1739 830 1805 871 315.
1831 835 2020 881 Quarta>

193 892 264 945 qui
295 891 504 930 inridetur
535 896 678 944 partus
710 890 777 930 hic
811 891 947 930 mulae
979 904 1139 937 nonne,
1172 892 1272 943 quia
1303 891 1411 930 fetus
1434 894 1572 932 extitit
1594 894 1634 932 in
1658 896 1876 936 sterilitate
1899 911 1970 936 na—

193 960 330 999 turae,
365 953 604 1006 praedictus
634 958 697 991 est
718 953 769 991 ab
791 951 1088 1005 haruspicibus
1111 954 1369 993 incredibilis
1392 961 1536 1007 partus
1561 956 1794 996 malorum?
1828 959 1969 1007 Quid?

192 1017 255 1055 Ti.
279 1016 512 1061 Gracchus,
546 1013 682 1054 Publii
715 1013 842 1061 lilius,
875 1015 946 1067 qui
978 1015 1039 1054 bis
1071 1016 1216 1054 consul
1241 1022 1281 1055 et
1304 1030 1455 1055 censor
1474 1017 1551 1056 fuit
1574 1018 1772 1072 idemque
1796 1027 1835 1060 et
1859 1036 1970 1061 sum-

192 1093 284 1119 mus
327 1092 461 1131 augur
502 1083 541 1117 et
580 1079 641 1118 vir
680 1080 848 1130 sapiens
888 1078 1078 1130 civisque
1119 1084 1358 1130 praestans,
1401 1092 1562 1125 nonne,
1604 1086 1647 1119 ut
1680 1082 1719 1122 C.
1744 1083 1969 1132 Gracchus,

193 1141 302 1182 lilius
334 1142 443 1187 eius,
476 1141 677 1193 scriptum
709 1140 897 1193 reliquit,
931 1140 1096 1179 duobus
1127 1141 1336 1192 anguibus
1369 1141 1482 1180 domi
1513 1144 1815 1195 conprehensis
1847 1149 2021 1187 ham->15

192 1205 329 1258 spices
369 1204 644 1244 convocavit?
692 1203 764 1257 qui
807 1217 900 1243 cum
934 1203 1274 1256 respondissent,
1321 1204 1354 1243 si
1387 1218 1541 1244 marem
1576 1206 1804 1255 emisisset,
1850 1212 1970 1251 uxori

193 1268 307 1307 brevi
340 1273 525 1320 tempore
558 1280 649 1306 esse
682 1267 967 1312 moriendum,
1011 1266 1043 1305 si
1076 1265 1295 1313 feminam,
1333 1268 1436 1319 ipsi,
1477 1268 1654 1321 aequius
1687 1284 1777 1309 esse
1810 1273 1971 1312 censuit

192 1344 236 1370 se
269 1337 470 1370 maturam
502 1335 704 1381 oppetere
735 1335 910 1368 mortem
945 1341 1070 1382 quain
1102 1329 1142 1367 P.
1167 1328 1349 1368 Africani
1381 1327 1506 1369 liliam
1529 1330 1858 1373 adulescentem.
1894 1336 1971 1374 Fe-

193 1394 344 1433 minam
378 1392 535 1438 emisit,
566 1391 654 1444 ipse
687 1392 830 1445 paucis
863 1397 958 1444 post
988 1388 1137 1429 diebus
1169 1396 1231 1429 est
1263 1396 1465 1431 mortuus.

307 1456 420 1494 xlx.
455 1455 713 1495 Inrideamus
745 1455 1008 1508 haruspices,
1041 1466 1191 1500 vanOS,
1232 1453 1371 1493 futiles
1404 1468 1496 1494 esse
1529 1455 1736 1504 dicamus,
1769 1473 1969 1512 quorum·
1983 1468 2019 1496 20

193 1532 275 1571 que
307 1518 569 1571 disciplinam
602 1524 642 1558 et
673 1518 1009 1571 sapientissimus
1043 1517 1105 1556 vir
1135 1523 1175 1555 et
1196 1524 1370 1556 eventus
1393 1530 1439 1556 ac
1462 1531 1527 1558 res
1549 1521 1841 1572 conprobavit,
1873 1538 1970 1563 con-

193 1586 446 1626 temnamus3
489 1587 810 1620 contemnamus
843 1581 966 1620 etiam
999 1579 1255 1631 Babylonem
1287 1585 1329 1619 et
1360 1593 1450 1627 eos,
1489 1582 1561 1634 qui
1595 1596 1616 1621 e
1649 1584 1833 1625 Caucaso
1865 1588 1969 1626 caeli

196 1643 314 1696 signa
345 1649 560 1683 servantes
593 1644 776 1683 numeris
811 1641 867 1696 [et
898 1637 1093 1693 motibus]
1128 1641 1343 1681 stellarum
1375 1656 1520 1683 cursus
1544 1653 1830 1697 persecuntur.
1864 1650 1970 1688 Con·

194 1705 464 1752 demnemus,
496 1708 688 1759 inquam,
720 1706 796 1745 hos
829 1711 898 1745 aut
929 1704 1131 1743 stultitiae
1163 1710 1234 1743 aut
1264 1705 1460 1745 vanitatis
1487 1713 1557 1746 aut
1577 1708 1862 1760 inpudentiae,
1896 1714 1967 1765 qui

193 1767 500 1820 quadringenta
531 1768 797 1820 septuaginta
825 1767 939 1807 milia
966 1780 1186 1813 annorum,
1215 1773 1258 1806 ut
1283 1768 1364 1820 ipsi
1389 1768 1546 1816 dicunt,
1569 1774 1851 1812 monumentis
1873 1788 1970 1813 con-
1983 1782 2020 1809 ‘25

192 1830 401 1881 prehensa
432 1832 666 1877 continent,
698 1836 740 1871 et
771 1831 934 1870 mentiri
967 1829 1198 1869 iudicemus
1230 1842 1308 1869 nec
1338 1831 1603 1871 saeculorum
1627 1833 1884 1888 reliquorum
1908 1838 1971 1876 iu-

193 1892 362 1933 dicium.
400 1893 511 1946 quod
545 1893 596 1932 de
628 1894 729 1946 ipsis
762 1892 947 1933 futurum
979 1892 1050 1938 sit,
1082 1893 1391 1944 pertimescere.
1451 1891 1518 1933 37.
1549 1897 1657 1948 Age,
1689 1897 1853 1937 barbari
1875 1901 1969 1939 vani

192 1960 319 2007 atque
350 1954 544 1994 fallaces:
577 1969 675 1995 num
708 1957 831 1996 etiam
865 1955 1084 1994 Graiorum
1116 1955 1293 1995 historia
1326 1957 1499 1996 mentita
1531 1960 1622 1998 est?
1665 1959 1782 2007 Quae
1818 1960 1969 2001 Croeso

194 2016 366 2069 Pythius
399 2017 568 2070 Apollo,
609 2024 655 2057 ut
695 2019 747 2058 de
787 2017 965 2057 naturali
1007 2016 1266 2057 divinatione
1297 2018 1455 2065 dicam,
1489 2032 1596 2072 quae
1628 2022 1969 2071 Atheniensibus,

193 2092 300 2131 quae
344 2080 704 2128 Lacedaemoniis,
747 2095 853 2136 quae
887 2080 1104 2132 Tegeatis,
1144 2093 1251 2133 quae
1282 2082 1466 2132 Argivis,
1508 2096 1614 2136 quae
1648 2084 1875 2125 Corinthiis
1906 2094 2019 2126 re-3o

193 2141 410 2194 sponderit
450 2143 544 2196 quis
582 2143 780 2195 ignorat?
826 2142 1003 2195 Collegit
1044 2142 1369 2183 innumerabilia
1400 2145 1570 2184 oracula
1603 2145 1864 2200 Chrysippus
1897 2162 1971 2189 nec

194 2359 317 2390 Cicero
343 2359 436 2390 enim
461 2358 620 2390 dicturus
655 2361 706 2390 «si
731 2364 760 2390 et
781 2360 1014 2390 auctoritatem
1038 2359 1132 2390 habet
1154 2361 1328 2391 vetustatis
1352 2363 1380 2391 et
1405 2360 1517 2392 divina
1541 2362 1575 2392 vi
1598 2366 1700 2393 sortes
1723 2363 1967 2396 subornantur„

193 2407 341 2440 alterum
368 2408 570 2440 membrum
596 2411 727 2440 mutata
753 2409 946 2441 verborum
971 2411 1147 2440 structura
1173 2408 1295 2441 intulit.
1317 2427 1353 2432 —
1379 2411 1458 2442 heae
1484 2412 1529 2447 Η,
1555 2411 1658 2443 haeae
1682 2415 1706 2444 A
1724 2414 1750 2442 V
1770 2432 1799 2437 -
1831 2416 1860 2445 t.
1887 2416 1969 2446 edu-

192 2463 263 2489 ctae
288 2459 314 2489 Η
342 2475 377 2480 -—
404 2459 434 2489 2.
461 2460 674 2499 gyrammatici
700 2463 733 2490 ut
753 2463 928 2496 poetarum
955 2459 982 2490 H
1003 2477 1036 2481 —
1065 2460 1096 2489 3.
1115 2460 1320 2490 divinitatem
1344 2461 1538 2500 Hottinger.
1561 2480 1594 2483 —
1616 2463 1645 2493 7.
1673 2472 1730 2494 nec
1753 2466 1897 2496 adducat
1917 2466 1965 2502 Vl,

193 2509 248 2540 eui
273 2507 411 2540 lectioni
437 2510 468 2540 in
494 2518 602 2549 marg.
630 2509 712 2540 add.
739 2513 775 2540 ut
798 2518 887 2541 rear.
918 2526 952 2531 —
979 2513 1039 2540 aut
1061 2511 1397 2542 eandem--errare
1421 2512 1444 2542 B
1471 2513 1503 2542 in
1529 2520 1637 2552 marg.
1665 2530 1699 2535 —
1726 2514 1756 2544 8.
1782 2514 1970 2554 fulguribus

763 2568 777 2585 v

191 2596 216 2626 Ο
251 2613 278 2618 -
313 2596 343 2627 9.
370 2605 464 2636 saepe
487 2596 597 2637 [rem]
623 2597 787 2636 sepemitis
812 2598 858 2633 ΙΙ,
891 2606 980 2637 quae
1000 2597 1170 2629 vocabula
1197 2597 1286 2629 linea
1313 2600 1513 2630 transversa
1541 2598 1653 2630 deleta
1678 2603 1770 2632 sunt.
1801 2620 1835 2624 —
1870 2604 1969 2635 multe

193 2646 215 2676 B
244 2663 278 2667 —
307 2646 357 2677 lO.
382 2646 624 2685 praedii-erunt
649 2646 675 2677 H
698 2664 731 2668 —
754 2647 846 2685 Quod
863 2647 919 2686 qui
939 2647 964 2677 lI
986 2665 1020 2669 —
1048 2649 1059 2678 t
1075 2649 1099 2679 1.
1117 2648 1202 2687 fetus
1224 2648 1274 2678 hic
1298 2649 1408 2679 eaetilil
1427 2648 1467 2678 V2
1485 2665 1518 2670 —
1540 2653 1664 2680 natura
1683 2651 1704 2680 B
1727 2669 1761 2674 —-
1782 2653 1834 2684 12.
1854 2662 1966 2694 arusp.

193 2696 217 2725 A
234 2694 259 2724 H
287 2711 321 2716 —
348 2695 517 2726 mulorum
542 2696 568 2727 H
590 2713 625 2718 —
654 2696 706 2727 43.
736 2696 794 2737 Tit]
820 2697 876 2727 tibi
900 2698 924 2727 C
947 2712 980 2718 --
1006 2707 1039 2736 p.
1064 2698 1152 2738 silius
1177 2700 1200 2729 C
1230 2716 1264 2720 —
1291 2699 1457 2737 [idemque
1481 2699 1503 2729 B
1532 2716 1567 2721 -
1595 2699 1647 2731 Η.
1668 2700 1705 2731 G.
1727 2702 1751 2733 C
1781 2721 1814 2725 —
1846 2705 1894 2735 ¹5.
1915 2714 1970 2736 re-

191 2745 296 2784 liquid
319 2746 344 2776 A
366 2762 400 2766 —
426 2746 688 2784 compraehensus
711 2744 751 2777 A¹
771 2764 805 2768 —-
833 2755 947 2786 arusp.
977 2748 1002 2779 Η
1029 2750 1061 2778 et
1087 2749 1137 2779 sic
1163 2749 1235 2780 sere
1260 2757 1416 2789 semper.
1440 2767 1473 2770 —
1501 2749 1552 2780 ⁴7.
1578 2758 1680 2789 equus
1705 2751 1731 2782 11
1760 2769 1794 2774 —
1828 2753 1874 2784 t8.
1894 2763 1969 2785 ma—

192 2796 303 2824 turam
328 2794 376 2825 C:
410 2798 580 2826 maturum
604 2796 629 2826 Ο
655 2804 736 2827 cum
764 2796 914 2834 Davisio,
951 2798 1009 2837 qui
1035 2797 1181 2829 contulit
1211 2798 1296 2830 Plut.
1324 2808 1355 2829 v.
1382 2798 1454 2829 Tib.
1483 2800 1628 2830 Gracchi
1655 2810 1685 2832 c.
1714 2803 1744 2832 1¹.
1772 2819 1807 2824 —
1833 2804 1866 2834 P.
1895 2813 1965 2836 om.

193 2841 230 2874 Β1
258 2861 291 2865 -
319 2844 464 2883 africani
487 2853 558 2876 om.
586 2843 623 2876 A¹
650 2863 685 2867 —
719 2846 772 2876 ⁶22.
801 2850 1069 2886 contempnamus
1093 2848 1350 2886 (contemnamus
1373 2849 1409 2887 B)
1437 2849 1460 2879 C
1487 2849 1597 2880 semel
1623 2850 1767 2882 habent.
1798 2870 1833 2875 --
1865 2853 1967 2892 baby—

193 2892 298 2924 lonem
324 2893 431 2933 (babil.
451 2894 489 2933 A)
515 2898 543 2925 et
568 2903 620 2925 eos
644 2896 690 2927 C:
727 2895 926 2934 Babylonios
948 2900 978 2927 et
1002 2906 1055 2928 eos
1071 2898 1263 2935 Victorius,
1289 2899 1499 2936 Babylonios,
1525 2908 1578 2930 eos
1594 2900 1618 2931 Ο
1637 2908 1717 2932 cuni
1742 2902 1963 2943 Hottingero:

194 2943 357 2973 videntur
379 2943 488 2974 verba
514 2944 712 2982 Babylonem
735 2949 764 2976 et
789 2954 830 2976 ex
856 2945 1121 2986 interpolatione
1147 2947 1202 2987 (cs.
1223 2949 1249 2979 11
1275 2948 1292 2988 g
1319 2949 1369 2987 97)
1395 2947 1512 2979 addita
1539 2957 1630 2980 esse.
1656 2967 1686 2973 -
1715 2960 1857 2984 cancaso
1884 2954 1909 2984 ll
1929 2971 1963 2975 —

193 2992 246 3023 23.
273 2995 304 3023 et
326 2993 465 3024 motibus
486 2994 656 3025 stellarum
679 3003 796 3026 cursus
820 2996 867 3026 C:
894 2999 923 3026 et
946 3000 1053 3028 motus
1075 2998 1247 3028 stellarum
1270 3006 1450 3037 cursusque
1467 2999 1491 3027 Ο
1512 3007 1594 3030 cum
1618 3001 1827 3038 Goerenzio,
1855 3003 1968 3034 stella-

194 3051 269 3072 rum
293 3050 409 3073 cursus
431 3047 460 3074 et
483 3047 590 3074 motus
613 3045 795 3081 Davisius;
829 3045 996 3084 equidem
1028 3051 1057 3078 et
1085 3048 1224 3078 motibus
1247 3046 1323 3078 loco
1350 3047 1424 3078 eius
1449 3048 1543 3087 quod
1568 3051 1622 3080 est
1645 3052 1674 3080 et
1698 3053 1804 3081 motus
1826 3060 1867 3082 ex
1892 3051 1911 3083 1.
1940 3054 1967 3084 11

194 3090 213 3131 ,ξ
235 3093 269 3122 Π
295 3091 339 3122 ab
365 3092 492 3124 eodem
517 3093 765 3134 interpolatore
790 3093 947 3126 additum
973 3104 1050 3127 esse
1078 3099 1172 3136 puto⁷
1200 3107 1218 3128 a
1243 3105 1312 3136 quo
1338 3095 1393 3126 illo
1419 3095 1495 3127 loco
1519 3105 1562 3128 ex
1585 3098 1653 3129 hoc
1677 3102 1708 3130 et
1729 3108 1845 3132 cursus
1867 3101 1967 3132 adie-

195 3142 289 3171 ctum
316 3142 380 3172 est.
409 3158 443 3163 —-
467 3146 711 3183 persequuntur
734 3145 758 3174 A
775 3143 842 3175 VO
871 3162 905 3168 -
932 3146 1203 3185 condempnemus
1224 3148 1268 3183 A,
1295 3147 1573 3186 condempnemus
1596 3148 1624 3179 H
1650 3167 1684 3172 —
1713 3150 1766 3182 24.
1794 3151 1967 3191 impuden-

195 3190 260 3221 tiae
292 3190 500 3223 Lambinus:
535 3194 767 3232 inprudentiae
792 3192 857 3231 (vel
882 3194 993 3233 impr.)
1021 3195 1044 3226 C
1075 3213 1108 3217 —
1146 3197 1195 3227 ¹25.
1222 3197 1431 3236 septuaginta
1454 3197 1478 3228 B
1503 3205 1581 3238 sup.
1607 3197 1664 3229 lin.
1693 3199 1822 3237 habet;
1850 3199 1965 3232 locum

195 3241 337 3280 respicit
363 3241 558 3273 Lactantius
582 3242 661 3274 inst.
688 3243 757 3276 vn.
779 3242 830 3274 14.
849 3261 892 3266 -
915 3244 968 3274 ⁶27.
994 3245 1055 3283 ipsi
1078 3244 1117 3275 Αἱ
1145 3262 1179 3267 ——
1207 3245 1259 3276 30.
1286 3246 1525 3277 lacaedemonis
1546 3248 1572 3279 A
1600 3264 1634 3269 —
1664 3249 1810 3289 Tegeatis
1832 3251 1967 3281 Turne-

195 3287 284 3320 bus:
310 3291 452 3330 tayyetis
468 3290 506 3330 V,
532 3291 692 3332 thayqetis
708 3294 752 3331 Α,
778 3294 939 3333 taqreati's
961 3294 1004 3333 B,
1031 3294 1169 3334 taryetis
1193 3294 1220 3326 H
1247 3311 1282 3317 —
1310 3296 1540 3335 responderent
1564 3297 1592 3328 H
1616 3314 1651 3320 —
1677 3297 1729 3330 31.
1749 3299 1863 3330 oracla
1885 3300 1909 3330 B
1925 3299 1964 3331 V.
