2249 3624
646 189 738 230 Lm.
764 189 835 230 111.
868 187 897 242 3
919 186 1113 230 47-49.
1172 190 1514 231 FRAGMENTA.
1886 186 1967 228 923

566 382 900 481 Fragmenta.
951 380 1203 457 librorum
1259 381 1326 458 de
1379 381 1602 483 legibus.

313 594 350 635 si.
380 594 616 635 Lactantius
648 594 776 633 instit.
801 594 882 634 div.
914 594 962 641 V,
986 592 1024 633 8.
1070 595 1183 634 Nunc
1214 602 1343 634 antem
1373 596 1470 634 mali
1490 602 1580 635 sunt
1600 596 1849 646 iquoratione
1870 599 1966 636 recti

202 674 248 701 ac
275 659 375 699 boni.
437 657 549 706 Quod
579 657 733 708 quidem
754 658 891 696 Cicero
920 657 1039 702 ridin·
1070 658 1275 708 disputans
1305 659 1407 697 enim
1438 658 1482 697 dc
1512 658 1681 709 leyibzts:
1723 657 1837 697 Sicut
1870 672 1965 705 una,

201 723 347 775 inquit,
388 720 619 772 eademque
651 724 798 759 natura
831 719 1012 759 mundus
1043 720 1235 759 omnibus
1267 720 1454 773 partibus
1487 721 1596 760 inter
1625 734 1667 760 se
1699 722 1966 772 congruenti-

201 785 275 825 bus
307 781 499 823 cohaeret
531 795 576 821 ae
610 782 769 829 nititur,
803 782 862 822 sic
895 795 1040 822 omnes
1072 782 1264 821 homines
1296 782 1403 822 inter
1434 796 1477 822 se
1510 789 1656 822 natura
1688 782 1848 822 confusi
1873 797 1966 836 pra-

198 847 322 887 vitate
353 844 618 891 dissentiunt,
651 858 727 883 nec
760 858 802 883 se
834 843 1085 896 intellegunt
1117 857 1207 884 esse
1235 846 1570 898 consanguineos
1594 851 1634 884 et
1657 846 1866 885 subiectos
1889 846 1997 885 sub5

198 921 321 948 unam
361 906 623 960 eandemque
661 907 856 946 tutelam:
911 906 1025 960 quod
1063 907 1097 946 si
1130 913 1366 954 teneretur,
1411 907 1586 947 deorum
1619 907 1807 960 profecto
1839 908 1962 947 vitam

195 971 386 1011 homines
417 970 618 1009 viverent.

307 1030 345 1072 Ξ).
388 1032 626 1072 Lactantius
658 1032 753 1072 inst.
787 1031 869 1071 div.
904 1032 938 1079 Ι,
970 1029 1039 1071 ⁶20.
1093 1033 1287 1083 Magnum
1321 1033 1456 1072 Cicero
1487 1032 1709 1086 audaxque
1741 1033 1962 1073 consilium

197 1095 432 1148 suscepisse
476 1094 695 1134 Graeciam
735 1094 858 1141 dicit,
899 1094 1011 1147 quod
1055 1095 1304 1148 Cupidinum
1348 1099 1387 1134 et
1418 1096 1616 1134 Amorum
1658 1096 1881 1135 simulacra
1921 1096 1962 1134 in

195 1157 418 1212 gymnasiis
459 1162 772 1205 consecrasset3
823 1158 1007 1197 adulatus
1047 1165 1101 1197 est
1143 1157 1316 1196 videlicet
1355 1157 1484 1196 Attico
1529 1164 1563 1197 et
1600 1159 1733 1197 irrisit
1769 1160 1961 1198 hominem
1980 1167 2014 1195 4ο

191 1222 448 1273 familiarem.

309 1282 346 1323 3.
379 1283 616 1322 Lactantius
648 1284 744 1322 inst.
769 1283 851 1322 div.
886 1283 961 1329 ΙΙΙ,
984 1279 1048 1321 19.
1096 1282 1145 1322 Ac
1178 1283 1248 1327 illi,
1281 1283 1348 1334 qui
1378 1283 1422 1321 de
1454 1285 1593 1321 mortis
1623 1283 1719 1321 borio
1748 1284 1961 1336 disputant,

193 1346 249 1386 sic
279 1352 633 1398 arqumentanlur:
679 1347 714 1385 si
743 1346 844 1385 nihil
874 1352 928 1385 est
952 1351 1041 1396 post
1071 1352 1258 1390 mortem,
1291 1357 1367 1383 non
1398 1352 1450 1384 est
1482 1346 1631 1384 malum
1663 1359 1790 1391 mors;
1833 1347 1963 1398 aufert

193 1409 295 1448 enim
324 1421 480 1447 sensum
511 1409 619 1448 mali.
664 1409 710 1447 Si
739 1414 869 1447 aulem
898 1414 1107 1460 supersunt
1137 1409 1309 1453 animae,
1343 1414 1397 1446 est
1428 1409 1545 1447 etiam
1575 1409 1730 1455 bonum,
1765 1410 1858 1460 quia
1889 1410 1961 1448 im-

193 1470 416 1510 mortalitas
446 1473 637 1523 sequitur.
690 1471 819 1520 Quam
849 1473 1081 1510 sententiam
1103 1471 1237 1510 Cicero
1268 1471 1311 1509 de
1335 1471 1480 1520 quibus
1511 1473 1567 1510 sic
1597 1471 1831 1523 explicavit:
1863 1472 2013 1511 Gra-⁴5

193 1533 456 1586 tulemurque
488 1534 622 1581 nobis,
655 1534 854 1587 quoniam
887 1547 997 1573 mors
1028 1539 1099 1573 aut
1130 1533 1344 1572 meliorem
1380 1546 1501 1586 quam
1535 1534 1604 1586 qui
1638 1540 1698 1573 est
1725 1536 1765 1574 in
1790 1536 1869 1574 vita
1891 1540 1964 1574 aut

194 1601 303 1636 certe
346 1608 430 1635 non
476 1595 722 1636 deteriorem
765 1596 954 1636 adlatura
993 1602 1054 1636 est
1092 1601 1271 1642 statum;
1326 1609 1419 1634 nam
1466 1597 1555 1635 sine
1605 1610 1777 1649 corpore
1824 1598 1961 1637 animo

194 1658 363 1710 vigente
395 1659 536 1698 divina
569 1659 652 1699 vita
684 1665 768 1706 est,
801 1672 925 1698 sensu
957 1664 1124 1699 carente
1155 1658 1259 1697 nihil
1293 1658 1481 1710 profecto
1515 1665 1576 1698 est
1609 1661 1718 1699 maii.

309 1718 347 1760 4.
379 1722 636 1773 Augustinus
669 1722 720 1761 de
743 1722 820 1762 civ.
845 1721 909 1761 dei
942 1721 1057 1767 XXI,
1081 1717 1145 1759 tt.
1207 1720 1310 1760 Octo
1343 1735 1493 1773 genera
1527 1736 1755 1775 poenarum
1789 1723 1830 1762 in
1862 1722 1962 1774 legi-

192 1783 266 1823 bus
290 1797 381 1824 esse
403 1784 539 1823 scribit
563 1785 726 1830 Tullius,
752 1784 961 1830 damnum,
994 1783 1174 1829 vincula,
1206 1783 1389 1829 verbera,
1422 1784 1642 1832 talionem,
1675 1785 1961 1836 ignominiam,
1976 1793 2013 1821 20

194 1846 380 1893 exilium,
413 1853 602 1893 mortem,
635 1847 891 1887 servitutem.
925 1844 1089 1897 (Eadem
1110 1846 1226 1884 'cerba
1247 1848 1304 1885 sic
1324 1847 1438 1898 affert
1460 1848 1638 1886 Isidorus
1663 1848 1800 1899 Oriyy.
1824 1848 1870 1894 V,
1889 1844 1960 1886 ²27:

195 1907 299 1947 Octo
333 1922 485 1961 genera
518 1922 750 1962 poenarum
788 1910 830 1948 in
861 1909 1024 1962 legibus
1056 1908 1258 1947 contineri
1294 1910 1446 1947 Tullius
1476 1910 1653 1961 scripsit,
1692 1910 1886 1950 damnum
1907 1932 1924 1938 -
1944 1932 1961 1938 -

192 1971 434 2011 servitutem
474 1977 514 2011 et
554 1977 744 2011 mortem.
813 1973 891 2011 His
929 1984 1096 2023 natuque
1127 1971 1265 2022 poenis
1304 1972 1528 2010 vindicatur
1557 1986 1667 2012 omne
1690 1979 1961 2026 perpetratum

183 2032 415 2084 peccatum.)

303 2093 341 2133 ἵ).
385 2095 554 2136 Servius
587 2096 639 2136 ad
671 2097 794 2149 Verg.
819 2098 922 2135 Aen.
954 2096 1003 2143 V,
1026 2093 1092 2135 46.
1153 2096 1287 2135 Cicero
1319 2097 1375 2135 uic
1406 2098 1447 2136 in
1478 2097 1590 2136 libris
1621 2098 1770 2150 lequm:
1803 2097 1959 2150 Stipem
1975 2106 2011 2135 ζ25

191 2157 416 2210 prohibeo;
467 2171 562 2198 nam
605 2164 729 2212 auget
769 2159 1107 2211 superstitionem
1151 2164 1191 2198 et
1230 2160 1423 2199 exhaurit
1454 2159 1622 2200 domos:
1669 2160 1806 2212 dignis
1836 2161 1961 2212 igitur

190 2218 453 2272 largiendum
486 2226 561 2260 est.

302 2279 341 2321 6.
381 2283 618 2322 Macrobius
659 2283 710 2323 de
750 2283 997 2323 differentiis
1037 2288 1077 2323 et
1115 2284 1381 2324 societatibus
1415 2286 1559 2324 Graeci
1590 2285 1813 2338 Latinique
1844 2285 1958 2324 verbi

193 2339 258 2391 17,
279 2341 317 2383 6.
364 2344 509 2384 Graeci
539 2346 581 2384 'in
611 2346 858 2385 coniunctim
891 2346 1002 2385 modo
1033 2353 1209 2398 tempora
1239 2347 1330 2386 bina
1351 2350 1604 2400 conimzyunl‚
1623 2346 1830 2399 proprium
1852 2345 1962 2387 Lati-

189 2419 333 2446 norum
363 2414 440 2454 est,
473 2414 517 2447 ut
546 2408 659 2447 modo
690 2406 899 2448 indicativa
923 2422 1001 2461 pro
1031 2407 1304 2457 conium-liris,
1338 2411 1450 2449 modo
1482 2409 1727 2449 conium-lira
1751 2423 1828 2462 pro
1859 2408 1956 2450 indi·
1973 2418 2009 2448 30

276 2573 307 2605 8.
338 2572 604 2613 Feidhuegelius
629 2575 695 2606 hoc
720 2575 955 2615 fragmentum
979 2576 1022 2606 ad
1048 2575 1174 2607 tibrum
1194 2577 1235 2607 IV
1261 2577 1303 2607 de
1330 2586 1366 2607 re
1394 2576 1528 2617 publica
1555 2578 1730 2618 pertinere
1756 2577 1957 2610 arbitratur.

191 2638 226 2645 —
255 2624 307 2655 ⁴2.
334 2624 425 2655 Bake
451 2625 569 2655 statuit
594 2624 830 2663 fragmentum
855 2625 898 2656 de
925 2634 993 2666 quo
1019 2628 1131 2666 agitur
1157 2635 1275 2657 errore
1302 2627 1454 2666 quodam
1480 2637 1496 2657 a
1519 2629 1694 2658 Lactantio
1720 2636 1760 2658 ex
1786 2627 1850 2671 atio
1869 2627 1957 2658 libro

189 2671 233 2703 ad
256 2672 320 2703 hos
346 2672 389 2704 de
415 2672 549 2707 legibus
576 2674 779 2706 translatum
806 2684 903 2708 esse;
939 2676 980 2707 ct'⁴
1008 2677 1083 2707 eius
1109 2675 1356 2716 prolegomena
1385 2686 1418 2717 p.
1441 2678 1572 2708 XXXIV
1591 2687 1643 2718 sq.
1680 2695 1714 2699 —-
1753 2678 1803 2709 48.
1832 2679 1958 2709 carenti

190 2721 214 2752 Ο
251 2739 285 2743 -
324 2722 376 2753 49.
405 2724 546 2754 uMerito
572 2724 715 2761 Bakius,
751 2733 830 2756 cum
863 2728 942 2756 ante
977 2726 1045 2756 iam
1071 2725 1217 2756 Oreiiius
1249 2726 1459 2758 dubitasset.
1493 2730 1611 2757 utrum
1638 2727 1753 2758 terbis
1779 2729 1809 2757 iii
1836 2728 1958 2767 Ieyibus

190 2771 370 2804 Ciceronis
400 2773 443 2804 de
478 2773 612 2813 legibus
644 2773 721 2805 libri
751 2783 794 2806 an
820 2774 914 2815 leges
940 2777 1115 2806 Romanae
1142 2775 1428 2814 designarentur,
1466 2776 1552 2806 haec
1578 2777 1686 2806 xer-ba
1712 2776 1755 2807 ad
1780 2776 1887 2808 libros
1912 2777 1955 2808 ‹te

189 2821 272 2861 Rep.
299 2821 382 2852 dixit
406 2824 602 2863 pertinere,
638 2824 696 2863 qui
728 2823 876 2855 multum
906 2824 949 2855 ab
982 2826 1174 2864 Augustino
1206 2828 1322 2855 essent
1355 2827 1528 2865 usurpati.
1563 2826 1741 2866 verbaque
1772 2827 1805 2857 in
1835 2827 1958 2867 leyibus

190 2869 270 2901 nibil
295 2869 387 2902 atiud
412 2880 516 2911 quam
543 2872 730 2905 duodecim
756 2873 892 2906 tabulas
917 2875 1125 2914 significare,
1152 2875 1184 2905 in
1210 2874 1337 2913 quibus
1362 2876 1441 2904 octo
1468 2884 1661 2914 poenarum
1687 2884 1815 2914 genera
1834 2877 1955 2906 Cicero

189 2918 400 2951 laudasset.»
427 2921 704 2962 Feldhuegel.
735 2940 768 2945 -
796 2924 848 2954 ⁶25.
871 2925 1046 2964 uRepetita
1074 2925 1160 2955 baec
1185 2932 1263 2955 esse
1290 2933 1329 2954 ex
1356 2925 1394 2962 11,
1416 2924 1486 2963 {to
1513 2934 1616 2956 nemo
1643 2935 1711 2956 non
1737 2925 1840 2956 videt.
1883 2926 1955 2956 Hoc

189 2977 297 3000 unum
322 2972 512 3009 quaeritur,
537 2972 761 3004 Ciceronisne
788 2974 854 3004 sint
878 2974 985 3005 verba
1012 2977 1190 3014 postrema
1218 2974 1343 3012 udiynis
1369 2974 1471 3013 igitur
1493 2974 1700 3013 lurgyiendum
1724 2979 1788 3006 est»
1815 2984 1856 3006 an
1874 2975 1955 3006 Ser-

190 3018 246 3049 vii.
294 3021 406 3058 Atque
432 3021 567 3052 etiamsi
592 3030 610 3052 a
635 3023 754 3053 Servio
788 3022 875 3054 haec
907 3025 950 3055 ita
982 3026 1153 3056 enuntiari
1179 3023 1373 3059 concedas,
1410 3024 1509 3063 quasi
1535 3026 1712 3056 Ciceronis
1736 3026 1820 3062 sint,
1849 3028 1952 3064 atquc

191 3075 233 3098 ex
258 3068 432 3099 Lactantio
460 3070 517 3108 VI,
545 3071 584 3101 42
616 3079 808 3111 cognoscas
839 3081 857 3102 a
890 3073 1058 3105 Cicerone
1093 3074 1181 3104 haec
1210 3072 1318 3103 verba
1344 3082 1422 3103 esse
1447 3074 1572 3104 alicubi
1598 3078 1782 3115 usurpata,
1818 3078 1952 3106 certum

191 3117 306 3148 tamen
331 3120 384 3148 est
407 3118 475 3149 hoc
499 3122 757 3152 consectarium
782 3121 824 3151 ab
851 3122 916 3153 hoc
941 3123 1016 3154 loco
1042 3123 1194 3154 alienum
1220 3130 1310 3153 esse.
1340 3124 1506 3161 quoniam
1531 3124 1686 3163 quidem,
1713 3124 1853 3164 quando
1879 3124 1953 3154 dari

191 3167 316 3206 stipem
340 3166 461 3203 veliet.
494 3169 562 3200 iam
595 3169 851 3209 significaverat
881 3180 985 3203 causa
1016 3172 1117 3204 simul
1143 3173 1259 3204 addita
1285 3182 1347 3203 cur
1371 3173 1463 3204 istud
1489 3177 1738 3216 praecepisset.
1788 3177 1952 3206 Ceterum

190 3215 304 3256 ipsum
329 3217 477 3249 verbum
495 3218 668 3258 prohibeo,
702 3228 770 3259 quo
794 3220 934 3253 Servius
965 3223 1088 3258 utitur,
1125 3232 1205 3254 cuin
1230 3223 1322 3263 apud
1349 3224 1555 3256 Ciceronem
1581 3226 1623 3256 sit
1647 3225 1846 3259 sustulimus.
1875 3233 1952 3256 me-

190 3267 334 3297 moriter
358 3267 445 3298 baec
469 3276 488 3298 a
505 3268 624 3300 Servio
649 3269 782 3301 laudari
806 3270 1057 3304 demonstrat.»
1091 3271 1368 3314 Fetdhueget.
1408 3290 1443 3295 —
1482 3274 1534 3306 28.
1563 3275 1635 3307 Hoc
1658 3275 1892 3315 fragmentum
1917 3275 1950 3306 in

189 3317 304 3347 nostra
328 3315 478 3350 editione
502 3318 656 3360 primum
679 3320 839 3352 accessit.
