2249 3624
618 185 707 224 Lm.
730 185 761 224 Ι.
806 184 905 224 CAP.
928 184 1197 224 XX—XXI.
1237 182 1297 236 §§
1330 181 1382 221 63
1396 181 1525 222 —70.
1873 180 1955 221 659

185 290 374 331 culorum
414 304 506 330 cum
547 290 678 337 vitae,
729 297 812 330 tum
858 290 1082 330 multarum
1122 304 1282 338 rerum,
1330 303 1436 343 quae
1476 288 1527 329 ad
1568 289 1693 329 vitam
1736 288 1955 342 pertinent.

183 351 250 393 67.
281 353 438 393 Harum
471 366 610 392 rerum
643 353 818 392 duarum
851 352 1052 406 splendor
1082 353 1230 398 omnis,
1263 352 1510 406 amplitudo,
1542 350 1652 391 addo
1684 352 1809 391 etiam
1843 350 1956 390 utili-

182 420 322 462 tatem,
353 415 397 454 in
429 416 661 469 posteriore
694 421 769 461 est,
803 428 929 455 causa
960 421 1097 456 autem
1132 421 1172 455 et
1203 416 1309 455 ratio
1343 414 1529 454 efficiens
1562 427 1735 466 magnos
1770 416 1880 454 viros
1913 414 1954 453 iu

181 479 332 532 priore.
392 479 439 518 ln
471 492 521 518 co
553 484 616 518 est
647 479 758 518 enim
790 478 907 525 illud,
940 478 1053 531 quod
1087 478 1345 518 excellentes
1378 478 1541 517 animos
1573 484 1614 517 et
1645 476 1827 517 humana
1856 490 1957 516 con-

182 546 415 582 temnentes
452 540 562 582 facit.
623 541 668 581 Id
709 546 848 581 autom
891 541 1029 594 ipsum
1073 542 1260 581 cernitur
1292 541 1333 580 iu
1365 541 1554 589 duobus,
1596 541 1630 580 si
1663 546 1702 580 et
1734 541 1868 580 solum
1901 539 1992 586 id,⁵

180 602 294 658 quod
326 604 548 644 honestum
581 604 647 651 sit,
679 604 834 644 bonum
868 604 1029 643 iudices
1062 609 1102 643 et
1135 604 1185 643 ab
1217 603 1329 644 omni
1362 604 1490 643 animi
1517 603 1831 656 perturbatione
1854 602 1959 642 liber

181 666 253 707 sis.
316 666 419 706 Nam
452 671 492 706 et
524 680 596 714 ea,
640 680 748 721 quae
791 666 944 706 eximia
984 666 1198 720 plerisque
1241 671 1281 706 et
1321 666 1535 720 praeclara
1573 667 1790 714 videntur,
1830 678 1959 719 parva

180 727 332 769 ducere
364 742 499 782 eaque
530 730 690 770 ratione
723 729 859 770 stabili
892 727 1096 783 firmaque
1129 735 1397 770 contemnere
1430 729 1548 770 sortis
1579 729 1707 769 animi
1731 729 1957 782 magnique

180 791 417 832 ducendum
457 797 540 840 est,
584 798 625 832 et
666 806 736 840 ea,
781 805 890 846 quae
930 792 1128 833 videntur
1169 792 1339 839 acerba,
1384 805 1491 845 quac
1530 792 1661 832 multa
1700 798 1740 832 et
1771 792 1884 832 varia
1916 792 1958 831 in

179 853 396 894 hominum
430 855 513 894 vita
544 854 802 908 fortunaque
834 861 1079 902 versantur,
1122 856 1181 895 ita
1211 854 1341 900 ferre,
1375 860 1420 893 ut
1451 855 1556 893 nihil
1588 868 1611 894 a
1642 860 1751 894 statu
1784 860 2009 895 naturaew

181 916 399 964 discedas,
431 917 537 956 nihil
570 930 593 957 a
624 918 826 970 dignitate
859 918 1086 970 sapientis,
1119 916 1279 956 robusti
1311 917 1438 956 animi
1470 923 1533 957 est
1564 930 1827 971 magnaeque
1860 932 1959 958 con-

180 981 371 1020 stantiae.
442 977 510 1019 68.
551 982 642 1020 Nou
675 986 737 1020 est
767 987 906 1020 autem
940 985 1292 1027 consentaneum,
1335 981 1406 1033 qui
1450 986 1562 1020 metu
1606 995 1689 1021 non
1729 981 1957 1034 srangatur,

181 1055 274 1082 eum
306 1041 442 1095 frangi
474 1042 727 1096 cupiditate,
761 1057 861 1090 nec,
893 1044 965 1096 qui
997 1044 1200 1083 invictum
1233 1056 1277 1082 se
1308 1055 1332 1082 a
1364 1042 1507 1083 labore
1541 1044 1815 1096 praestiterit,
1848 1044 1959 1084 vinci

180 1117 204 1144 a
233 1104 464 1157 voluptate.
527 1106 661 1153 Quam
694 1106 747 1145 ob
778 1120 865 1146 rem
897 1111 937 1145 et
967 1105 1071 1145 haec
1104 1104 1273 1145 vitanda
1305 1110 1346 1144 et
1376 1105 1582 1157 pecuniae
1613 1105 1811 1158 fugienda
1843 1107 1959 1159 cupi-

179 1167 309 1216 ditas3
350 1167 455 1207 nihil
487 1169 599 1208 enim
631 1174 695 1208 est
726 1174 807 1208 tam
841 1168 1008 1220 angusti
1040 1168 1167 1207 animi
1210 1173 1377 1222 tamque
1420 1167 1536 1221 parvi
1569 1182 1694 1221 quam
1726 1182 1864 1209 amare
1897 1170 1958 1209 di·
1973 1175 2008 1203 ⁴5

178 1230 321 1278 vitias,
353 1231 459 1271 nihil
490 1231 710 1271 honestius
743 1230 1164 1284 magnificentiusque
1197 1244 1323 1284 quam
1354 1231 1579 1283 pecuniam
1611 1236 1892 1279 contemnere,
1924 1234 1959 1272 si

179 1306 263 1333 non
294 1293 472 1341 habeas,
505 1294 539 1334 si
573 1292 747 1342 habeas,
779 1295 830 1334 ad
862 1292 1182 1335 beneficentiam
1215 1293 1596 1347 liberalitatemque
1628 1295 1830 1334 conferre.
1884 1295 1959 1335 Ca-

178 1356 315 1397 venda
347 1358 471 1397 etiam
505 1362 568 1397 est
599 1358 758 1410 gloriae
790 1357 1022 1410 cupiditas,
1066 1363 1112 1397 ut
1151 1370 1276 1411 supra
1318 1356 1428 1406 dixi3
1473 1357 1598 1410 eripit
1640 1359 1748 1397 enim
1792 1357 1959 1397 liberta-

179 1424 286 1467 tem,
328 1433 404 1472 pro
436 1433 524 1473 qua
556 1421 832 1473 magnanimis
873 1421 971 1460 viris
1004 1421 1141 1460 omnis
1173 1419 1298 1459 debet
1329 1432 1422 1459 esse
1454 1420 1683 1460 contentio.
1743 1421 1828 1459 Nec
1859 1433 1956 1459 vero

179 1481 355 1535 imperia
387 1483 625 1536 expetenda
656 1497 703 1523 ac
734 1484 874 1537 potius
906 1489 978 1524 aut
999 1497 1083 1523 non
1107 1480 1353 1535 accipienda
1374 1482 1586 1522 interdum
1608 1487 1681 1522 aut
1706 1482 2008 1535 deponendam

181 1558 266 1585 non
290 1559 534 1599 numquam.
596 1544 662 1585 69.
695 1547 937 1586 Vacandum
969 1552 1109 1586 autem
1140 1545 1254 1585 omni
1278 1551 1341 1585 est
1361 1545 1489 1585 animi
1511 1545 1840 1599 perturbatione,
1863 1559 1957 1585 cum

181 1608 411 1660 cupiditate
444 1614 485 1648 et
515 1614 650 1656 metu,
683 1614 769 1649 tum
802 1609 925 1649 etiam
958 1607 1220 1661 aegritudine
1253 1613 1294 1647 et
1324 1608 1540 1661 voluptate
1572 1613 1613 1647 et
1643 1608 1879 1656 iracundia,
1912 1614 1959 1648 ut

180 1670 466 1723 tranquillitas
507 1671 634 1711 animi
669 1676 709 1711 et
740 1671 945 1711 securitas
977 1671 1103 1717 adsit,
1146 1683 1254 1723 quae
1285 1671 1406 1710 affert
1437 1684 1530 1710 cum
1563 1672 1839 1711 constantiam
1870 1677 1957 1711 tum

182 1733 307 1774 etiam
338 1733 599 1786 dignitatem.
660 1734 778 1774 Multi
811 1740 950 1774 autem
983 1739 1025 1773 et
1055 1738 1151 1773 sunt
1182 1739 1223 1772 et
1253 1732 1438 1780 fuerunt,
1472 1732 1544 1786 qui
1568 1746 1673 1780 eam,
1700 1747 1825 1787 quam
1850 1734 1958 1782 dico,

180 1796 528 1849 tranquillitatem
561 1802 807 1851 expetentes
839 1810 863 1837 a
894 1796 1074 1849 negotiis
1106 1796 1287 1848 publicis
1320 1809 1363 1836 se
1391 1796 1647 1836 removerint
1668 1798 1718 1836 ad
1743 1798 2008 1851 otiumque25

180 1859 462 1912 perfugerint:
503 1860 545 1899 in
577 1860 642 1900 his
675 1866 716 1900 et
746 1859 998 1899 nobilissimi
1030 1859 1274 1912 philosophi
1307 1859 1520 1912 longeque
1551 1860 1761 1912 principes
1794 1866 1835 1900 et
1866 1861 1959 1914 qui-

181 1921 277 1963 dam
317 1922 511 1962 homines
553 1923 688 1962 severi
735 1928 776 1963 et
816 1935 962 1975 graves
1004 1935 1081 1961 nec
1119 1921 1268 1974 populi
1308 1935 1383 1962 nec
1414 1922 1648 1975 principum
1681 1936 1818 1962 mores
1849 1922 1958 1963 ferre

180 1990 409 2037 potuerunt
455 1986 740 2039 vixeruntque
787 1999 872 2025 non
916 1985 1021 2024 nulli
1069 1985 1111 2023 in
1157 1985 1267 2037 agris
1310 1985 1504 2024 delectati
1546 1998 1590 2024 re
1632 1998 1704 2025 sua
1745 1985 1955 2026 familiari.

181 2044 246 2085 70.
279 2048 355 2087 His
386 2047 499 2088 idem
531 2048 793 2102 propositum
831 2048 910 2088 fuit
941 2047 1055 2101 quod
1087 2048 1279 2100 regibus,
1320 2052 1365 2087 ut
1396 2061 1448 2086 ne
1481 2060 1564 2100 qua
1595 2061 1639 2086 re
1671 2053 1863 2100 egerent,
1905 2062 1957 2088 ne

181 2109 248 2149 cui
277 2115 485 2163 parerent,
515 2111 712 2151 libertate
745 2116 975 2156 uterentur,
1008 2110 1128 2151 cuius
1161 2110 1377 2163 proprium
1410 2115 1471 2150 est
1503 2110 1562 2149 sic
1593 2110 1752 2157 vivere,
1776 2116 1820 2150 ut
1841 2110 1956 2150 velis.
1971 2115 2008 2144 30

182 2173 296 2213 XXI.
337 2172 478 2221 Quare
511 2188 604 2214 cum
635 2176 713 2214 hoc
746 2187 965 2214 commune
998 2175 1051 2213 sit
1083 2174 1295 2226 potentiae
1328 2173 1576 2227 cupidorum
1609 2187 1702 2213 cum
1735 2173 1808 2221 iis,
1851 2187 1958 2226 quos

183 2234 293 2282 dixi,
334 2236 502 2285 otiosis,
544 2237 665 2277 alteri
710 2251 754 2277 se
795 2237 972 2290 adipisci
1016 2235 1054 2276 id
1097 2250 1223 2290 posse
1264 2237 1538 2283 arbitrantur,
1578 2237 1612 2275 si
1654 2250 1756 2289 opes
1788 2249 1958 2288 magnas

182 2296 387 2346 habeant,
428 2298 573 2346 alteri,
615 2299 650 2339 si
692 2300 880 2339 contenti
922 2300 1007 2339 sint
1048 2304 1090 2339 et
1128 2313 1204 2339 suo
1245 2305 1285 2338 et
1315 2312 1456 2351 parvo.
1518 2300 1565 2338 In
1597 2313 1681 2352 quo
1712 2304 1957 2338 neutrorum

185 2361 356 2400 omnino
397 2362 704 2402 contemnenda
744 2362 951 2402 sententia
991 2368 1076 2409 est,
1121 2362 1193 2401 sed
1238 2367 1278 2401 et
1317 2362 1483 2402 facilior
1524 2366 1564 2401 et
1594 2361 1719 2401 tutior
1750 2367 1789 2401 et
1820 2362 1958 2401 minus

184 2422 276 2463 aliis
309 2424 446 2476 gravis
477 2429 550 2465 aut
579 2424 757 2465 molesta
788 2426 873 2465 vita
903 2429 967 2464 est
997 2424 1255 2473 otiosorum,
1285 2423 1542 2465 fructuosior
1572 2429 1710 2464 autem
1741 2424 1956 2465 hominum
1972 2429 2008 2456 35

271 2623 302 2654 i.
328 2631 403 2654 cum
426 2624 605 2655 ABHab:
632 2626 701 2654 lum
725 2631 801 2663 cpo
831 2640 865 2644 —
892 2626 961 2654 turn
986 2623 1133 2654 aliarum
1157 2631 1261 2654 causa
1286 2631 1399 2653 rerum
1422 2631 1443 2662 p
1471 2639 1505 2644 —-
1532 2622 1564 2653 2.
1585 2622 1729 2652 duarum
1743 2630 1857 2652 rerum
1881 2630 1899 2653 c
1920 2640 1955 2644 —

184 2672 369 2712 amplitudo
400 2674 445 2705 C:
484 2677 513 2704 et
537 2674 718 2714 amplitudo
751 2682 782 2705 o.
832 2672 882 2704 Cf.
909 2672 1096 2715 adFamil.
1124 2674 1186 2711 111,
1212 2672 1242 2711 7,
1264 2673 1294 2703 5.
1335 2689 1370 2694 -—
1417 2672 1448 2703 3.
1474 2674 1519 2702 est
1549 2672 1582 2702 in
1606 2672 1633 2702 A
1659 2679 1799 2702 erasum
1825 2673 1889 2703 est.
1916 2691 1959 2696 —

184 2720 216 2752 4.
241 2723 327 2754 enim
349 2726 395 2754 esc
418 2731 437 2754 o
474 2740 509 2746 --
552 2725 582 2755 5.
610 2725 638 2755 si
662 2724 702 2765 et]
727 2725 785 2756 elsi
817 2724 912 2756 Aah
954 2741 989 2745 —-
1031 2723 1062 2755 8.
1089 2726 1119 2755 el
1142 2723 1256 2763 magnii
1286 2730 1304 2753 c
1346 2739 1381 2744 —
1424 2722 1475 2752 Μ.
1503 2721 1658 2752 discedat.
1679 2720 1841 2760 nichilque
1873 2730 1890 2753 c
1920 2741 1954 2745 —-

183 2771 320 2811 robusti]
344 2773 403 2804 hoc
425 2772 550 2804 robusti
586 2782 607 2805 a
647 2791 681 2796 -
728 2777 773 2805 εει
808 2774 1089 2814 superscriptum
1127 2775 1179 2804 est
1214 2773 1247 2803 in
1282 2773 1320 2810 b,
1359 2779 1500 2802 erasum
1526 2770 1559 2801 in
1585 2772 1610 2800 A
1649 2786 1685 2792 -—
1733 2769 1785 2800 43.
1812 2779 1845 2801 se
1868 2772 1959 2803 inui-

185 2823 273 2852 ctum
296 2830 314 2853 e
353 2840 386 2845 —
424 2822 477 2855 44.
501 2824 640 2855 vilanda
664 2823 733 2855 duo
759 2823 863 2855 codd.
883 2822 1204 2864 Guelpherbytani:
1238 2822 1381 2854 videnda
1407 2822 1501 2860 Cpo‚
1529 2819 1645 2860 «quod
1671 2818 1773 2860 plane
1799 2821 1957 2862 ineptum

187 2873 250 2902 est.
294 2872 408 2903 Videre
431 2875 548 2913 potest
572 2873 652 2906 illud
679 2874 824 2915 quidem
850 2873 945 2904 idem
970 2882 1049 2904 esse
1074 2874 1179 2912 atque
1200 2873 1390 2912 providere,
1416 2879 1553 2908 curare,
1587 2870 1650 2901 sed
1675 2870 1709 2902 h.
1735 2869 1756 2902 l.
1785 2873 1959 2903 contraria

187 2921 280 2951 notio
305 2921 535 2961 postulatur.»
563 2924 666 2954 Luxu.
697 2940 731 2946 —-
760 2924 813 2956 45.
839 2924 895 2954 Nil
921 2923 942 2960 (l
966 2923 998 2953 in
1026 2931 1093 2953 raS.
1122 2922 1221 2953 duar.
1248 2921 1327 2959 litt.)
1352 2930 1370 2952 c
1398 2939 1432 2943 —
1460 2923 1504 2951 est
1528 2928 1710 2960 superscr.
1736 2920 1769 2952 in
1792 2922 1813 2953 b
1841 2939 1875 2944 —
1904 2923 1956 2953 47.

188 2970 214 3001 si
236 2971 355 3003 habeas
379 2981 449 3004 om.
468 2974 495 3004 A
524 2989 558 2995 —-
586 2972 828 3013 beneficentiam
854 2972 901 3003 H:
928 2971 1182 3012 beneficientiam
1207 2973 1382 3010 Assabcp
1411 2988 1444 2992 —-
1480 2969 1531 3000 ⁴8.
1558 2971 1659 3000 etiam
1682 2973 1727 3001 εει
1750 2972 1887 3003 ABab:
1915 2975 1961 3003 esc

188 3020 287 3051 eliam
312 3022 403 3053 Hco
444 3040 479 3043 —
520 3023 574 3053 Ἣ.
600 3024 705 3054 animi
729 3027 773 3054 est
806 3031 824 3054 c
867 3031 1018 3058 —,cum
1040 3021 1250 3053 A¹1311ab2
1293 3025 1362 3052 tum
1386 3022 1481 3051 Az’oo
1524 3036 1558 3041 —-
1600 3020 1652 3050 22.
1678 3019 1847 3059 voluptate
1877 3021 1956 3053 cod.

190 3068 522 3110 Guelpherbytanus
546 3073 688 3103 tertius:
715 3072 885 3111 uoluptate
908 3073 1012 3103 animi
1035 3072 1203 3109 Allabc3
1230 3072 1399 3110 voluplale
1416 3070 1518 3100 nimia
1545 3078 1581 3105 ο;
1609 3073 1640 3100 ει
1662 3071 1833 3110 uoluplale
1856 3073 1960 3102 animi

189 3120 218 3148 el
239 3120 398 3150 securitas
422 3120 566 3157 (mediis
591 3122 751 3159 omissis,
778 3123 810 3152 in
838 3130 948 3161 marg.
977 3130 1023 3152 m.
1051 3123 1186 3152 recent.
1213 3120 1383 3162 suppletis
1408 3119 1526 3151 verbis
1551 3123 1579 3150 el
1604 3120 1778 3151 iracundia
1804 3125 1839 3152 uc
1863 3125 1960 3151 tran—

190 3168 336 3204 quillitas
359 3170 474 3208 animi)
500 3170 523 3201 B
558 3187 592 3191 —
631 3170 684 3201 23.
711 3174 780 3201 tum
804 3170 875 3201 A²c
902 3172 986 3210 (eum
1009 3169 1059 3209 AV)
1102 3187 1136 3191 -
1176 3171 1227 3202 25.
1256 3170 1457 3201 rwnouerint
1474 3169 1744 3209 --persuyerint
1772 3172 1796 3201 Α
1812 3170 1834 3201 Β
1850 3171 1902 3202 ab
1917 3178 1957 3201 c:

189 3222 399 3249 remouerunc
415 3220 697 3260 --perfuyerunt
729 3220 755 3251 H
771 3228 789 3251 0
830 3237 863 3242 ——
905 3223 937 3250 et
961 3221 1005 3250 ad
1029 3220 1136 3251 ocium
1169 3228 1187 3250 c
1230 3237 1262 3241 -
1306 3220 1360 3250 26.
1386 3220 1419 3249 in
1443 3219 1491 3249 lu's
1516 3222 1543 3250 el
1569 3218 1759 3250 nobilissimi
1780 3220 1961 3259 philosophi

190 3258 282 3306 lonye
299 3268 467 3308 principes
489 3270 622 3301 Nonius
649 3279 682 3310 p.
698 3269 773 3301 339.
808 3287 842 3291 —
880 3270 933 3301 28.
959 3270 993 3300 in
1018 3270 1110 3310 agris
1133 3270 1299 3301 nonnullis
1322 3271 1349 3300 A
1387 3284 1421 3290 —
1463 3268 1515 3300 31.
1541 3269 1583 3300 sil
1606 3277 1776 3300 commune
1801 3277 1818 3300 c
1846 3287 1880 3291 —
1913 3269 1962 3298 his

191 3314 216 3346 C
241 3315 312 3356 (hijs
327 3317 359 3357 o)
386 3335 421 3342 -·
453 3318 507 3350 32.
532 3320 580 3351 sic
602 3327 678 3359 opes
702 3319 732 3351 H
757 3336 793 3342 -
820 3319 873 3351 33.
899 3323 973 3351 sunl
999 3327 1018 3350 ο
1047 3337 1079 3342 -
1108 3319 1161 3351 34.
1188 3322 1234 3351 est
1257 3319 1420 3351 sententia
1444 3326 1462 3349 c
1491 3336 1523 3341 —
1552 3318 1606 3351 35.
1632 3322 1677 3350 est
1700 3318 1774 3350 uita
1797 3325 1827 3349 0.
