2249 3624
631 123 717 163 Lm.
750 122 818 162 111.
860 122 955 162 ομ».
987 121 1166 161 11—111.
1205 119 1263 172 §5
1296 117 1453 159 4-010.
1844 113 1922 159 433

171 239 278 279 ditas
317 235 482 290 legendi
520 249 596 275 nec
634 236 774 275 satiari
814 239 994 289 poterat,
1034 234 1191 288 qnippe
1222 233 1293 286 qui
1325 246 1377 271 ne
1408 231 1719 285 reprensionem
1753 231 1924 284 quidem

171 302 283 354 vulgi
316 302 478 340 inanem
511 298 783 338 reformidans
814 299 856 336 in
886 299 972 350 ipsa
994 297 1105 336 curia
1128 296 1279 334 soleret
1303 294 1440 346 legere
1463 306 1601 346 saepe,
1633 293 1730 333 dum
1758 301 1926 334 senatus

172 370 406 417 cogeretur,
438 362 541 402 nihil
574 375 723 414 operae
755 361 812 400 rei
841 360 1032 413 publicae
1055 358 1301 397 detrahens:
1336 370 1418 410 qno
1443 356 1572 408 magis
1595 361 1680 395 tum
1702 357 1743 395 in
1766 370 1925 397 summo

171 428 255 467 otio
294 426 557 478 maximaque
598 424 713 476 copia
753 424 869 476 qnasi
913 422 1087 462 helluari
1120 421 1255 467 libris,
1297 421 1329 459 si
1362 419 1439 458 hoc
1472 419 1598 458 verbo
1630 419 1670 457 in
1703 424 1784 458 tam
1817 419 1927 459 clara

171 503 213 528 re
245 488 444 528 utendum
484 492 567 532 est,
609 485 839 524 videbatur.
900 486 937 523 8.
971 484 1094 532 Quod
1133 498 1224 522 cum
1257 481 1496 528 accidisset,
1537 486 1583 520 ut
1618 480 1721 520 alter
1751 481 1958 521 alterum5

173 564 247 590 nec
278 550 446 602 opinato
477 548 736 592 videremus,
768 547 947 585 surrexit
977 547 1128 586 statim.
1180 545 1338 584 Deinde
1362 544 1493 597 prima
1516 543 1606 590 illa,
1638 544 1807 596 quaein
1829 556 1928 582 con-

171 624 314 664 gressu
345 610 553 656 solemus,
597 608 707 656 Quid
742 614 806 654 tu,
839 608 997 661 inquit,
1030 607 1139 647 huc?
1181 621 1203 646 a
1236 607 1333 646 villa
1366 606 1497 653 enim,
1530 606 1677 652 credo,
1710 611 1772 652 et,
1804 606 1838 645 si
1870 605 1927 644 ibi

169 680 207 714 te
248 686 337 712 esse
368 672 560 718 scissem,
606 671 656 710 ad
689 677 726 709 te
765 670 852 722 ipse
886 670 1106 708 venissem.
1157 669 1279 715 lleri,
1321 670 1512 722 inquam,
1553 668 1662 707 ludis
1695 668 1927 708 commissis

169 750 220 777 ex
251 736 352 774 urbe
383 734 591 788 profectus
624 733 717 772 veni
749 733 799 771 ad
830 746 1071 784 vesperum;
1106 745 1228 770 causa
1259 737 1396 771 autem
1428 731 1506 770 suit
1535 731 1615 770 huc
1638 730 1852 778 veniendi,
1883 736 1929 771 ut

169 798 373 852 quosdam
404 797 501 836 hinc
533 796 659 834 libros
692 807 938 848 promerem.
990 795 1038 833 Et
1072 794 1262 846 quidem,
1307 794 1428 839 Cato,
1465 793 1571 832 hanc
1601 799 1729 833 totam
1762 793 1925 846 copiam
1944 806 1978 834 io

167 862 246 900 iam
279 858 453 898 Lucullo
486 864 626 898 nostro
660 862 798 896 notam
832 870 922 895 esse
950 856 1180 908 oportebit;
1212 869 1304 894 nam
1326 855 1391 894 his
1414 856 1530 894 libris
1554 870 1646 895 enm
1670 856 1778 895 malo
1801 869 1925 909 quam

166 924 330 976 reliquo
364 927 508 961 ornatu
540 921 663 960 villae
696 919 905 960 delectari.
955 919 1029 958 Est
1059 919 1167 958 enim
1206 917 1305 957 mibi
1338 930 1512 970 magnae
1544 931 1666 957 curae
1698 940 1751 946 —
1784 931 1927 971 quam-

167 998 289 1038 quam
321 984 399 1023 hoc
432 984 601 1037 quidem
634 983 845 1036 proprium
879 988 993 1020 tuum
1027 994 1179 1020 munus
1213 986 1274 1019 est
1303 1002 1357 1008 —
1385 985 1429 1018 ut
1459 980 1516 1019 ila
1548 980 1780 1027 erudiatur,
1811 986 1856 1020 ut
1887 984 1928 1019 et

164 1047 272 1100 patri
303 1054 343 1086 et
375 1046 574 1099 Caepioni
605 1052 746 1085 nostro
779 1051 819 1084 et
850 1044 921 1083 tibi
954 1050 1035 1083 tam
1076 1042 1312 1095 propinquo
1345 1042 1611 1094 respondeat.
1661 1042 1823 1082 Laboro
1855 1056 1928 1082 au-

167 1116 247 1150 tem
292 1122 374 1148 non
417 1108 506 1147 sine
547 1121 690 1154 cansa3
736 1120 829 1146 nam
874 1112 913 1146 et
951 1106 1014 1145 avi
1059 1105 1148 1144 eius
1190 1104 1387 1144 memoria
1424 1118 1595 1144 moveor
1625 1127 1678 1134 —
1707 1118 1784 1144 nec
1816 1106 1926 1144 enim
1944 1119 1978 1147 45

167 1173 354 1225 ignoras,
388 1170 530 1224 quanti
563 1169 729 1209 fecerim
764 1169 1034 1223 Caepionem,
1078 1168 1169 1220 qui,
1200 1172 1246 1206 ut
1277 1167 1417 1220 opinio
1450 1179 1541 1206 mea
1572 1166 1669 1214 fert,
1701 1167 1742 1206 in
1773 1167 1929 1220 princi-

165 1234 286 1288 pibus
323 1234 404 1272 iam
447 1238 577 1279 esset,
620 1233 653 1272 si
690 1232 846 1271 viveret
877 1254 929 1259 —
961 1236 1001 1270 et
1038 1230 1235 1270 Lucullus
1278 1229 1379 1269 mihi
1421 1236 1609 1269 versatur
1639 1235 1735 1269 ante
1768 1230 1926 1277 oculos,

167 1296 229 1334 vir
267 1309 359 1334 cuin
399 1295 590 1334 omnibus
623 1294 853 1340 excellens,
897 1300 983 1333 tum
1016 1306 1178 1332 mecum
1211 1297 1251 1331 et
1282 1292 1465 1331 amicitia
1497 1297 1537 1331 et
1568 1292 1680 1331 omni
1713 1292 1928 1332 voluntate

164 1358 455 1410 sententiaque
487 1358 745 1397 coniunctus.
805 1355 842 1395 9.
875 1355 1106 1401 Praeclare,
1140 1355 1297 1407 inquit,
1329 1353 1454 1401 facis,
1487 1368 1579 1394 cum
1603 1359 1643 1394 et
1676 1367 1821 1393 eorum
1843 1369 1928 1394 me-

165 1420 338 1461 moriam
371 1425 508 1466 tenes‚
541 1433 720 1472 quorum
751 1425 927 1473 uterque
960 1419 1034 1458 tibi
1065 1422 1312 1457 testamento
1346 1416 1501 1456 liberos
1533 1430 1631 1456 suos
1664 1417 1929 1457 commenda·
1945 1432 1981 1460 20

165 1483 243 1529 vit,
284 1488 321 1521 et
354 1495 527 1534 puerum
561 1481 714 1534 diligis.
765 1481 887 1530 Quod
923 1487 1060 1521 autem
1093 1493 1229 1519 meum
1263 1493 1413 1519 munus
1447 1479 1572 1526 dicis,
1615 1493 1697 1519 non
1731 1479 1928 1532 equidem

164 1556 334 1589 recuso,
367 1543 439 1583 sed
471 1550 510 1583 te
541 1544 724 1596 adiungo
756 1544 925 1583 socium.
976 1542 1094 1582 Addo
1128 1542 1253 1582 etiam
1286 1541 1410 1589 illud,
1442 1541 1573 1582 multa
1604 1543 1684 1582 iam
1706 1542 1807 1581 mibi
1831 1541 1928 1582 dare

165 1609 279 1660 signa
312 1620 486 1660 puerum
519 1612 557 1645 et
588 1606 755 1659 pudoris
787 1611 828 1646 et
857 1606 1037 1659 ingenii,
1071 1605 1145 1645 sed
1176 1610 1353 1644 aetatem
1379 1604 1510 1644 vides.
1558 1605 1691 1645 Video
1715 1604 1926 1659 equidem,

166 1672 357 1724 inquam,
390 1669 461 1708 sed
495 1676 631 1708 tamen
664 1668 743 1708 iam
775 1668 886 1708 infici
918 1668 1041 1708 debet
1072 1668 1122 1707 iis
1154 1668 1324 1715 artibus,
1356 1681 1459 1721 quas
1483 1667 1541 1715 si,
1575 1668 1672 1707 dum
1705 1673 1768 1708 est
1800 1673 1927 1715 tener,

166 1732 427 1779 combiberit,
469 1730 519 1771 ad
552 1730 706 1770 maiora
737 1732 873 1770 veniet
902 1730 1098 1783 paratior.
1163 1730 1249 1777 Sic,
1291 1735 1331 1769 et
1363 1729 1534 1783 quidem
1566 1730 1806 1782 diligentius
1839 1743 1977 1773 sae-25

165 1795 342 1848 piusque
372 1795 450 1834 ista
480 1793 700 1845 loquemur
728 1794 834 1832 inter
864 1806 939 1831 nos
971 1806 1227 1846 agemusque
1257 1793 1553 1833 communiter:
1586 1792 1658 1832 sed
1681 1793 1926 1841 residamus,

166 1857 325 1910 inquit,
357 1856 390 1895 si
423 1856 581 1908 placet3
613 1856 753 1908 itaque
783 1855 969 1895 fecimus.

278 1918 348 1957 ΙΙΙ.
387 1915 444 1956 10.
488 1919 590 1957 Tum
631 1918 724 1958 ille:
766 1919 828 1958 Tu
866 1924 1024 1966 autem,
1068 1933 1162 1959 cum
1201 1919 1290 1972 ipse
1333 1924 1494 1959 tantum
1526 1919 1728 1958 librorum
1758 1919 1928 1966 habeas,

168 1994 273 2034 quos
306 1981 372 2020 hic
403 1979 570 2020 tandem
601 1980 810 2033 requiris?
858 1980 1188 2021 Commentarios
1222 1982 1452 2035 quosdam,
1494 1983 1687 2035 inquam,
1726 1982 1928 2021 Aristote-

167 2044 263 2089 lios,
297 2056 400 2096 quos
431 2042 497 2081 hic
519 2043 698 2082 sciebam
721 2056 830 2090 esse,
862 2044 956 2083 veni
980 2050 1025 2083 ut
1046 2044 1274 2091 auferrem,
1309 2058 1415 2098 quos
1438 2045 1640 2097 legerem,
1673 2045 1770 2084 dum
1793 2058 1927 2084 essem
1941 2058 1977 2087 30

166 2106 346 2144 otiosus:
378 2104 492 2157 quod
523 2104 689 2157 quidem
721 2106 842 2146 nobis
874 2120 955 2146 non
987 2120 1112 2160 saepe
1144 2108 1360 2160 contingit.
1415 2107 1550 2155 Quam
1579 2107 1744 2154 vellem,
1774 2107 1926 2160 inquit,

167 2174 203 2206 te
234 2167 283 2206 ad
317 2167 476 2206 Stoicos
507 2167 816 2207 inclinavissesl
850 2174 937 2208 erat
969 2169 1100 2216 enim,
1133 2171 1166 2209 si
1199 2170 1472 2222 cuiusquam,
1505 2175 1616 2209 certe
1648 2174 1790 2216 tuum,
1821 2168 1928 2208 nihil

166 2236 328 2283 praeter
358 2230 550 2269 virtutem
580 2230 622 2269 in
652 2229 773 2270 bonis
806 2231 968 2271 ducere.
1019 2231 1125 2271 Vide
1157 2245 1209 2271 ne
1239 2232 1391 2284 magis,
1424 2231 1618 2285 inquam,
1650 2236 1763 2271 tuum
1787 2231 1926 2279 fuerit,

167 2306 256 2332 cum
286 2306 330 2331 re
362 2292 472 2331 idem
503 2292 577 2332 tibi
608 2292 719 2346 quod
751 2293 849 2333 mihi
884 2293 1116 2340 videretur,
1158 2307 1241 2333 non
1284 2306 1393 2333 nova
1422 2300 1461 2333 te
1493 2293 1618 2333 rebus
1649 2293 1820 2333 nomina
1849 2294 1926 2332 im-

166 2368 342 2408 ponere3
374 2355 477 2394 ratio
510 2355 618 2395 enim
640 2361 780 2396 nostra
802 2356 1031 2403 consentit,
1063 2361 1222 2408 pugnat
1244 2356 1388 2396 oratio.
1439 2356 1609 2395 Minime
1631 2369 1754 2403 vero,
1786 2355 1975 2409 inquit35

165 2417 255 2464 ille,
287 2418 515 2465 consentit3
560 2418 762 2472 quicquid
795 2420 905 2459 enim
937 2424 1100 2472 praeter
1130 2419 1193 2465 id,
1225 2418 1337 2472 quod
1369 2418 1591 2458 honestum
1623 2418 1692 2465 sit,
1725 2423 1926 2471 expeten-

166 2479 263 2519 dum
301 2493 391 2520 esse
433 2480 587 2520 dixeris
622 2481 666 2520 in
705 2481 913 2535 bonisque
954 2481 1260 2528 numeraveris,
1303 2486 1343 2521 et
1381 2481 1605 2521 honestum
1635 2481 1772 2533 ipsum
1803 2480 1924 2534 quasi

164 2646 390 2686 adiectivum,
425 2647 517 2688 quod
543 2648 701 2679 Ciceroni
726 2649 789 2689 ipsi
814 2647 960 2689 placuit,
991 2649 1129 2689 hocque
1155 2648 1381 2688 (ineas-hausta)
1410 2656 1489 2679 esse
1514 2657 1532 2679 e
1558 2647 1839 2689 supplemento.»
1865 2648 1923 2680 On.

163 2696 379 2728 Adiectivum
408 2700 550 2737 propter
576 2699 645 2729 vim
670 2699 764 2729 vocis
789 2700 931 2729 aviditas
956 2700 1196 2730 necessarium
1222 2708 1300 2731 esse
1325 2698 1475 2730 Klotzius
1500 2700 1594 2729 recte
1620 2706 1747 2738 negare
1773 2697 1923 2729 videtur.

166 2762 200 2767 —
230 2748 258 2776 l.
283 2755 322 2777 ne
347 2748 551 2785 prensionem
575 2749 672 2779 ABE
702 2766 736 2771 —-
769 2748 800 2780 4.
829 2749 969 2780 helluari
998 2750 1123 2780 BCD:
1159 2749 1297 2780 helluari
1324 2751 1371 2785 A;
1400 2748 1528 2779 heluari
1558 2748 1623 2779 MO
1655 2764 1690 2770 —
1724 2748 1755 2778 in
1786 2751 1854 2778 tam
1877 2749 1922 2778 A:

164 2797 264 2827 vitam
287 2797 328 2833 B;
354 2800 421 2828 tam
445 2798 477 2828 in
502 2798 603 2830 codd.
624 2799 708 2830 dett.
735 2817 769 2821 —-
795 2800 901 2838 clara]
925 2799 1107 2838 praeclara
1130 2799 1332 2830 Lambinus.
1352 2816 1386 2820 —
1413 2799 1443 2829 7.
1470 2798 1497 2828 si
1521 2806 1591 2829 om.
1611 2798 1634 2828 B
1656 2813 1690 2819 —
1719 2797 1771 2828 ⁴0.
1789 2797 1863 2827 hinc
1879 2796 1922 2827 B:

163 2846 213 2876 hic
238 2847 264 2877 Α
281 2864 316 2868 -
341 2847 424 2878 hatte
447 2850 547 2879 totam
570 2850 653 2881 AB:
680 2853 782 2880 totam
805 2850 888 2880 hanc
913 2850 937 2880 O
961 2867 1003 2871 ——
1028 2850 1079 2880 44.
1106 2848 1228 2888 notam]
1255 2852 1356 2879 lotam
1380 2848 1440 2879 BE
1468 2865 1502 2869 ——
1530 2848 1582 2879 43.
1608 2851 1644 2878 ut
1666 2850 1695 2878 el
1718 2847 1761 2878 B:
1787 2849 1818 2878 et
1839 2850 1875 2876 ul
1898 2847 1925 2877 A

169 2914 202 2918 —
230 2895 280 2926 44.
297 2900 326 2927 et
350 2899 427 2937 post
446 2899 538 2936 patri
554 2908 622 2930 om.
642 2900 666 2930 B
686 2901 765 2936 (non
784 2900 818 2938 E)
839 2917 873 2921 —
901 2899 1026 2938 cepioni
1045 2902 1088 2931 A:
1115 2899 1251 2937 scipioni
1275 2899 1298 2929 B
1318 2915 1353 2919 —
1381 2898 1432 2928 45.
1458 2896 1526 2938 nec]
1551 2897 1606 2928 hec
1628 2898 1652 2928 B
1674 2915 1708 2920 —
1737 2896 1788 2927 46.
1815 2896 1925 2935 cepio-

163 2954 235 2975 nem
259 2946 322 2977 ΑΒ
349 2963 383 2969 —
414 2948 486 2988 fert]
512 2949 610 2988 refert
632 2952 658 2980 Α
675 2950 697 2980 Β
726 2967 761 2971 -
788 2950 840 2980 47.
867 2953 895 2980 et
918 2950 955 2981 L.
981 2950 1133 2980 Lucullus
1158 2948 1311 2980 llalmius
1339 2965 1375 2970 —
1401 2948 1453 2979 48.
1480 2947 1636 2986 omnibus]
1661 2947 1756 2978 rebus
1779 2946 1926 2978 omnibus

165 3003 283 3034 margo
301 2995 394 3027 editt.
415 2997 739 3036 Lambinianarun];
766 3000 914 3031 omnibus
933 2999 1050 3040 [rebus]
1069 2999 1230 3030 Klotzius.
1250 3016 1283 3019 —
1312 2997 1362 3028 «19.
1382 2997 1543 3028 memoria
1559 2999 1585 3028 Α
1602 3014 1637 3020 -ψ-
1664 2997 1717 3027 ⁶20.
1736 2998 1924 3028 testamento

164 3044 279 3075 liberos
302 3054 374 3076 suos
397 3046 452 3077 tibi
475 3048 499 3079 B
526 3066 561 3070 —
588 3050 640 3081 23.
665 3059 805 3089 puerum
829 3053 858 3080 et
882 3058 951 3080 om.
978 3050 1001 3080 B
1030 3067 1065 3072 —
1092 3048 1145 3079 (24.
1172 3049 1240 3078 iam
1264 3055 1333 3078 om.
1361 3047 1384 3077 B
1413 3063 1447 3069 —-
1476 3048 1528 3079 ⁶25.
1554 3047 1679 3078 uenerit
1703 3047 1727 3077 B
1756 3064 1790 3068 —
1812 3054 1924 3085 para-

164 3094 239 3124 tior.
265 3095 329 3136 Sic]
348 3098 502 3134 paratior
517 3099 557 3129 sit
572 3100 685 3136 ABE3
708 3101 875 3139 paratior.
902 3100 956 3130 Sic
972 3102 1015 3130 est
1032 3098 1222 3129 Lambinus
1244 3114 1277 3118 —
1298 3097 1350 3127 26.
1370 3105 1504 3137 aqemus
1520 3106 1636 3128 comm.
1656 3097 1715 3128 BE
1736 3114 1770 3118 —
1796 3096 1924 3127 resida-

165 3152 236 3174 mus
260 3145 339 3176 AB:
370 3146 568 3178 resideamus
592 3149 616 3179 O
646 3167 676 3172 —
713 3150 766 3181 ⁶27.
793 3149 914 3189 itaque]
944 3149 990 3178 ita
1015 3149 1038 3179 B
1067 3165 1099 3169 —
1134 3147 1186 3177 29.
1214 3154 1292 3185 quos
1317 3154 1386 3177 om.
1414 3146 1437 3177 B
1466 3165 1501 3169 —
1525 3146 1587 3187 hic]
1613 3147 1661 3177 his
1684 3148 1726 3184 Α,
1752 3146 1809 3184 hys
1832 3145 1856 3176 B
1884 3162 1919 3167 —

164 3193 362 3225 Aristotelios
383 3197 428 3226 A:
456 3198 623 3229 aristotilis
647 3200 671 3230 B
699 3217 733 3221 —
761 3199 812 3230 30.
841 3200 1019 3238 aufferrem
1043 3199 1084 3233 B;
1112 3198 1265 3236 afferrem
1292 3195 1315 3227 E
1343 3211 1377 3217 —
1405 3195 1457 3228 31.
1484 3196 1574 3228 nobis
1597 3197 1683 3228 AB:
1708 3196 1815 3234 ποὸὶε,
1841 3195 1922 3225 sicut

165 3243 226 3273 scis
247 3244 298 3281 M;
323 3244 427 3285 nobis,
453 3250 488 3278 ut
510 3248 571 3279 scis
595 3248 619 3279 O
647 3263 681 3270 -
710 3247 762 3279 32.
789 3248 922 3290 Stoicos]
947 3248 1007 3279 stoi
1029 3249 1056 3279 A
1083 3264 1117 3269 —
1146 3247 1198 3278 37.
1225 3254 1286 3284 que
1310 3253 1380 3278 orn.
1405 3246 1442 3278 Β.
