2249 3624
967 253 1308 299 FRAGMENTA.
1931 250 2012 293 939

263 359 443 408 nissimo‚
471 356 588 396 velim
609 369 823 407 quaerere,
853 357 981 396 utrius
1010 356 1173 396 tandem
1203 357 1272 395 tibi
1305 357 1533 396 tribunatus
1564 358 1696 395 minus
1726 357 1889 409 probari
1920 363 2012 408 pot—

262 428 342 468 est,
379 422 420 460 C.
451 419 650 466 Cornelii,
686 432 763 466 an,
806 432 885 458 non
921 419 1050 458 dicam
1088 422 1126 458 1‘.
1160 419 1347 470 Sulpicii,
1391 432 1469 457 non
1507 421 1544 457 l..
1576 421 1802 469 Saturnini,
1846 432 1924 457 non
1967 423 2010 456 (1.

262 483 443 530 Gracchi,
474 494 552 520 non
581 480 749 519 Tiberii:
787 482 1005 529 neminem,
1049 495 1169 532 quem
1209 483 1271 520 isti
1312 482 1547 520 seditiosum
1588 483 1840 531 existimant,
1882 482 2012 519 nomi-

262 545 391 584 nabo:
431 544 504 582 sed
533 542 720 582 avunculi
750 545 818 592 tui,
849 547 895 591 Q.
928 543 1084 592 Catule,
1115 543 1326 581 clarissimi
1356 545 1594 596 patriaeque
1623 545 1887 582 amantissimi
1917 544 2009 590 viri;

263 607 359 658 quid
388 607 479 645 mibi
509 605 672 644 tandem
703 619 995 657 responsurum
1026 607 1202 657 putatis?
1257 608 1280 656 (1
1299 606 1322 644 d
1340 608 1443 655 em.)
2027 608 2045 636 5

361 670 395 708 5.
439 668 557 717 Quid,
587 668 812 707 avunculus
843 676 950 717 tuus,
980 668 1230 707 clarissimus
1257 670 1328 712 vir.
1360 670 1583 707 clarissimo
1612 675 1740 720 patre,
1771 682 1860 717 avo,
1884 670 2012 707 maio-

262 733 392 778 ribus,
434 731 578 779 eredo,
621 732 800 779 silentio,
846 733 1006 770 favente
1051 732 1281 780 nobilitate,
1314 732 1421 770 nullo
1460 733 1731 770 intercessore
1764 738 2010 782 comparato,

260 794 410 847 populo
442 796 620 833 Romano
663 794 775 832 dedit
803 801 843 832 et
872 795 1243 845 potentissimorum
1285 796 1489 834 bominum
1530 795 1709 846 collegiis
1753 796 1899 846 eripuit
1942 808 2013 832 co—

260 857 528 909 optandorum
559 856 817 895 sacerdotum
846 858 1118 908 potestatem?
1173 856 1353 907 (Idem.)

1033 932 1245 978 SEQurrrn:
2028 939 2063 967 40

359 996 394 1033 6.
440 994 574 1042 Quid?
602 995 709 1034 idem
738 996 934 1034 Domitius
963 997 1010 1032 Μ.
1043 995 1243 1045 Silanum,
1273 996 1530 1035 consularem
1560 996 1781 1045 bominem,
1817 996 2011 1047 quemad-

261 1057 424 1097 modum
454 1058 642 1097 tribunus
671 1058 725 1109 pl.
756 1059 948 1097 vexavit?
989 1058 1167 1108 (Idem.)

357 1124 394 1160 7.
438 1121 546 1160 Haec.
578 1127 640 1159 est
668 1122 944 1160 controversia
975 1121 1188 1171 eiusmodi,
1217 1126 1259 1159 ut
1286 1121 1379 1158 mibi
1403 1150 1410 1159 .
1437 1152 1444 1159 .
1470 1149 1477 1157 .
1502 1150 1508 1158 .
1533 1121 1717 1160 trilmnus
1747 1121 1798 1172 pl.
1832 1122 1903 1160 Cn.
1930 1122 2012 1159 Do-

260 1183 408 1231 mitius,
443 1183 645 1222 Catulo..
671 1216 677 1222 .
700 1186 748 1222 M.
779 1184 991 1235 Terpolius
1021 1183 1413 1236 contemptissimum
1451 1197 1597 1222 nomen
1636 1185 1808 1223 eiectum
1842 1196 1933 1223 esse
1963 1196 2011 1221 ex

260 1246 322 1295 iis,
354 1246 421 1296 qui
450 1245 599 1285 trIbuni
627 1246 680 1298 pl.
712 1246 887 1285 suerunt.
945 1246 1118 1296 cidem)
2028 1252 2063 1280 ⁴5

359 1310 394 1347 8.
434 1309 533 1347 Nam
566 1320 701 1359 neque
735 1320 798 1346 me
836 1307 998 1347 divitiae
1028 1314 1212 1358 movent,
1255 1308 1404 1360 quibus
1437 1320 1578 1347 omnes
1607 1309 1815 1348 Africanos
1842 1313 1881 1346 et
1910 1310 2013 1346 Lae—

259 1370 335 1410 lios
365 1371 474 1410 multi
505 1370 688 1410 venalicii
717 1377 1049 1422 mercatoresque
1084 1378 1353 1422 superarunt,
1396 1383 1530 1422 neque
1563 1372 1686 1409 vestis
1719 1377 1786 1410 aut
1815 1370 2013 1409 caelatum

261 1446 403 1472 aurum
433 1439 472 1472 et
500 1440 732 1483 argentum,
766 1446 846 1485 quo
874 1440 1034 1472 nostros
1065 1440 1226 1472 veteres
1253 1433 1462 1472 Marcellos
1490 1435 1765 1484 Maximosque
1800 1433 1909 1471 multi
1940 1446 2014 1470 eu—

260 1496 378 1534 nuchi
411 1508 431 1533 e
461 1496 575 1547 Syria
604 1499 870 1547 Aegyptoque
897 1496 1105 1543 vicerunt,
1145 1508 1279 1546 neque
1317 1508 1413 1534 vero
1443 1502 1678 1534 ornamenta
1712 1497 1785 1534 ista
1815 1495 2012 1542 villarum,

261 1558 409 1609 quibus
451 1559 491 1596 L.
536 1556 719 1596 Paullum
761 1563 799 1595 et
840 1559 864 1595 L
918 1559 1172 1605 Mummium,
1217 1559 1284 1609 qui
1327 1558 1452 1596 rebus
1492 1557 1552 1595 his
1596 1558 1741 1596 Urbem
1779 1557 2013 1607 Italiamque
2030 1565 2064 1592 20

261 1633 422 1659 omnem
444 1621 712 1670 referserunt,
741 1620 791 1658 ab
815 1620 949 1671 aliquo
970 1621 1087 1658 video
1114 1620 1306 1671 perfacile
1334 1620 1494 1659 Deliaco
1523 1627 1591 1659 aut
1611 1623 1710 1672 Syro
1740 1621 1920 1672 potuisse
1942 1631 2014 1657 su—

259 1684 406 1734 perari.
464 1684 573 1731 (Cic.
604 1683 672 1721 Or.
707 1696 740 1720 e.
774 1685 834 1721 70.
873 1684 907 1733 ξ.
940 1685 1024 1722 232.
1070 1684 1242 1730 Quint
1275 1683 1302 1720 I.
1329 1684 1393 1722 IX.
1424 1696 1458 1721 e.
1489 1683 1520 1721 4.
1553 1684 1586 1733 §-
1623 1682 1678 1721 14.
1728 1685 1838 1721 Non.
1870 1696 1903 1720 v.
1935 1683 2014 1720 Ve-

261 1745 392 1784 nalieii
422 1758 460 1797 p.
498 1747 580 1784 158.
625 1747 784 1783 Prisc.
816 1745 842 1782 l.
871 1747 919 1783 X.
952 1758 983 1784 c.
1017 1748 1052 1784 (ζ).
1081 1748 1115 1795 ξ.
1147 1746 1221 1794 49.)

359 1810 392 1847 9.
438 1809 536 1854 Quis
578 1813 657 1845 tam
699 1807 916 1846 abundans
956 1809 1096 1859 copiis.
1155 1809 1322 1858 (Prisc.
1354 1808 1375 1845 l.
1406 1809 1539 1847 XVIII.
1571 1820 1604 1847 c.
1636 1809 1672 1847 2.
1707 1809 1741 1859 ξ.
1776 1810 1832 1847 19.
1888 1809 2013 1846 Aru-

261 1870 438 1910 sianus
465 1884 503 1922 p.
534 1873 619 1910 209.
650 1871 778 1920 Lind.)
2026 1876 2062 1905 25

362 1935 418 1972 10.
462 1934 502 1972 Si
544 1947 615 1973 vos
659 1935 776 1973 huius
822 1936 1002 1973 fortunas
1043 1948 1266 1986 paucorum
1312 1936 1402 1974 odio
1442 1934 1785 1973 adiudicaveritis.
1855 1933 2013 1983 (Idem

260 2009 298 2048 p.
329 1997 414 2035 216.
447 1997 575 2047 Lind.)

362 2060 419 2099 11.
463 2061 523 2098 Ad
565 2061 850 2099 miserrumum
894 2060 1320 2113 erudelissumumque
1362 2062 1610 2101 dominatum
1653 2060 1745 2099 (ledi
1792 2060 2012 2112 patiamini.

262 2122 287 2172 (I
306 2122 331 2161 d
351 2135 424 2161 em
452 2136 489 2174 p⁴
523 2123 608 2161 224.
641 2124 769 2172 Lind)

361 2186 418 2225 12.
463 2188 591 2233 Quam
614 2186 827 2237 diligentes
850 2187 1048 2226 libertatis
1071 2200 1142 2226 vos
1164 2194 1350 2239 oporteat
1375 2201 1480 2226 esse.
1540 2189 1563 2236 (l
1578 2187 1682 2225 dem
1711 2199 1748 2237 p.
1773 2186 1856 2225 226.
1881 2184 2064 2228 Lind.)30

360 2248 417 2286 13.
461 2250 536 2295 Qui
565 2249 788 2287 commodis
817 2250 953 2300 populi
990 2251 1032 2288 R.
1065 2249 1198 2300 lingua
1241 2250 1451 2289 dumtaxat
1489 2263 1534 2289 ao
1562 2249 1767 2287 voluntate
1797 2248 2012 2286 consuluit.

261 2311 329 2361 (ld
348 2322 423 2348 em
451 2323 490 2362 p.
523 2312 607 2349 226.
638 2311 738 2349 Lind
766 2317 775 2354 )

360 2374 414 2412 1-1.
458 2373 692 2425 Expelleret
720 2387 740 2412 a
770 2374 1120 2425 dispensantibus.
1178 2375 1201 2423 (1
1221 2374 1242 2412 d
1261 2387 1282 2412 e
1301 2388 1336 2412 m
1363 2387 1401 2425 p.
1433 2374 1517 2413 227.
1548 2374 1674 2423 Lind.)

363 2437 419 2474 15.
463 2437 520 2474 Ne
551 2435 677 2475 fraudi
709 2437 759 2474 sit
787 2438 840 2486 ei,
872 2438 938 2487 qui
978 2436 1171 2487 populum
1206 2437 1257 2474 ad
1295 2438 1594 2475 ‹‘·ontentionem
1635 2437 1795 2475 vocarit.
1855 2437 2011 2486 (Serv.

260 2496 311 2536 ad
343 2500 441 2536 Aen.
470 2498 495 2537 l.
527 2499 592 2536 XI.
623 2511 659 2536 v.
690 2502 763 2536 708
804 2512 843 2549 p.
875 2500 958 2537 0:36.
993 2498 1056 2536 ed.
1089 2500 1212 2537 Paris.
1248 2500 1376 2548 1600.)
2027 2503 2064 2531 35

260 2611 360 2652 VIII.
408 2612 606 2654 ORATIO
630 2613 679 2653 IN
712 2612 912 2655 SENATU
944 2614 993 2653 IN
1017 2614 1156 2655 TOGA
1185 2615 1412 2654 ‹IANDIDA
1447 2614 1651 2655 CONTRA
1677 2613 1719 2654 C.
1743 2612 2012 2654 ANTONIUM

691 2682 751 2721 ET
785 2682 824 2722 L.
861 2682 1139 2723 CATILINAM
1173 2682 1590 2724 (3()Mt‘1‹]'l'l's(›RES.

891 2765 1178 2797 ARGt'MEN'st'M
1205 2766 1385 2796 ASCONH.

360 2818 467 2855 Haec
495 2818 620 2855 oratio
652 2817 756 2855 dieta
791 2823 853 2855 est
881 2819 922 2856 L.
956 2819 1155 2867 Caesare,
1187 2820 1230 2857 C.
1268 2818 1404 2868 Figulo
1439 2830 1543 2855 coss.
1586 2822 1678 2868 post
1707 2829 1856 2855 annum
1891 2828 2012 2868 quam

261 2890 334 2928 pro
365 2878 552 2917 Cornelio
581 2879 751 2917 dixerat.
2027 2886 2062 2915 40

360 2941 441 2978 Sex
468 2941 754 2991 competitores
784 2941 823 2978 in
854 2941 1088 2979 consulatus
1116 2942 1308 2993 petitione
1327 2942 1467 2979 Cicero
1497 2940 1649 2988 habuit,
1681 2940 1783 2979 ‹luos
1805 2942 2010 2992 patrieiOS,

259 3002 301 3039 P.
334 3002 556 3052 Sulpicium
586 3002 770 3049 Galbam,
800 3004 839 3039 L.
865 3003 1049 3053 Sergium
1077 3003 1309 3041 Catilinam:
1342 3008 1533 3053 quattuor
1553 3001 1752 3051 plebeios,
1784 3015 1833 3040 ex
1863 3002 2012 3054 quibus

261 3063 340 3102 duo
363 3065 546 3113 nobiles,
579 3067 622 3104 C.
655 3065 892 3113 Antonium,
931 3067 977 3103 M.
1008 3067 1166 3104 Antonii
1197 3066 1366 3103 oratoris
1397 3065 1542 3113 lilium,
1577 3066 1617 3102 L.
1651 3065 1835 3103 Cassium
1864 3065 2013 3113 Longi-

260 3138 378 3174 num;
412 3126 528 3176 duos,
559 3128 626 3177 qui
654 3133 809 3166 tantum
830 3140 909 3166 non
931 3129 1047 3178 primi
1071 3140 1118 3166 ex
1140 3128 1296 3166 familiis
1316 3128 1398 3165 suis
1419 3128 1697 3176 magistratum
1726 3126 1861 3177 adepti
1882 3132 2011 3175 erant,

351 3265 406 3299 28.
444 3264 492 3296 Ad
518 3266 609 3297 Orat.
629 3266 667 3296 ΙΙ.
695 3265 843 3297 refertur
867 3267 899 3298 jn
925 3267 1001 3298 cod.
1023 3267 1108 3298 Gud.
1137 3265 1243 3306 Vulgo
1269 3264 1392 3306 legitur
1416 3266 1448 3296 in
1475 3266 1632 3305 fragmm.
1661 3268 1752 3298 Orat.
1780 3266 1805 3298 l.
1834 3283 1865 3287 —
1893 3264 1944 3296 34.
1971 3265 2014 3295 ad

263 3315 443 3347 contionem
468 3313 605 3346 Bardilii
630 3317 719 3348 coni.
