2249 3624
356 125 436 168 400
737 128 807 167 DE
838 126 1045 167 FINIBUS
1075 125 1337 167 BONORUM
1364 127 1434 168 ET
1463 128 1730 170 MALORUM

353 240 436 281 frui
468 264 540 290 —,
571 254 656 280 non
687 239 839 280 dicitur
868 239 1025 280 laetitia
1055 253 1132 280 nec
1164 239 1362 292 gaudium
1394 241 1436 281 in
1467 255 1657 295 corpore.
1718 238 1784 280 44.
1816 241 1864 280 In
1895 253 1944 280 eo
1975 244 2113 281 autem

354 306 544 358 voluptas
585 303 770 343 omnium
810 303 955 342 Latine
992 303 1255 356 loquentium
1293 317 1407 344 more
1439 305 1629 357 ponitur,
1668 318 1761 344 cum
1793 303 2022 356 percipitur
2052 318 2114 353 ea,

353 381 461 421 quae
493 380 661 407 sensum
692 366 876 418 aliquem
907 370 1092 412 moveat,
1134 365 1382 405 iucunditas.
1440 367 1558 407 Hanc
1590 379 1761 420 quoque
1796 365 2115 414 iucunditatem,

351 430 387 469 si
417 430 498 477 vis,
540 427 719 468 transfer
747 427 791 466 in
821 427 1027 467 animum:
1069 427 1252 467 iuvare
1284 428 1394 468 enim
1431 429 1475 468 in
1505 434 1686 482 utroque
1718 428 1867 469 dicitur
1897 442 1949 469 ex
1980 443 2115 483 eoque

318 492 641 532 5iucundum:
674 489 798 529 modo
829 490 1048 542 intellegas
1079 490 1187 529 inter
1214 490 1354 538 illum,
1387 491 1460 545 qui
1492 492 1603 531 dicat

573 555 740 593 Tanta
769 552 987 592 laetitia
1017 558 1203 593 auctus
1235 566 1365 601 sum,
1396 559 1450 594 ut
1480 554 1620 593 nihil
1653 559 1879 602 constet,

348 623 389 658 et
419 631 535 665 eum,
567 616 639 669 qui

725 680 865 719 Nunc
898 677 1098 717 demum
1128 678 1254 718 mihi
1286 679 1494 719 animus
1526 680 1702 728 ardet,

347 755 526 797 quorum
556 741 660 782 alter
689 741 849 781 laetitia
879 741 1047 793 gestiat,
1079 741 1183 780 alter
1214 741 1360 781 dolore
1385 743 1611 790 crucietur,
1643 756 1735 782 esse
1765 742 1884 782 illum
1914 742 2113 790 medium,

297 815 331 844 [ιο
403 794 720 857 Quamquam
751 804 880 843 haec
911 804 1060 843 inter
1090 817 1184 843 nos
1216 818 1384 857 nuper
1414 805 1614 845 notitia
1645 805 1916 845 admodum
1948 810 2043 853 est,

345 868 419 922 qui
448 881 526 907 nec
556 866 733 906 laetetur
763 879 840 906 nec
871 871 1067 919 angatur,
1099 867 1285 920 itemque
1317 867 1426 906 inter
1456 880 1572 915 eum,
1604 868 1675 921 qui
1708 868 1894 920 potiatur
1924 867 2111 921 corporis

347 930 542 984 expetitis
578 929 884 982 voluptatibus,
930 934 970 968 et
1009 942 1123 977 eum,
1169 930 1240 982 qui
1284 929 1491 969 crucietur
1529 930 1702 969 summis
1734 929 1973 978 doloribus,
2020 935 2112 970 esse

343 1007 458 1041 eum,
492 993 563 1046 qui
593 997 776 1045 utroque
807 996 958 1031 careat.

454 1056 503 1095 V.
536 1052 602 1094 45.
643 1054 807 1094 Satisne
849 1053 976 1106 igitur
1014 1054 1159 1094 videor
1198 1054 1282 1094 vim
1318 1054 1539 1095 verborum
1579 1060 1722 1095 tenere
1771 1069 1824 1095 an
1863 1069 1954 1095 sum
1986 1056 2110 1096 etiam

292 1127 328 1156 45
342 1133 453 1160 nunc
483 1117 551 1158 vel
583 1117 739 1156 Graece
770 1116 890 1170 loqui
920 1116 987 1156 vel
1018 1117 1166 1156 Latine
1198 1117 1412 1157 docendus
1426 1120 1443 1156 ’Β
1481 1118 1533 1157 Et
1563 1123 1702 1157 tamen
1733 1117 1828 1158 vide
1860 1131 1934 1166 ne,
1966 1118 1999 1157 si
2033 1132 2110 1171 ego

341 1196 425 1223 non
455 1180 721 1232 intellegam,
763 1179 865 1233 quid
895 1179 1098 1232 Epicurus
1130 1179 1347 1233 loquatur,
1387 1194 1479 1220 cum
1512 1180 1688 1228 Graece,
1719 1185 1766 1220 ut
1795 1180 1964 1228 videor,
1996 1181 2113 1220 lucu-

340 1246 476 1285 lenter
506 1243 656 1289 sciam,
688 1242 742 1282 sit
772 1242 914 1295 aliqua
945 1241 1066 1294 culpa
1088 1241 1200 1290 eius,
1233 1243 1305 1296 qui
1331 1243 1389 1282 ita
1409 1242 1627 1295 loquatur,
1659 1247 1811 1282 utnon
1832 1242 2110 1296 intellegatur.

341 1307 463 1356 Quod
496 1305 658 1345 duobus
690 1303 827 1344 modis
859 1304 949 1343 sine
980 1304 1253 1357 reprensione
1284 1303 1351 1351 fit,
1395 1304 1429 1344 si
1461 1310 1532 1344 aut
1563 1305 1614 1344 de
1644 1304 1852 1345 industria
1881 1305 2030 1353 facias,
2066 1310 2113 1345 ut

339 1369 598 1415 Heraclitus,
645 1371 997 1419 cognomento
1032 1368 1118 1420 qui
1162 1364 1450 1416 σκοτεινὸς
1491 1367 1833 1421 perhibetur,
1878 1368 2008 1421 quia
2049 1368 2110 1407 de

289 1438 532 1474 aonatura
562 1429 722 1470 nimis
754 1429 986 1469 obscure
1017 1431 1338 1478 memoravit,
1371 1436 1441 1470 aut
1469 1443 1561 1470 cum
1588 1444 1728 1470 rerum
1750 1430 1996 1478 obscuritas,
2025 1444 2109 1470 non

341 1495 558 1535 verborum
588 1492 689 1532 facit
718 1497 765 1532 ut
794 1505 879 1531 non
906 1492 1175 1544 intellegatur
1206 1493 1360 1541 oratio,
1393 1492 1527 1546 qualis
1559 1499 1620 1532 est
1650 1493 1692 1531 in
1715 1493 1886 1532 Timaeo
1910 1493 2109 1532 Platonis.

337 1558 544 1610 Epicurus
586 1560 745 1603 autem,
788 1560 834 1594 ut
866 1555 1036 1608 opinor,
1082 1569 1159 1594 nec
1198 1568 1284 1595 non
1314 1555 1424 1601 vult,
1473 1554 1505 1593 si
1544 1555 1696 1607 possit,
1741 1555 1864 1608 plane
1897 1559 1938 1594 et
1967 1559 2110 1607 aperte

337 1620 476 1673 loqui,
507 1630 586 1658 nec
618 1617 668 1657 de
700 1631 744 1657 re
778 1617 967 1663 obscura,
998 1622 1045 1656 ut
1065 1617 1252 1671 physici,
1285 1623 1357 1657 aut
1377 1614 1611 1664 artificiosa,
1643 1622 1688 1657 ut
1708 1616 2004 1663 mathematici,
2037 1615 2109 1656 sed

339 1684 390 1723 de
420 1681 574 1722 illustri
606 1685 647 1719 et
676 1679 789 1719 facili
821 1685 862 1719 et
891 1679 974 1718 iam
1005 1680 1049 1719 in
1070 1681 1220 1732 vulgus
1242 1684 1463 1733 pervagata
1484 1679 1683 1732 loquitur.
1736 1679 2002 1733 Quamquam
2023 1692 2108 1718 non

286 1746 498 1799 25negatis
535 1756 612 1783 nos
651 1742 920 1795 intellegere,
961 1742 1063 1795 quid
1103 1742 1156 1782 sit
1196 1742 1413 1794 voluptas,
1455 1741 1527 1781 sed
1561 1741 1662 1795 qnid
1692 1742 1764 1781 ille
1796 1742 1928 1790 dicat3
1970 1755 1991 1781 e
2025 1754 2108 1794 quo

337 1806 534 1854 efficitur,
566 1819 651 1844 non
682 1810 728 1844 ut
758 1818 835 1844 nos
867 1817 952 1844 non
984 1805 1298 1857 intellegamus,
1332 1818 1442 1858 quae
1473 1805 1535 1844 vis
1567 1805 1619 1844 sit
1649 1805 1770 1844 istius
1791 1805 1928 1852 verbi,
1961 1804 2034 1844 sed
2065 1808 2110 1842 ut

334 1871 407 1911 ille
438 1882 514 1909 suo
546 1881 661 1907 more
692 1868 912 1921 loquatur,
945 1874 1133 1907 nostrum
1166 1867 1371 1920 neglegat.
1422 1864 1487 1906 ¹16.
1512 1867 1555 1906 Si
1582 1867 1691 1907 enim
1720 1867 1834 1907 idem
1864 1867 1966 1907 dicit
1997 1866 2108 1920 quod

335 1934 639 1984 Hieronymus,
672 1930 742 1983 qui
774 1935 918 1969 censet
949 1943 1159 1969 summum
1189 1930 1346 1969 bonum
1379 1943 1471 1969 esse
1503 1930 1593 1969 sine
1625 1930 1711 1970 ulla
1740 1929 1934 1969 molestia
1955 1928 2109 1974 vivere,

335 2010 408 2037 cur
438 1994 596 2035 mavult
627 1992 762 2032 dicere
793 1993 1052 2046 voluptatem
1085 2006 1210 2046 quam
1236 1992 1488 2031 vacuitatem
1511 1991 1683 2039 doloris,
1715 1996 1762 2032 ut
1789 1991 1860 2031 ille
1889 1990 2002 2038 facit,
2036 1990 2110 2043 qui

285 2058 437 2113 30quid
481 2058 592 2097 dicat
638 2056 875 2109 intellegit?
915 2056 980 2095 sin
1019 2060 1159 2094 autem
1199 2054 1460 2106 voluptatem
1502 2059 1623 2106 putat
1659 2052 1970 2106 adiungendam
2002 2065 2107 2098 eam,

336 2135 443 2175 quae
475 2121 528 2161 sit
557 2120 600 2158 in
630 2124 747 2158 motu
767 2141 822 2146 —-
844 2118 903 2158 sic
934 2118 1045 2158 enim
1075 2116 1259 2170 appellat
1288 2116 1395 2155 hanc
1420 2116 1598 2163 dulcem,
1630 2116 1674 2155 in
1704 2121 1834 2162 motu,
1866 2114 1981 2154 illam
2001 2112 2107 2153 nihil

335 2184 538 2231 dolentis,
569 2182 613 2221 in
644 2181 869 2221 stabilitate
900 2203 975 2229 —,
1009 2179 1110 2234 quid
1142 2179 1303 2219 tendit?
1336 2192 1430 2218 cum
1461 2176 1627 2218 efficere
1657 2191 1743 2217 non
1775 2177 1910 2231 possit
1940 2180 1987 2216 ut
2019 2175 2107 2216 cui—

336 2259 479 2298 quam,
525 2245 596 2299 qui
633 2244 724 2297 ipse
760 2244 840 2284 sibi
871 2248 996 2283 notus
1029 2242 1102 2289 sit,
1140 2241 1220 2281 hoc
1253 2245 1336 2288 est,
1376 2242 1447 2294 qui
1479 2254 1596 2281 suam
1627 2246 1819 2281 naturam
1849 2251 2106 2292 sensumque

335 2307 618 2360 perspexerit,
659 2307 847 2346 vacuitas
888 2305 1045 2345 doloris
1087 2309 1128 2344 et
1158 2304 1351 2356 voluptas
1390 2304 1503 2344 idem
1534 2318 1627 2344 esse
1659 2303 1863 2344 videatur.
1923 2302 2013 2342 Hoc
2045 2305 2108 2341 est

286 2381 322 2408 35
338 2370 420 2409 vim
451 2367 622 2417 afferre,
654 2370 893 2422 Torquate,
925 2367 1139 2414 sensibus,
1172 2371 1426 2420 extorquere
1458 2379 1509 2406 ex
1540 2367 1688 2406 animis
1722 2365 1986 2419 cognitiones
2013 2376 2106 2404 ver-

335 2433 497 2479 borum,
531 2431 684 2485 quibus
716 2431 866 2471 imbuti
898 2443 1056 2470 sumus.
1109 2429 1212 2477 Quis
1245 2429 1356 2468 enim
1387 2435 1467 2477 est,
1500 2430 1572 2483 qui
1604 2443 1688 2470 non
1717 2430 1858 2471 videat
1887 2428 1991 2468 haec
2013 2440 2105 2467 esse

335 2495 378 2534 in
408 2500 557 2534 natura
587 2508 727 2534 rerum
758 2494 862 2533 tria?
892 2506 1045 2540 unum,
1077 2505 1172 2531 cum
1203 2492 1247 2530 in
1267 2491 1483 2544 voluptate
1506 2506 1672 2540 sumus,
1704 2492 1903 2540 alterum,
1935 2505 2030 2531 cum
2062 2490 2106 2529 in

337 2557 502 2605 dolore,
544 2557 714 2597 tertium
743 2556 849 2604 hoc,
887 2557 930 2596 in
961 2568 1044 2609 quo
1078 2567 1189 2594 nunc
1222 2554 1418 2607 equidem
1449 2568 1561 2603 sum,
1601 2554 1725 2595 credo
1756 2554 1858 2594 item
1888 2567 1985 2602 vos,
2027 2565 2106 2592 nec

335 2620 378 2658 in
410 2619 556 2659 dolore
586 2633 664 2660 nec
693 2620 736 2659 in
765 2619 1004 2673 voluptate;
1045 2622 1092 2658 ut
1120 2618 1163 2657 in
1193 2616 1405 2670 voluptate
1439 2618 1493 2657 sit
1523 2618 1596 2672 qui
1628 2617 1840 2671 epuletur,
1881 2616 1926 2656 in
1957 2615 2103 2656 dolore

425 2814 456 2844 5.
482 2812 670 2852 iucundum]
696 2812 861 2844 interdum
884 2812 909 2842 B
938 2829 973 2833 -
999 2811 1030 2842 6.
1057 2811 1168 2842 auclu'
1193 2811 1225 2841 M
1250 2827 1285 2832 —
1312 2809 1358 2851 vnt]
1385 2814 1414 2842 cc
1436 2811 1460 2842 Β
1480 2826 1515 2832 -—
1542 2814 1708 2843 constetw·
1729 2819 1803 2842 eum
1825 2811 1850 2842 B
1871 2826 1907 2833 —
1935 2810 1966 2842 9.
1992 2809 2068 2851 esse]
2084 2807 2104 2841 ἒ

339 2860 375 2893 Α1
403 2878 438 2884 ——
473 2863 524 2892 Μ.
550 2862 697 2901 corporis
720 2862 871 2901 expetitis
893 2861 976 2892 AB:
1009 2862 1160 2900 expetitis
1182 2862 1330 2900 corporis
1353 2862 1377 2892 O
1405 2879 1440 2883 —
1475 2861 1526 2893 42.
1551 2862 1726 2901 voluptatis
1748 2862 1772 2892 Β
1800 2878 1836 2883 --
1869 2860 2035 2892 crucietur
2057 2860 2100 2890 A:

335 2911 544 2942 excrucietur
567 2911 675 2942 BMO
702 2929 737 2933 —
765 2911 816 2943 44.
842 2911 919 2952 vim]
944 2911 1037 2942 uiam
1060 2912 1083 2942 B
1111 2929 1146 2933 —
1174 2911 1225 2942 116.
1251 2911 1397 2951 loquitur
1420 2912 1443 2941 Β
1473 2929 1507 2934 -
1535 2911 1586 2942 40.
1613 2915 1828 2952 cognomenta
1851 2911 1876 2943 B
1903 2928 1939 2934 —-
1963 2910 2106 2941 scotinus

336 2961 400 2991 AB
429 2975 463 2982 —-
490 2961 542 2991 21.
566 2961 699 2999 plalone
727 2962 754 2992 A
782 2978 816 2982 —-
851 2961 904 2993 324.
929 2964 959 2992 cc
982 2961 1050 2991 iam
1074 2962 1248 2991 Goerenz:
1279 2961 1380 2992 eliam
1408 2963 1433 2992 A
1450 2962 1473 2992 B
1500 2978 1534 2983 ——
1567 2962 1724 3000 loquatur
1747 2962 1771 2991 Β
1800 2978 1832 2984 -
1866 2961 1920 2992 25.
1946 2959 2015 3000 nos]
2040 2968 2104 2990 non

337 3011 362 3041 E
390 3028 424 3032 —-
456 3019 472 3041 e
495 3019 558 3049 quo
581 3012 606 3040 A
623 3011 666 3041 ss:
700 3020 741 3042 cas·
765 3020 827 3049 quo
853 3012 877 3042 O
904 3028 939 3032 —
974 3012 1027 3042 ⁶26.
1054 3011 1217 3061 effigiatur
1241 3012 1264 3042 Β
1292 3029 1326 3034 —-
1364 3021 1428 3042 non
1458 3013 1539 3052 post
1566 3021 1622 3043 nos
1647 3021 1715 3043 oni.
1742 3012 1766 3042 B
1796 3028 1831 3034 —
1860 3010 1912 3042 30.
1935 3013 2034 3050 putat
2056 3010 2101 3040 B:

331 3064 430 3100 putat
452 3061 540 3091 dicat
563 3062 588 3091 Α
608 3078 642 3082 -
670 3061 723 3092 32.
749 3061 833 3102 cum]
859 3071 933 3093 eum
954 3062 979 3092 Β
1001 3079 1036 3084 -
1062 3060 1115 3092 33.
1141 3060 1201 3091 sibi
1223 3064 1318 3092 nolus
1340 3062 1366 3092 A
1383 3062 1424 3091 13:
1450 3065 1545 3092 nolus
1566 3061 1626 3092 sibi
1650 3063 1674 3093 O
1697 3079 1733 3083 —-
1761 3060 1814 3093 34.
1836 3057 2101 3099 prospeoeeritw

339 3127 375 3132 -—
401 3110 532 3140 uidelw·
555 3110 578 3140 Β
608 3128 643 3131 --
675 3111 727 3142 35.
754 3112 962 3152 coyniliones]
993 3111 1204 3152 coyilaliones
1233 3113 1259 3142 Α
1287 3129 1321 3133 -
1352 3110 1526 3141 verborum
1556 3110 1748 3143 delendum
1778 3111 1900 3142 censet
1927 3109 2043 3148 B(ake)
2069 3108 2101 3138 in

337 3160 508 3191 Mneinos.
536 3160 580 3197 ΙΙ,
608 3169 640 3200 p.
660 3159 734 3191 413.
773 3162 870 3192 Ideni
896 3170 927 3201 p.
948 3161 1021 3199 401,
1042 3161 1081 3191 21²2
1107 3160 1199 3191 delet
1222 3160 1347 3191 dicebat
1369 3178 1404 3182 ——
1432 3160 1483 3191 33⁴5.
1509 3162 1596 3192 enim
1618 3165 1664 3193 es!
1687 3163 1731 3193 A:
1757 3164 1803 3193 cst
1824 3161 1910 3193 enim
1932 3161 1957 3191 B
1973 3160 2043 3192 MO
2063 3177 2098 3182 —

337 3209 390 3240 38.
415 3209 562 3248 equidem
585 3217 657 3239 sum
672 3208 827 3246 Madvig:
855 3211 984 3247 quidem
1007 3218 1117 3240 sumus
1132 3212 1178 3247 Λ;
1203 3218 1314 3241 sumus
1339 3211 1361 3240 Β
1382 3226 1416 3231 -
1445 3211 1519 3241 ilem
1543 3211 1739 3243 Ernestius:
1767 3211 1852 3243 idem
1873 3211 1938 3243 AB
1954 3210 1998 3248 C,
2025 3209 2101 3249 quis-

338 3259 410 3291 dem
435 3260 460 3291 D
490 3277 523 3282 —
549 3268 607 3290 nos
630 3259 654 3289 B
671 3259 695 3289 l)
786 3260 838 3290 39.
862 3260 1028 3299 voluptate
1051 3261 1077 3291 Α
1092 3261 1133 3291 Β;
1159 3260 1325 3299 voluptate
1347 3268 1412 3292 esse
1434 3261 1461 3291 J)
1477 3260 1513 3291 O.
