2249 3624
256 131 336 174 532
910 132 981 171 DE
1012 133 1365 173 DIVINATIONE

370 240 480 279 XIV.
512 236 579 277 33.
614 238 728 277 Haec
760 237 973 276 observari
1005 244 1116 278 certe
1149 251 1232 277 non
1265 243 1509 291 potuerunt,
1531 243 1578 278 ut
1598 251 1728 291 supra
1748 239 1883 278 docui.
1923 240 2030 280 Sunt

257 304 384 356 igitur
415 302 515 342 artis
547 301 737 346 inventa,
764 313 848 338 non
880 301 1123 346 vetustatis,
1156 301 1189 340 si
1224 305 1286 339 est
1315 313 1381 339 ars
1414 300 1500 339 ulla
1531 314 1669 340 rerum
1701 301 2024 354 incognitarum.

259 365 361 406 Cum
393 378 531 404 rerum
562 368 700 403 autem
733 368 878 402 natura
909 375 1030 415 quam
1064 363 1354 414 cognationem
1385 362 1570 402 habent?
1602 377 1709 416 quae
1742 369 1788 403 ut
1816 377 1902 403 uno
1929 378 2031 403 con-

256 442 383 468 sensu
422 428 561 466 iuncta
601 425 655 464 sit
697 430 737 464 et
776 425 1022 471 continens,
1067 424 1179 477 quod
1221 425 1344 465 video
1383 424 1588 477 placuisse
1625 426 1838 479 physicis,
1884 425 2030 479 eisque

222 496 470 536 5maxume,
503 488 574 541 qui
606 500 729 526 omne
762 487 874 540 quod
906 493 1018 526 esset
1048 500 1176 526 unum
1209 501 1299 528 esse
1332 488 1553 528 dixerunt:
1592 488 1695 542 quid
1726 488 1880 527 habere
1912 501 2031 528 mun-

255 553 331 592 dus
364 556 500 604 potest
531 564 624 589 cum
658 549 842 588 thesauri
875 549 1116 588 inventione
1149 550 1446 590 coniunctum?
1480 551 1522 590 Si
1550 551 1662 590 enim
1690 551 1798 591 extis
1826 551 2030 604 pecuniae

255 614 355 654 milii
394 610 662 665 amplificatio
702 611 939 651 ostenditur
977 610 1103 663 idque
1142 611 1189 650 fit
1230 617 1399 660 natura,
1441 615 1624 666 primum
1663 619 1760 653 exta
1799 619 1896 654 sunt
1933 626 2032 653 con-

253 677 396 716 iuncta
427 675 607 721 mundo,
653 673 806 713 deinde
848 687 986 712 meum
1027 673 1188 714 lucrum
1220 681 1368 716 natura
1398 691 1537 716 rerum
1570 677 1822 717 continetur.
1882 677 2031 716 Nonne

254 739 386 792 pudet
416 737 609 790 physicos
640 736 743 776 haec
775 736 948 775 dicei-e?
1010 736 1061 776 Ut
1100 738 1211 777 enim
1251 739 1332 777 iam
1371 739 1423 778 sit
1460 739 1601 791 aliqua
1639 739 1682 778 in
1714 745 1862 778 natura
1892 751 2030 778 rerum

203 809 239 836 ⁴0
254 801 467 853 contagio,
512 812 637 853 quam
669 812 761 838 esse
795 797 978 838 concedo
1020 822 1073 828 —
1115 801 1244 840 multa
1277 802 1386 840 enim
1421 801 1549 841 Stoici
1581 801 1817 853 colligunt:
1863 813 1958 840 nam
1991 806 2033 839 et

252 864 534 905 musculorum
566 862 775 901 iecuscula
805 861 950 901 bruma
983 861 1182 902 dicuntur
1212 864 1371 916 augeri,
1405 870 1444 903 et
1475 863 1663 916 puleium
1695 862 1859 902 aridum
1886 860 2031 902 flores—

252 941 346 968 cere
376 924 555 965 brumali
588 925 679 976 ipso
713 924 804 970 die,
845 929 887 963 et
917 924 1081 964 inflatas
1113 926 1249 978 rumpi
1281 925 1507 973 vesiculas,
1549 932 1590 965 et
1621 926 1780 965 semina
1811 924 2030 971 malorum,

253 1002 360 1043 quae
392 989 432 1027 in
466 988 516 1026 iis
550 986 697 1026 mediis
730 986 892 1026 inclusa
923 987 1019 1033 sint,
1052 987 1094 1026 in
1126 989 1355 1028 contrarias
1386 988 1517 1040 partis
1549 1002 1594 1028 se
1616 993 1802 1036 vertere,
1834 988 1916 1026 iam
1938 999 2032 1026 ner-

250 1066 326 1092 vos
358 1051 400 1090 in
433 1048 585 1089 fidibus
617 1049 710 1088 aliis
742 1049 875 1101 pulsis
907 1062 1103 1088 resonare
1135 1049 1260 1097 alios,
1294 1050 1532 1103 ostreisque
1565 1056 1605 1090 et
1637 1047 1867 1102 conchyliis
1899 1048 2032 1089 omni-

202 1115 327 1154 ⁴5bus
369 1113 638 1164 contingere,
691 1117 736 1151 ut
777 1125 870 1151 cum
909 1111 1009 1151 luna
1057 1112 1214 1164 pariter
1254 1119 1445 1152 crescant
1488 1113 1730 1166 pariterque
1775 1111 2031 1158 decrescant,

250 1177 507 1228 arboresque
546 1180 592 1214 ut
628 1174 798 1213 hiemali
838 1179 1025 1227 tempore
1067 1187 1160 1213 cum
1193 1174 1292 1214 luna
1324 1175 1448 1214 simul
1481 1180 1770 1222 senescentes,
1813 1174 1913 1228 quia
1943 1179 2032 1214 tum

252 1239 485 1279 exsiccatae
527 1237 639 1284 sint,
688 1237 935 1289 tempestive
977 1235 1093 1276 caedi
1133 1242 1360 1290 putentur;
1410 1235 1477 1277 34.
1511 1239 1611 1291 quid
1644 1238 1695 1277 de
1726 1237 1842 1277 fretis
1878 1242 1950 1277 aut
1980 1238 2032 1277 de

251 1300 423 1342 marinis
454 1299 640 1339 aestibus
672 1299 792 1352 plura
823 1299 985 1338 dicam?
1029 1312 1205 1352 quorum
1237 1312 1432 1340 accessus
1466 1306 1506 1340 et
1537 1314 1726 1340 recessus
1757 1300 1883 1340 lunae
1915 1306 2031 1340 motu

251 1364 560 1416 gubernantur:
595 1368 788 1401 sescenta
820 1360 916 1401 licet
948 1361 1136 1401 eiusdem
1170 1362 1284 1402 modi
1317 1363 1508 1416 proferri,
1540 1369 1587 1403 ut
1617 1363 1862 1403 distantium
1892 1376 2031 1402 rerum

200 1434 237 1463 20
252 1426 443 1479 cognatio
475 1424 674 1464 naturalis
706 1430 904 1477 appareat
935 1446 988 1453 -—
1027 1424 1173 1464 demus
1204 1425 1309 1472 hoc,
1341 1426 1448 1465 nihil
1481 1426 1592 1465 enim
1623 1425 1722 1465 huic
1754 1425 2030 1479 disputationi

251 1490 517 1530 adversatur:
549 1502 648 1527 num
681 1487 818 1535 etiam,
851 1488 886 1527 si
920 1486 1061 1527 fissum
1094 1489 1311 1528 cuiusdam
1333 1488 1448 1528 modi
1470 1489 1662 1529 fueritin
1684 1488 1845 1537 iecore,
1868 1488 2031 1528 lucrum

251 1552 516 1592 ostenditur?
569 1550 663 1598 Qua
694 1562 747 1589 ex
778 1550 1075 1590 coniunctione
1106 1557 1279 1591 naturae
1311 1557 1354 1591 et
1385 1551 1506 1605 quasi
1537 1558 1743 1592 concentu
1774 1557 1901 1606 atque
1934 1565 2033 1592 con-

252 1629 398 1662 sensu,
431 1627 556 1667 quam
589 1611 868 1665 συμπάὲειαν
901 1612 1048 1652 Graeci
1081 1613 1317 1666 appellant,
1360 1615 1581 1654 convenire
1614 1619 1754 1667 potest
1783 1619 1856 1654 aut
1886 1612 2030 1654 fissum

250 1677 402 1718 iecoris
435 1691 529 1716 cum
561 1676 714 1715 lucello
746 1689 840 1715 meo
872 1681 944 1715 aut
975 1690 1093 1715 meus
1126 1677 1412 1729 quaesticulus
1446 1691 1538 1716 cum
1571 1677 1703 1724 caelo,
1734 1682 1847 1717 terra
1873 1690 2032 1717 rerum-

201 1748 238 1777 25
252 1753 332 1794 que
364 1740 541 1778 natura?

368 1803 456 1841 XV.
503 1801 738 1841 Concedam
771 1801 849 1840 hoc
881 1802 1046 1854 ipsum,
1094 1801 1126 1841 si
1159 1802 1248 1849 vis,
1300 1803 1378 1842 etsi
1416 1816 1607 1854 magnam
1645 1802 1848 1842 iacturam
1880 1815 2030 1842 causae

251 1864 414 1911 fecero,
448 1865 482 1903 si
514 1864 641 1903 ullam
675 1877 767 1903 esse
800 1865 1136 1904 convenientiam
1169 1870 1342 1904 naturae
1374 1878 1468 1904 cum
1501 1865 1609 1905 extis
1642 1878 1916 1905 concessero:
1963 1862 2031 1905 35.

254 1928 326 1967 sed
359 1934 497 1967 tamen
531 1940 580 1966 eo
613 1940 814 1967 concesso
846 1928 918 1980 qui
952 1927 1091 1966 evenit
1122 1933 1166 1966 ut
1196 1927 1249 1975 is,
1283 1928 1353 1980 qui
1385 1928 1586 1980 inpetrire
1618 1928 1738 1974 velit,
1778 1927 2033 1967 convenien-

255 1996 338 2030 tem
369 1990 551 2030 hostiam
582 1990 706 2029 rebus
738 1990 825 2029 suis
857 1990 1075 2029 immolet?
1122 1990 1212 2029 Hoc
1245 1997 1353 2038 erat,
1387 1990 1500 2043 quod
1534 2003 1610 2043 ego
1642 2003 1726 2029 non
1758 1990 1879 2029 rebar
1909 2003 2032 2044 posse

203 2061 240 2090 30
256 2053 459 2100 dissolvi3
502 2058 543 2092 at
575 2065 700 2104 quain
731 2051 880 2091 festive
913 2051 1180 2091 dissolvitur!
1225 2054 1356 2105 pudet
1388 2066 1452 2092 me
1484 2066 1567 2092 non
1599 2053 1656 2092 tui
1689 2053 1882 2106 quidem,
1914 2053 2032 2093 cuius

256 2115 382 2155 etiam
415 2114 656 2153 memoriam
689 2113 894 2161 admiror,
929 2114 1000 2153 sed
1037 2114 1282 2168 Chrysippi,
1313 2115 1539 2168 Antipatri,
1570 2114 1784 2161 Posidoni,
1816 2115 1889 2167 qui
1920 2115 2031 2155 idem

254 2178 363 2218 istuc
405 2177 575 2230 quidem
619 2177 786 2223 dicunt,
830 2177 944 2230 quod
987 2184 1048 2217 est
1089 2176 1243 2216 dictum
1285 2191 1307 2217 a
1348 2183 1408 2225 te,
1456 2178 1507 2217 ad
1546 2177 1728 2217 hostiam
1768 2176 2032 2230 deligendam

255 2239 404 2279 ducem
438 2253 529 2279 esse
562 2239 644 2279 vim
677 2239 888 2292 quandam
920 2241 1168 2279 sentientem
1199 2246 1324 2292 atque
1358 2240 1562 2287 divinam,
1599 2254 1707 2293 quae
1739 2246 1828 2280 toto
1859 2239 2034 2279 confusa

255 2302 413 2342 mundo
448 2302 513 2341 sit.
574 2302 682 2340 Illud
716 2315 812 2341 vero
845 2302 975 2341 multo
1008 2304 1131 2342 etiam
1164 2303 1328 2350 melius,
1361 2304 1471 2356 quod
1505 2308 1544 2341 et
1575 2315 1598 2342 a
1629 2308 1668 2342 te
1700 2307 1947 2355 usurpatum
1972 2306 2034 2342 est

203 2373 240 2401 35
256 2370 295 2404 et
334 2363 485 2404 dicitur
527 2364 577 2404 ab
617 2364 727 2404 illis:
774 2378 868 2404 cum
912 2365 1130 2405 immolare
1170 2365 1381 2419 quispiam
1420 2365 1544 2413 velit,
1587 2371 1674 2405 tum
1713 2362 1803 2404 fieri
1840 2371 2032 2405 extorum

344 2568 375 2598 ⁵2.
403 2568 479 2608 non]
504 2577 566 2598 con
590 2567 631 2598 Αἱ
659 2585 692 2589 —-
719 2568 968 2607 incognitarum
993 2570 1030 2605 Α,
1058 2568 1121 2599 sed
1146 2578 1220 2600 rum
1246 2578 1292 2600 ni.
1321 2578 1392 2601 scc.
1419 2569 1455 2600 in
1480 2578 1549 2600 ras.
1578 2586 1614 2590 —
1641 2568 1671 2599 3.
1698 2569 1915 2609 cognitionem
1938 2570 1964 2601 A
1996 2585 2030 2591 --

255 2618 286 2648 6.
315 2619 482 2649 thensauri
507 2617 546 2649 Α1
574 2635 609 2639 -
636 2617 666 2648 8.
694 2626 800 2648 nonne
826 2619 873 2647 C:
902 2627 968 2647 non
992 2619 1095 2649 codd.
1124 2619 1207 2650 deit.
1235 2621 1363 2651 Moseri
1389 2620 1413 2650 O
1441 2637 1475 2641 -—
1508 2620 1558 2650 40.
1586 2620 1740 2659 contagio
1764 2619 1852 2650 BH:
1879 2621 2035 2659 cognatio

256 2672 282 2699 A
309 2669 383 2706 [sed
407 2669 520 2708 ynalio
545 2677 591 2698 in.
612 2675 683 2698 sec.
705 2667 737 2697 in
763 2668 845 2705 ras.)
873 2667 920 2698 O:
949 2668 991 2698 cl'.
1021 2669 1091 2699 Cio.
1119 2668 1162 2700 de
1189 2669 1258 2699 sato
1286 2670 1336 2710 §5
1365 2687 1396 2690 —
1426 2669 1596 2709 colligitur
1619 2669 1647 2700 H
1676 2687 1708 2690 —
1738 2670 1789 2700 Μ.
1809 2670 1922 2700 dicunt
1937 2671 2029 2700 ΑΞ·-

251 2720 420 2759 pulegium
446 2720 469 2750 B
498 2737 531 2740 —
561 2718 611 2749 43.
638 2718 685 2748 his
709 2718 733 2748 B
762 2735 796 2740 —
823 2718 938 2748 mediis
963 2727 1031 2749 oin.
1055 2719 1080 2749 ll
1107 2735 1140 2739 —
1167 2722 1280 2757 partes
1303 2721 1329 2750 A
1341 2720 1404 2750 ΗΟ
1424 2736 1457 2740 —
1488 2718 1539 2750 214.
1560 2719 1737 2757 ostreisque
1760 2719 1799 2757 A,
1826 2717 1888 2749 sed
1913 2726 1976 2759 que
1999 2720 2033 2750 in

255 2778 324 2800 ras.
354 2778 398 2800 m.
425 2778 496 2801 sec.
536 2786 570 2790 —
615 2769 666 2799 46.
694 2771 729 2798 uc
760 2770 794 2799 et
822 2772 982 2807 putentur
1014 2768 1164 2800 delenda
1199 2772 1322 2800 censet
1354 2769 1553 2808 Hoitinger,
1602 2768 1799 2807 arboresque
1827 2769 1960 2799 hiemali
1982 2785 2034 2791 --

254 2828 416 2851 senescere
446 2824 482 2850 ui
512 2820 591 2858 quia
622 2819 728 2856 Rath,
766 2822 926 2857 tempore,
959 2820 1041 2849 luna
1070 2819 1167 2849 simul
1197 2823 1376 2850 senescente
1408 2818 1563 2858 Madvig3
1608 2819 1682 2858 ipse
1711 2820 1905 2855 commate,
1937 2817 2033 2857 quod

255 2869 349 2908 apud
379 2868 543 2899 Orelliuin
577 2871 655 2909 post
686 2873 830 2907 tempore
860 2869 1012 2908 positum
1046 2872 1117 2904 est,
1158 2868 1295 2899 sublato
1327 2870 1377 2900 sic
1408 2868 1517 2899 verba
1550 2869 1784 2908 interpretor:
1823 2869 1861 2898 ut
1884 2866 2032 2898 arbores

254 2918 395 2949 hiemali
421 2922 581 2959 tempore
609 2924 688 2957 <non
709 2918 853 2955 aestixo)
881 2926 962 2949 cuin
987 2917 1067 2949 luna
1092 2917 1194 2949 simul
1220 2920 1450 2950 senescerent
1475 2921 1509 2949 et
1534 2920 1619 2955 tuin,
1640 2918 1720 2958 quia
1739 2917 1933 2948 exsiccatae
1950 2917 2030 2954 sint,

255 2969 464 3008 tempestive
490 2968 588 2998 caedi
614 2971 781 3008 putentur
820 2985 854 2990 -—
893 2968 944 2999 46.
972 2969 1051 3006 lum]
1077 2977 1150 2999 cum
1176 2969 1202 2999 H
1244 2985 1276 2988 —
1318 2969 1370 3000 47.
1398 2969 1540 2999 excitate
1563 2968 1591 2999 H
1626 2984 1661 2989 —-
1699 2967 1763 2997 sint
1786 2969 1811 2998 A
1837 2967 1870 2998 in
1896 2975 1964 2998 ras.
1993 2983 2028 2989 -

255 3017 308 3048 49.
334 3023 488 3048 seuva-enta,
512 3019 536 3048 O
567 3036 599 3039 —
633 3019 700 3049 eius
722 3018 811 3048 modi
836 3016 959 3049 salisb.
989 3035 1023 3039 —
1060 3019 1109 3048 21.
1137 3018 1226 3058 mern]
1253 3027 1327 3049 cum
1352 3019 1379 3049 H
1407 3035 1440 3039 -
1469 3020 1496 3049 si
1522 3027 1591 3049 om.
1612 3018 1638 3048 H
1667 3035 1702 3039 -—
1735 3017 1788 3047 22.
1815 3024 1915 3055 quam
1939 3024 1982 3046 eae
2005 3015 2030 3046 B

258 3083 293 3088 —-
320 3068 548 3098 coniunctione
573 3070 619 3099 C:
652 3069 846 3108 cognatione
872 3068 975 3099 codd.
997 3068 1080 3099 dett.
1101 3068 1249 3106 Mosei-i,
1275 3070 1472 3108 conlayione
1495 3067 1647 3099 Klotzius
1675 3083 1709 3089 —
1737 3067 1789 3098 23.
1807 3065 2030 3105 sympathiam

256 3117 280 3148 C
310 3133 343 3138 -—
367 3118 463 3157 fisum
489 3120 514 3148 A
544 3133 577 3139 -
605 3119 658 3149 26.
684 3127 787 3148 causa
813 3119 839 3149 H
869 3136 901 3140 -
929 3119 981 3149 028.
1008 3118 1056 3148 his
1079 3118 1103 3148 B
1123 3134 1156 3139 —
1185 3119 1344 3157 inpecrire
1369 3118 1579 3149 Lambinus:
1606 3118 1777 3157 impertire
1801 3118 1844 3155 C,
1872 3115 1913 3147 cs.
1934 3117 1957 3152 l,
1978 3114 2028 3155 §3

257 3183 293 3188 -
321 3165 372 3196 30.
399 3166 449 3206 Al]
467 3168 511 3197 ad
537 3168 560 3197 Η
599 3185 632 3189 -
671 3168 724 3198 31.
752 3170 914 3199 αηιηιίιὊι·
939 3169 965 3199 Η
995 3185 1029 3190 -
1063 3168 1232 3207 possidoni
1257 3170 1354 3207 A2H‚
1387 3168 1553 3199 Posidonii
1577 3169 1600 3199 O
1627 3184 1661 3189 -
1701 3168 1757 3206 qui
1781 3166 1875 3206 idem]
1899 3165 2030 3205 quidem

254 3213 349 3252 B¹H.,
382 3217 460 3254 quid
483 3220 526 3247 es!
552 3219 576 3247 A
601 3217 663 3247 sed
690 3220 717 3247 st
742 3218 772 3248 in
800 3227 868 3249 ras.
899 3235 933 3240 —-
972 3218 1025 3250 32.
1052 3218 1253 3259 diliyendam
1277 3218 1342 3251 ΑΗ
1376 3236 1409 3241 -
1449 3218 1502 3250 33,
1528 3218 1721 3250 sencientem
1744 3220 1768 3248 Α
1799 3234 1831 3239 -
1859 3218 1929 3247 tota
1952 3214 2026 3258 AB,

253 3267 287 3298 at
314 3265 390 3297 vide
415 3266 440 3305 1,
460 3266 479 3307 ἓ
499 3266 555 3298 ¹118
583 3283 616 3288 —
644 3268 695 3298 35.
723 3268 802 3310 curn]
821 3277 895 3299 cum
919 3268 959 3301 Η,
