2249 3624
287 161 370 204 916
1005 159 1076 199 DE
1106 159 1332 200 LEGIBUS

289 268 490 323 populare
519 273 574 308 est
604 279 703 307 sane
734 266 940 306 neminem
971 264 1015 304 in
1048 279 1257 305 summum
1287 266 1427 305 locum
1458 265 1538 304 nisi
1570 278 1644 319 per
1674 265 1875 319 populum
1906 267 2050 307 venire

289 332 450 372 sublata
491 329 761 383 cooptatione
802 327 1007 368 censoria.
1083 328 1164 367 Sed
1205 334 1372 380 praesto
1414 332 1477 367 est
1513 327 1638 367 huius
1678 327 1751 367 viti
1792 330 2051 382 temperatio,

289 394 401 447 quod
441 398 610 434 senatus
648 392 740 444 lege
781 395 922 430 nostra
961 387 1229 429 confirmatur
1266 390 1505 430 auctoritas.
1571 387 1637 429 28.
1681 390 1879 443 Sequitur
1917 391 2051 431 enim:

290 456 403 496 eius
445 455 658 494 decreta
702 458 820 493 rata
861 458 1032 492 sunto.
1102 454 1205 492 Nam
1247 453 1303 492 ita
1345 465 1387 492 se
1426 465 1491 491 res
1522 451 1667 499 habet,
1709 457 1775 500 ut,
1816 453 1851 492 si
1883 458 2052 494 senatus

257 518 484 559 5dominus
522 517 577 557 sit
614 516 772 570 publici
811 515 976 555 consilii
1017 514 1216 568 quodque
1256 514 1291 553 is
1323 515 1501 553 creverit
1532 513 1757 554 defendant
1787 529 1953 563 omnes,
1992 521 2054 564 et,

289 582 323 622 si
365 580 534 620 ordines
573 578 724 631 reliqui
767 578 969 631 principis
1020 577 1181 617 ordinis
1227 577 1404 616 consilio
1450 590 1536 616 rem
1577 577 1783 630 publicam
1828 578 2054 631 gubernari

289 644 436 691 velint,
471 643 602 696 possit
632 655 685 680 ex
715 640 1019 694 temperatione
1051 639 1176 686 iuris,
1209 653 1298 679 cum
1331 644 1516 692 potestas
1548 640 1591 679 in
1623 640 1799 692 populo,
1830 641 2055 681 auctoritas

288 707 332 747 in
364 711 511 746 senatu
544 705 617 751 sit,
659 704 791 743 teneri
823 703 892 742 ille
925 701 1165 741 moderatus
1198 707 1237 741 et
1269 715 1442 741 concors
1474 701 1650 742 civitatis
1682 708 1837 750 status,
1865 717 2056 756 praeser—

288 769 361 809 tim
393 769 427 808 si
457 767 675 820 proximae
707 765 789 817 legi
821 764 1048 817 parebitur.
1109 765 1211 803 Nam
1253 764 1487 818 proximum
1528 770 1611 804 est:
1663 766 1702 804 is
1743 765 1875 806 ordo
1914 766 2054 806 vitio

239 835 493 878 ⁴00areto‚
537 828 739 870 ceteris
781 827 1059 880 specimen
1104 833 1233 867 esto.
1315 827 1363 876 Q.
1399 827 1614 867 Praeclara
1646 841 1764 874 vero,
1794 827 1943 875 frater,
1975 828 2055 868 ista

287 895 357 935 lex
397 901 474 942 est,
515 891 589 933 sed
631 889 676 945 [ἦ-
704 896 744 930 et
771 890 918 930 laterat
949 896 989 929 et
1021 894 1065 929 ut
1096 889 1196 928 vitio
1229 894 1367 929 careat
1398 890 1500 929 ordo
1535 886 1589 942 et]
1633 903 1848 930 censorem
1891 890 2056 943 quaerit

285 958 572 1010 interpretem.
631 951 698 992 ΞΕ).
729 954 808 992 Αιι.
848 953 921 991 llle
952 965 1052 991 vero
1086 953 1162 992 etsi
1193 957 1288 992 tuus
1321 957 1383 991 est
1412 958 1523 992 totus
1555 952 1656 993 ordo
1689 953 2054 1006 gratissimamque

288 1021 531 1061 memoriam
561 1017 713 1057 retinet
743 1015 986 1055 consulatus
1018 1014 1093 1062 tui,
1126 1027 1227 1068 pace
1259 1020 1329 1054 tua
1362 1014 1553 1062 dixerim,
1584 1028 1668 1054 non
1690 1015 1816 1055 modo
1845 1027 2054 1061 censores,

287 1083 360 1124 sed
393 1082 517 1123 etiam
547 1079 706 1120 iudices
738 1091 882 1118 omnes
915 1082 1052 1130 potest
1084 1076 1327 1130 defatigare.

237 1147 273 1176 ⁴5
400 1145 511 1184 Xlll.
548 1143 605 1186 M.
646 1141 800 1181 Omitte
831 1141 932 1187 ista,
965 1141 1114 1179 Attice.
1173 1141 1265 1179 Non
1297 1139 1406 1180 enim
1439 1140 1490 1180 de
1524 1142 1602 1180 hoc
1633 1145 1779 1180 senatu
1813 1154 1888 1180 nec
1918 1140 1968 1180 iis
2000 1139 2051 1180 de

287 1207 546 1253 hominibus,
588 1206 659 1259 qui
692 1218 802 1244 nunc
834 1209 952 1250 sunt,
987 1203 1060 1242 sed
1095 1202 1145 1241 de
1178 1202 1353 1249 futuris,
1385 1204 1419 1243 si
1451 1203 1522 1256 qui
1554 1202 1659 1243 forte
1691 1203 1756 1243 his
1787 1202 1950 1257 legibus
1985 1216 2056 1256 pa-

286 1284 377 1311 rere
416 1268 648 1315 voluerint,
690 1268 795 1307 haec
834 1266 1012 1306 habetur
1053 1265 1201 1306 oratio.
1262 1266 1364 1304 Nam
1408 1279 1501 1305 cum
1534 1266 1647 1305 omni
1680 1266 1780 1305 vitio
1813 1279 1953 1305 carere
1986 1266 2056 1305 lex

285 1333 440 1379 iubeat,
471 1345 523 1371 ne
555 1331 693 1370 veniet
724 1329 892 1384 quidem
925 1329 967 1368 in
1001 1343 1096 1369 eum
1127 1328 1319 1368 ordinem
1353 1329 1577 1381 quisquam
1610 1328 1699 1367 vitii
1733 1328 1956 1380 particeps.
2008 1327 2055 1367 Id

286 1401 426 1436 autem
456 1391 626 1434 difficile
656 1392 768 1432 factu
800 1397 863 1431 est
900 1392 981 1431 nisi
1022 1391 1269 1431 educatione
1310 1391 1490 1444 quadam
1530 1397 1570 1431 et
1601 1390 1844 1443 disciplina,
1887 1390 1938 1430 de
1972 1403 2056 1444 qua

237 1458 475 1498 20dicemus
517 1456 678 1510 aliquid
719 1454 922 1501 fortasse,
969 1455 1002 1495 si
1046 1454 1146 1507 quid
1186 1453 1310 1493 fuerit
1351 1454 1432 1493 loci
1474 1459 1546 1492 aut
1590 1453 1799 1506 temporis.
1869 1451 1936 1492 30.
1973 1454 2054 1492 Act.

287 1523 422 1561 Locus
464 1523 574 1560 certe
612 1532 696 1558 non
737 1517 890 1564 deerit,
936 1518 1134 1570 quoniam
1175 1522 1292 1557 tenes
1334 1516 1524 1556 ordinem
1556 1516 1719 1569 legum,
1761 1521 1924 1569 tempus
1955 1528 2054 1554 vero

286 1584 458 1637 largitur
488 1580 708 1634 longitudo
740 1580 835 1620 diei.
894 1580 983 1633 Ego
1016 1586 1176 1626 autem,
1209 1580 1332 1619 etiam
1367 1579 1400 1618 si
1433 1579 1709 1632 praeterieris,
1740 1584 1925 1632 repetam
1957 1590 1982 1617 a
2014 1582 2054 1617 te

286 1646 412 1687 istum
453 1644 504 1684 de
546 1643 790 1684 educatione
832 1647 873 1682 et
914 1643 964 1682 de
1006 1642 1227 1694 disciplina
1267 1642 1421 1682 locum.
1488 1642 1543 1681 Μ.
1584 1642 1647 1680 Tu
1688 1653 1789 1680 vero
1832 1646 1872 1681 et
1911 1640 2052 1687 istum,

286 1709 443 1755 Attice,
490 1712 531 1746 et
577 1707 610 1746 si
655 1719 780 1759 quem
825 1705 953 1744 alium
1000 1705 1269 1758 praeteriero.
1346 1704 1559 1744 Ceteris
1607 1704 1876 1757 specimen
1924 1707 2053 1742 esto.

237 1776 274 1806 2⁵
290 1770 414 1820 Quod
452 1771 486 1810 si
525 1775 718 1815 tenemus,
761 1773 951 1807 tenemus
984 1767 1136 1807 omnia.
1196 1767 1247 1806 Ut
1277 1767 1385 1807 enim
1418 1765 1714 1819 cupiditatibus
1746 1765 1981 1818 principum
2013 1769 2055 1804 et

289 1833 396 1874 vitiis
437 1829 549 1871 infici
590 1831 698 1871 solet
734 1836 820 1870 tota
851 1830 1022 1877 civitas,
1066 1830 1124 1870 sic
1157 1829 1369 1869 emendari
1400 1834 1439 1869 et
1470 1829 1621 1881 corrigi
1653 1828 1923 1868 continentia.
1982 1827 2055 1866 Vir

290 1908 464 1950 magnus
496 1900 536 1935 et
566 1894 686 1934 nobis
718 1893 912 1933 omnibus
944 1893 1124 1939 amicus,
1156 1892 1200 1931 L.
1222 1892 1444 1939 Lucullus,
1475 1890 1689 1931 ferebatur
1719 1890 1840 1944 quasi
1871 1901 2056 1929 commo-

376 2045 406 2075 ⁴.
427 2043 591 2084 populare
613 2046 658 2074 est
687 2042 889 2073 Turnebus:
923 2040 1121 2080 popularem
1146 2042 1170 2071 A
1188 2040 1210 2070 B
1245 2040 1423 2079 (populare
1449 2048 1512 2080 pro
1535 2039 1698 2079 populare
1720 2039 1779 2078 ἒ>;
1805 2040 1851 2069 est
1874 2045 1944 2069 om.
1964 2037 1989 2068 Ο
2016 2053 2051 2060 -

288 2095 414 2126 nemine
438 2095 501 2126 AB
541 2110 576 2116 —
613 2093 740 2124 uenires
764 2092 787 2123 B
824 2108 859 2113 -
898 2091 930 2122 ¹2.
956 2091 1123 2122 censorias
1147 2091 1170 2121 B
1198 2106 1234 2112 —
1271 2091 1333 2121 uiti
1357 2088 1453 2121 A¹B:
1479 2090 1553 2120 uitii
1577 2088 1655 2120 A2O
1684 2107 1718 2111 —-
1745 2087 1776 2120 4.
1803 2097 1889 2119 rara
1911 2091 2006 2119 sunto
2029 2088 2054 2119 B

291 2162 326 2167 —-
353 2145 384 2176 5.
411 2152 539 2183 quoque
561 2143 621 2174 AB
652 2160 684 2164 —
711 2142 862 2181 defendat
886 2141 912 2171 A
927 2141 950 2172 Β
990 2158 1024 2163 -
1063 2140 1094 2171 6.
1117 2140 1283 2179 principes
1307 2140 1437 2171 ordines
1460 2141 1484 2170 Α
1501 2140 1523 2170 Β
1560 2157 1594 2162 -
1631 2138 1664 2170 8,
1691 2139 1725 2169 ἱη
1747 2142 1880 2170 senatus
1903 2139 1927 2169 ic
1951 2138 2054 2169 tinere

286 2194 363 2225 illae
385 2194 574 2225 moderatus
598 2194 633 2227 Β,
665 2193 699 2222 in.
722 2196 838 2223 senatu
860 2208 877 2213 —
894 2208 911 2212 -
936 2199 1070 2222 concors
1094 2190 1160 2220 ciui
1185 2192 1210 2221 A
1236 2190 1267 2221 in
1293 2198 1362 2221 ras.
1391 2189 1497 2220 habet
1536 2207 1569 2211 —
1608 2189 1638 2220 9.
1666 2189 1733 2229 lege
1752 2188 1941 2228 prohibitur
1964 2187 1987 2218 B
2016 2204 2051 2208 —

288 2248 332 2276 esc
356 2246 382 2275 A
407 2245 439 2274 in
464 2251 547 2281 ras,
573 2246 602 2274 et
627 2243 650 2273 B
686 2260 716 2265 -
759 2242 875 2272 ardoni
899 2241 980 2271 uitio
1005 2244 1095 2271 caret
1119 2240 1204 2271 ocris
1227 2240 1417 2279 speciement
1441 2242 1485 2270 est
1509 2239 1532 2269 B
1574 2256 1607 2261 -—
1647 2238 1697 2269 40.
1725 2239 1789 2269 ista
1812 2238 1866 2269 lex:
1888 2237 1943 2268 sed
1965 2236 2055 2268 ecla-

286 2297 373 2325 terat
402 2292 571 2333 (ellaterac
595 2293 637 2329 B,
671 2293 708 2322 ut
733 2291 837 2322 etiam
862 2291 895 2320 in
920 2291 947 2321 A
971 2289 1087 2330 legere
1112 2291 1243 2330 possis,
1275 2290 1335 2320 ubi
1360 2289 1469 2320 verba
1495 2289 1567 2320 fere
1593 2289 1827 2326 evanuerunt)
1858 2290 1888 2318 ει
1916 2290 1951 2317 ut
1973 2286 2055 2317 uitio

287 2346 402 2375 careat
424 2343 505 2374 ordo
528 2345 558 2374 et
581 2350 745 2373 censorem
770 2343 912 2381 quaerat
935 2341 961 2371 A
976 2340 999 2371 B
1032 2341 1164 2379 (careat
1186 2357 1203 2363 —
1221 2357 1238 2362 -
1263 2342 1402 2379 quaerat
1434 2341 1459 2370 A
1492 2339 1525 2369 in
1557 2345 1680 2369 rasura
1712 2337 1880 2377 scriptum
1912 2334 2051 2374 habeo:

286 2394 350 2426 ista
372 2394 427 2425 lex
449 2397 512 2432 esc,
545 2393 599 2424 sed
622 2396 652 2424 et
674 2392 739 2423 lace
759 2394 865 2431 patet,
897 2393 933 2421 ut
955 2390 1035 2421 vilio
1059 2394 1174 2422 careat
1197 2391 1298 2429 ordo,
1331 2393 1360 2421 et
1390 2397 1554 2420 censorem
1585 2388 1716 2428 quaerit
1750 2387 1774 2418 O
1811 2386 1938 2427 partim
1972 2393 2054 2416 cum

287 2444 462 2476 Turnebo.
511 2442 655 2474 Videtur
683 2442 873 2482 scriptura,
906 2448 996 2480 quae
1027 2440 1070 2471 ad
1102 2448 1165 2471 nos
1197 2442 1371 2481 pervenit,
1409 2441 1551 2480 antiquo
1577 2438 1786 2479 glossemate
1812 2436 1950 2468 foedata
1975 2444 2053 2467 esse

286 2496 321 2526 et
343 2495 451 2527 verba
477 2494 612 2534 glossae
638 2492 856 2533 praescripta
885 2489 1025 2530 aliquod
1058 2490 1178 2520 vitium
1209 2490 1353 2522 traxisse
1388 2489 1516 2530 (velut.
1549 2489 1658 2520 altera
1681 2487 1750 2519 scil.
1774 2490 1811 2518 ut
1833 2487 1912 2517 vitio
1936 2486 2052 2517 careat

285 2545 389 2585 ordo).
425 2543 521 2575 Nulla
547 2543 640 2574 enim
664 2540 855 2582 probabilis
880 2549 983 2572 causa
1009 2540 1198 2580 excogitari
1223 2541 1338 2580 potest
1363 2549 1425 2571 cur
1444 2540 1590 2577 Quintus
1614 2537 1699 2578 legis
1723 2535 1831 2568 verba
1857 2537 1930 2567 tam
1954 2534 2054 2566 brevi

284 2592 464 2625 intervallo
489 2593 637 2633 repetat,
671 2600 759 2631 quae
787 2592 818 2622 in
844 2590 898 2622 illo
926 2591 1010 2621 «ista
1032 2590 1107 2620 lex»
1133 2591 1202 2621 iam
1227 2590 1310 2622 satis
1335 2589 1526 2630 significata
1552 2590 1661 2619 erant.
1711 2586 1810 2625 Quod
1834 2589 1953 2618 autem
1977 2584 2054 2617 edi—

285 2645 379 2675 tores
403 2653 445 2675 ex
469 2642 622 2675 Turnebi
647 2641 849 2673 coniectura
873 2640 945 2672 fere
971 2640 1189 2680 scripserunt
1221 2643 1275 2671 «et
1298 2640 1363 2671 late
1383 2642 1518 2679 patet»,
1553 2639 1585 2669 in
1609 2638 1678 2670 hoc
1703 2638 1898 2669 sententiae
1930 2635 2053 2667 ordine

285 2693 385 2725 nobis
415 2692 557 2735 quidem
590 2700 659 2723 non
692 2691 796 2723 modo
821 2698 1138 2730 supervacaneum,
1165 2689 1228 2721 sed
1260 2691 1364 2721 etiam
1392 2688 1493 2731 plane
1518 2689 1675 2729 ineptum
1700 2687 1848 2718 videtur.
1898 2685 2055 2717 Coniun-

285 2744 436 2775 ctionem
460 2743 514 2774 sed
537 2743 616 2773 ante
641 2740 723 2772 illud
756 2749 945 2772 «censorem
969 2740 1124 2780 quaerit»
1159 2742 1302 2771 auctore
1336 2740 1506 2779 Madvigio
1530 2739 1769 2773 restituimus,
1803 2735 1863 2776 qui
1887 2735 1921 2766 in
1944 2733 2051 2766 literis

285 2792 329 2824 ad
354 2801 416 2824 nos
440 2792 529 2823 datis
554 2793 649 2823 recte
675 2791 742 2821 hoc
766 2790 917 2822 monuit:
946 2791 1002 2820 «ln
1027 2787 1129 2820 laude
1149 2788 1234 2829 legis
1261 2791 1340 2830 poni
1366 2798 1435 2821 non
1460 2789 1590 2830 potest:
1617 2794 1782 2819 censorem
1806 2786 1937 2826 quaerit
1953 2785 2054 2816 inter-

276 2847 415 2882 pretem.
463 2843 573 2874 Immo
605 2841 672 2872 hoc
702 2840 846 2878 dicitur,
882 2838 1100 2880 praeclaram
1133 2849 1211 2872 esse
1243 2839 1377 2879 legem,
1408 2847 1532 2870 verum
1563 2837 1677 2877 legem
1710 2845 1778 2868 non
1808 2835 2049 2872 suffecturam,

283 2893 348 2924 nisi
372 2893 601 2933 interpretem
626 2891 788 2922 habuerit
813 2890 990 2922 idoneum.
1039 2889 1160 2929 ltaque
1186 2888 1431 2921 scribendum:
1459 2888 1513 2919 sed
1537 2895 1700 2919 censorem
1725 2887 1813 2917 etc.»
1849 2903 1884 2908 —
1928 2885 1979 2916 42.
2006 2886 2052 2916 esc

283 2945 364 2973 colos
387 2944 426 2973 Αἱ
463 2959 496 2964 -
537 2942 588 2973 43.
613 2941 752 2972 recinent
777 2941 835 2971 ΑΒ
876 2956 909 2961 -
947 2937 1103 2978 placetuci
1127 2936 1248 2969 dimerci
1273 2939 1317 2978 Β,
1347 2948 1430 2980 pace
1453 2942 1512 2970 tua
1534 2938 1678 2969 dioeerim
1701 2938 1726 2968 A
1753 2937 1786 2968 iu
1811 2945 1880 2968 ras.
1921 2952 1955 2958 -
1995 2935 2047 2965 45.

282 2993 416 3024 albicent
443 2992 528 3023 enim
558 2993 595 3023 de
625 3000 662 3022 oc
691 2994 807 3022 senatu
831 2990 853 3021 B
882 3006 916 3012 —
952 2989 1038 3021 necis
1062 2988 1172 3027 (nectis
1198 2989 1300 3028 corr.)
1327 2990 1365 3021 de
1390 2991 1427 3027 A,
1454 2997 1511 3020 nec
1533 2988 1582 3019 his
1605 2988 1642 3019 de
1665 2987 1688 3017 B
1704 2987 1728 3017 Ο
1747 3003 1782 3008 -
1812 2985 1860 3017 17.
1887 2983 2051 3016 noluerint

281 3042 375 3073 habel
398 3043 547 3073 oracione
570 3050 645 3072 cum
669 3041 756 3072 omni
780 3040 803 3071 B
832 3056 866 3062 —
907 3038 958 3070 48.
985 3047 1025 3070 ne
1056 3039 1162 3069 A¹B·-':
1201 3047 1258 3069 nec
1282 3042 1321 3070 A2
1333 3040 1371 3070 Β1
1409 3056 1443 3062 -
1483 3038 1658 3077 quisquam
1681 3036 1760 3067 AB:
1787 3042 1935 3074 unquam
1959 3032 2051 3072 quis-

282 3101 383 3132 quam
407 3092 431 3123 Ο
469 3108 503 3113 -
544 3091 595 3122 49.
621 3090 717 3130 facti?
740 3092 767 3122 A
801 3107 835 3112 —-
874 3090 937 3120 nisi
961 3086 1134 3120 educatiofz
1157 3090 1306 3128 quadam
1335 3089 1382 3127 B,
1420 3088 1553 3119 litteras
1576 3096 1616 3119 ne
1640 3087 1785 3126 quadam
1806 3088 1836 3116 et
1864 3085 1889 3115 A
1921 3086 1954 3114 in
1978 3090 2046 3114 ras.

281 3141 391 3173 habet
423 3157 457 3163 —
496 3141 549 3171 20.
576 3141 714 3171 dicimus
737 3141 797 3172 AB
828 3158 859 3162 —-
886 3140 1026 3179 fortasse
1049 3143 1095 3170 est
1119 3139 1206 3179 quod
1228 3138 1327 3178 fuerit
1350 3140 1375 3169 Α
1390 3139 1414 3169 Β
1442 3155 1475 3160 —
1505 3140 1564 3168 aut
1587 3138 1632 3168 B:
1659 3137 1703 3167 ad
1726 3137 1753 3167 A
1777 3143 1867 3167 corr.
1892 3133 1927 3164 iu
1951 3135 1985 3164 at
2010 3147 2046 3154 —

281 3193 335 3224 21.
362 3192 444 3223 derit
467 3189 505 3222 A*
532 3206 566 3212 --
594 3193 750 3229 quoniam
775 3199 843 3222 om.
864 3191 887 3221 B
928 3207 962 3211 --
1000 3191 1051 3221 22.
1079 3189 1220 3229 largitas
1244 3189 1267 3219 B
1296 3206 1329 3210 —
1358 3191 1503 3227 repetam
1527 3186 1568 3218 ab
1593 3186 1637 3218 eis
1660 3189 1729 3217 tum
1753 3185 1776 3216 B
1805 3199 1839 3206 —
1875 3182 1928 3214 23.
1955 3184 2048 3213 tuero

280 3242 305 3273 B
343 3258 376 3263 —
415 3239 466 3272 24.
491 3240 704 3279 praeteriero.
739 3240 858 3272 Ceteris
889 3239 1079 3271 Lambinus
1106 3239 1139 3270 in
1164 3246 1295 3277 marg:
1329 3239 1469 3276 preteris
1492 3237 1579 3275 ΑΒ,
1614 3234 1786 3275 praeterii.
1814 3231 1933 3264 Ceteris
1957 3231 1982 3262 Ο
2008 3245 2043 3252 -

281 3291 495 3332 specionentes
518 3293 550 3321 ιο
574 3290 659 3329 quod
682 3290 722 3321 sit
745 3290 769 3321 B
797 3307 832 3313 —
859 3290 912 3321 25.
939 3292 1093 3328 tenemus,
1119 3293 1262 3321 tenemus
1284 3288 1395 3319 Bake:
1428 3291 1571 3320 tenemus
1593 3287 1621 3317 A
1635 3286 1679 3324 B;
1712 3287 1769 3324 est,
1789 3287 1930 3317 tenemus
1953 3281 1992 3314 Ο.
