2249 3624
698 150 787 189 Lm.
809 149 859 188 11.
902 147 997 189 CAP.
1019 148 1201 188 11-111.
1241 147 1301 201 §5
1323 146 1458 187 2-9.
1881 144 1962 185 685

207 263 290 305 est,
328 261 374 297 ut
404 268 427 296 a
456 252 671 296 veteribus
702 254 965 309 philosophis
998 253 1212 295 delinitum
1247 261 1329 302 est,
1370 268 1504 295 rerum
1544 254 1779 294 divinarum
1816 258 1857 293 et
1886 253 1962 292 hu-

205 332 420 360 manarum
452 331 770 370 causarumque,
802 317 955 370 quibus
986 332 1059 358 eae
1091 332 1155 358 res
1188 319 1473 365 continentur,
1505 317 1700 363 scientia,
1731 316 1847 356 cuius
1877 322 1964 355 stu-

205 381 320 422 dium
362 381 433 433 qui
476 381 683 434 vituperat
722 380 833 420 haud
875 394 974 420 sane
1017 381 1215 431 intellego
1248 380 1445 434 quidnam
1479 381 1532 420 sit
1564 380 1675 433 quod
1708 378 1962 418 laudandum

203 450 335 498 putet.
409 441 447 482 6.
492 444 597 483 Nam
639 444 726 483 sive
768 443 990 484 oblectatio
1035 443 1252 495 quaeritur
1291 444 1416 482 animi
1462 443 1715 496 requiesque
1757 454 1964 488 curarum,

204 520 312 561 quae
343 505 523 546 conferri
568 519 659 545 cum
699 519 839 545 eorum
871 506 1021 546 studiis
1054 511 1207 559 potest,
1248 507 1319 559 qui
1351 519 1515 558 semper
1545 504 1705 557 aliquid
1738 505 1988 558 anquirunt5

204 569 318 624 quod
357 573 516 623 spectet
555 574 595 608 et
635 567 769 607 valeat
811 567 862 607 ad
904 568 1009 607 bene
1049 568 1254 620 beateque
1294 568 1548 607 vivendum?
1595 568 1682 607 sive
1720 568 1825 607 ratio
1866 580 1966 607 con-

205 632 383 673 stantiae
424 631 677 683 virtutisque
719 630 907 677 ducitur,
948 635 1018 670 aut
1056 630 1159 670 baec
1198 642 1265 670 ars
1305 635 1368 669 est
1407 637 1478 670 aut
1509 630 1622 670 nulla
1655 631 1850 678 omnino,
1893 643 1967 683 per

204 708 328 749 quam
371 707 441 734 eas
481 705 767 746 assequamur.
838 692 1001 732 Nullam
1034 693 1172 732 dicere
1204 705 1490 732 maxumarum
1522 706 1659 733 rerum
1698 698 1829 732 artem
1861 705 1966 739 esse,

203 770 297 797 cum
338 756 603 796 minimarum
644 755 734 794 sine
773 760 859 794 arte
899 754 1013 794 nulla
1055 755 1131 801 sit,
1173 754 1390 794 hominum
1432 760 1496 795 est
1526 768 1671 808 parum
1703 754 1966 795 considerate

202 819 464 873 loquentium
505 824 629 871 atque
670 818 711 856 in
751 816 957 856 maxumis
998 817 1122 856 rebus
1166 817 1402 857 errantium.
1475 818 1516 856 Si
1557 824 1694 857 autem
1735 823 1796 857 est
1825 818 2017 871 aliquato

203 881 427 935 disciplina
452 881 635 927 virtutis,
668 878 739 920 ubi
772 893 820 919 ea
853 884 1096 932 quaeretur,
1129 892 1222 919 cum
1254 879 1304 918 ab
1328 880 1403 919 hoc
1426 879 1614 919 discendi
1637 893 1789 932 genere
1811 880 1968 920 disces-

203 945 336 986 seris?
377 943 458 983 Sed
488 943 606 989 haec,
638 955 729 982 cum
760 941 811 982 ad
843 941 1155 994 philosophiam
1188 941 1469 989 cohortamur,
1501 943 1731 982 accuratius
1764 942 1967 995 disputari

203 1006 363 1054 solent,
407 1005 521 1059 quod
560 1005 643 1044 alio
685 1004 868 1057 quodam
912 1004 1020 1044 libro
1050 1004 1239 1044 fecimus.
1298 1004 1387 1043 Hoc
1417 1011 1556 1044 autem
1590 1010 1777 1058 tempore
1808 1010 1966 1044 tantum

205 1069 326 1109 nobis
359 1068 655 1108 declarandum
686 1067 788 1113 fuit,
831 1080 905 1106 cur
936 1067 1069 1106 orbati
1100 1066 1158 1106 rei
1191 1066 1384 1119 publicae
1416 1067 1657 1107 muneribus
1699 1067 1748 1107 ad
1781 1068 1861 1107 hoc
1892 1081 1967 1108 nos

205 1131 390 1172 studium
421 1131 684 1184 potissimum
717 1128 1056 1169 contulissemus.
1116 1127 1154 1168 7.
1187 1129 1431 1169 Occurritur
1461 1136 1599 1169 autem
1631 1130 1773 1177 nobis,
1807 1136 1847 1170 et
1877 1131 2019 1183 qui—⁴5

207 1193 302 1234 dem
333 1206 356 1234 a
388 1193 521 1233 doctis
553 1198 594 1232 et
624 1191 799 1232 eruditis
832 1191 1154 1244 quaerentibus,
1196 1192 1351 1231 satisne
1391 1197 1630 1231 constanter
1659 1191 1797 1232 facere
1830 1192 1969 1232 videa-

205 1269 320 1303 mur,
362 1255 457 1308 qui,
501 1268 595 1294 cum
635 1253 794 1308 percipi
834 1253 940 1292 nihil
980 1266 1105 1306 posse
1147 1253 1356 1300 dicamus,
1400 1260 1539 1294 tamen
1571 1260 1611 1294 et
1640 1254 1733 1294 aliis
1765 1255 1814 1295 de
1845 1256 1969 1296 rebus

206 1317 415 1358 disserere
446 1317 655 1358 soleamus
696 1322 736 1356 et
773 1316 852 1356 hoc
890 1316 983 1368 ipso
1017 1322 1206 1369 tempore
1237 1322 1464 1369 praecepta
1497 1315 1622 1356 officii
1652 1330 1969 1371 persequamur.

207 1380 370 1429 Quibus
413 1380 565 1420 vellem
607 1380 708 1420 satis
749 1379 915 1432 cognita
955 1384 1067 1419 esset
1108 1384 1251 1419 nostra
1282 1379 1502 1419 sententia.
1561 1380 1654 1419 Non
1686 1379 1796 1419 enim
1828 1393 1970 1420 sumus

205 1443 260 1491 ii,
300 1457 477 1497 quorum
517 1447 692 1496 vagetur
732 1442 896 1482 animus
939 1454 1079 1481 errore
1110 1454 1188 1481 nec
1218 1441 1368 1481 habeat
1396 1454 1594 1495 umquam
1627 1443 1727 1495 quid
1759 1448 1969 1496 sequatur.
1984 1455 2021 1485 20

207 1504 327 1554 Quae
358 1505 468 1545 enim
500 1510 612 1545 esset
641 1505 720 1545 ista
750 1517 868 1544 mens
898 1504 963 1543 vel
997 1516 1103 1556 quae
1134 1503 1219 1544 vita
1249 1505 1413 1556 potius,
1444 1518 1527 1544 non
1559 1505 1684 1544 modo
1716 1505 1971 1559 disputandi,

206 1567 281 1608 sed
312 1567 436 1608 etiam
468 1566 634 1607 vivendi
665 1567 828 1607 ratione
859 1563 1049 1606 sublata?
1093 1565 1184 1606 Nos
1216 1571 1374 1613 autem,
1407 1571 1453 1606 ut
1483 1567 1610 1606 ceteri
1631 1567 1713 1607 alia
1738 1573 1869 1615 certa,
1892 1569 1972 1608 alia

206 1631 366 1671 incerta
397 1644 490 1671 esse
522 1629 686 1677 dicunt,
719 1630 778 1670 sic
808 1629 859 1669 ab
891 1629 955 1668 his
987 1628 1283 1668 dissentientes
1314 1629 1394 1669 alia
1424 1627 1684 1682 probabilia,
1717 1636 1860 1671 contra
1890 1631 1972 1671 alia

208 1693 400 1733 dicimus.
459 1692 498 1732 8.
530 1691 642 1740 Quid
674 1697 737 1732 est
765 1691 892 1745 igitur
924 1690 1036 1744 quod
1069 1704 1134 1731 me
1164 1691 1364 1745 impediat
1394 1705 1455 1738 ea,
1488 1705 1596 1745 quae
1620 1693 1849 1745 probabilia
1871 1693 1971 1733 mihi

207 1753 452 1802 videantur,
485 1754 630 1808 sequi,
663 1768 772 1808 quae
803 1759 969 1800 contra,
1002 1753 1225 1806 inprobare
1255 1759 1383 1807 atque
1413 1754 1662 1795 adfirmandi
1693 1756 1972 1808 arrogantiam
1985 1766 2022 1797 25

209 1818 408 1857 vitantem
440 1816 585 1870 fugere
617 1817 909 1863 temeritatem,
933 1828 1041 1869 quae
1062 1828 1086 1855 a
1108 1816 1315 1868 sapientia
1337 1817 1512 1857 dissidet
1531 1818 1784 1870 plurimum?
1818 1817 1973 1858 Contra

211 1884 351 1919 autem
392 1879 534 1919 omnia
575 1879 810 1932 disputatur
850 1892 873 1918 a
910 1877 1086 1924 nostris,
1128 1878 1240 1931 quod
1279 1879 1359 1918 hoc
1389 1879 1526 1932 ipsum
1558 1880 1775 1932 probabile
1807 1880 1972 1920 elucere

209 1954 294 1982 non
324 1947 490 1995 posset,
531 1941 611 1981 nisi
644 1955 696 1981 ex
726 1947 902 1995 utraque
935 1944 1052 1993 parte
1084 1952 1300 1980 causarum
1333 1947 1442 1981 esset
1471 1941 1579 1982 facta
1609 1944 1829 1983 contentio.
1891 1941 1973 1982 Sed

209 2003 314 2045 haec
344 2004 567 2057 explanata
598 2009 695 2043 sunt
724 2003 766 2042 in
798 2002 1059 2042 Academicis
1091 2003 1246 2042 nostris
1279 2004 1399 2051 satis,
1430 2010 1475 2044 ut
1506 2004 1705 2052 arbitror,
1738 2005 1972 2058 diligenter.

211 2066 304 2107 Tibi
336 2072 498 2113 autem,
531 2065 587 2104 mi
621 2065 789 2113 Cicero,
821 2077 1075 2118 quamquam
1107 2064 1150 2103 in
1181 2065 1475 2117 antiquissima
1505 2067 1850 2121 nobilissimaque
1881 2068 2023 2121 phi-30

209 2127 402 2182 losophia
434 2128 631 2181 Cratippo
663 2134 832 2168 auctore
865 2127 1064 2174 versaris,
1095 2127 1146 2166 iis
1178 2127 1412 2176 simillimo,
1445 2129 1517 2182 qui
1549 2129 1630 2169 ista
1660 2130 1873 2183 praeclara
1904 2142 1975 2183 pe—

209 2196 430 2243 pererunt,
471 2196 610 2230 tamen
640 2190 744 2230 haec
774 2195 937 2236 nostra,
978 2186 1168 2229 finituma
1199 2191 1369 2238 vestris,
1406 2191 1550 2244 ignota
1582 2204 1673 2231 esse
1704 2192 1830 2232 nolui.
1891 2191 1973 2232 Sed

211 2252 293 2292 iam
325 2252 376 2291 ad
407 2252 594 2292 instituta
624 2266 858 2306 pergamus.

323 2314 394 2353 111.
425 2312 464 2353 9.
498 2314 696 2367 Quinque
728 2315 857 2367 igitur
886 2313 1119 2355 rationibus
1151 2315 1379 2368 propositis
1399 2313 1525 2355 officii
1549 2316 1849 2369 persequendi,
1873 2330 1975 2370 qua-

211 2389 302 2417 rum
335 2374 443 2415 duae
475 2376 525 2416 ad
559 2377 685 2416 decus
717 2376 1066 2429 honestatemque
1096 2377 1369 2430 pertinerent,
1401 2378 1507 2417 duae
1539 2378 1590 2417 ad
1613 2378 1829 2418 commoda
1849 2379 1973 2428 vitae,
1987 2393 2023 2422 35

214 2438 369 2492 copias,
402 2451 519 2492 opes,
549 2438 782 2486 facultates,
815 2439 960 2492 quinta
990 2438 1042 2477 ad
1075 2439 1254 2493 eligendi
1284 2439 1499 2488 iudicium,
1531 2441 1565 2480 si
1587 2440 1756 2494 quando
1778 2454 1844 2490 ea,
1865 2455 1974 2495 quae

213 2500 322 2549 dixi,
361 2513 548 2554 pugnare
585 2501 694 2541 inter
732 2515 776 2541 se
811 2501 1076 2552 viderentur,
1117 2501 1351 2542 honestatis
1382 2516 1477 2556 pars
1509 2502 1697 2543 confecta
1728 2510 1809 2552 est,
1850 2517 1974 2557 quam

300 2679 331 2710 4.
356 2681 386 2710 et
408 2687 479 2710 om.
505 2679 526 2710 b
569 2696 601 2703 -—
645 2680 677 2710 2.
704 2679 759 2711 hee
789 2686 808 2710 ο
846 2697 880 2702 -
921 2681 1014 2712 cuius
1036 2682 1182 2713 studium
1197 2699 1244 2704 -—
1258 2684 1362 2721 putet.
1411 2682 1499 2712 Nam
1522 2682 1549 2712 si
1572 2681 1742 2714 oblectatio
1758 2699 1805 2706 —-
1822 2683 1976 2724 beateque

211 2727 409 2759 vivendum?
443 2728 470 2759 si
499 2736 576 2759 vero
605 2729 695 2760 ratio
717 2744 769 2751 --
793 2728 836 2759 ab
859 2730 920 2760 isto
943 2732 1086 2763 discendi
1114 2741 1231 2772 genere
1262 2732 1468 2763 discesseris?
1503 2733 1701 2764 Lactantius
1731 2734 1840 2765 Instit.
1867 2734 1973 2768 divin.

212 2778 269 2816 111,
287 2777 341 2808 ⁴3.
381 2794 415 2800 —
458 2778 488 2810 3.
514 2777 595 2808 haut
618 2778 673 2809 Ba
708 2795 742 2800 -
785 2777 816 2809 4.
841 2780 972 2820 requies
995 2791 1155 2813 curarum
1178 2791 1200 2814 a
1235 2800 1269 2804 —
1306 2783 1336 2813 5.
1365 2790 1449 2820 quae
1471 2782 1614 2820 conferri
1630 2782 1820 2822 --potest?
1843 2785 1974 2816 Nonius

213 2835 249 2868 p.
262 2827 338 2858 268.
366 2844 401 2849 —
436 2828 609 2867 inquirunt
632 2835 680 2859 ac
708 2845 742 2849 —
780 2828 810 2859 6.
837 2830 881 2860 ad
903 2830 993 2862 beate
1016 2836 1045 2862 et
1068 2832 1144 2863 bene
1167 2833 1346 2863 uiuendum
1371 2839 1388 2862 c
1423 2848 1457 2853 —
1493 2832 1708 2874 constantiae]
1732 2834 1866 2866 uiuendi·
1888 2845 1909 2876 p
1938 2854 1972 2859 —

214 2876 246 2908 8.
271 2885 328 2908 eas
347 2885 524 2917 sequamur
546 2878 567 2909 b
602 2895 637 2900 —
669 2879 776 2909 dicere
799 2887 870 2910 om.
890 2880 910 2910 b
945 2897 980 2902 --
1015 2882 1067 2912 40.
1094 2882 1200 2921 adque
1224 2883 1247 2913 B
1282 2900 1316 2905 —
1351 2882 1402 2912 42.
1429 2885 1621 2912 coer-tamm-
1645 2891 1662 2913 ο
1697 2899 1731 2904 -
1771 2884 1821 2915 13.
1848 2888 1977 2917 tantum

214 2934 285 2958 om.
303 2934 322 2958 c
359 2944 394 2950 -—
433 2928 484 2960 44.
511 2929 555 2959 ad
577 2928 698 2959 two·-
715 2929 960 2961 contulissemus
984 2932 1114 2962 Nonius
1139 2941 1172 2972 p.
1187 2932 1262 2963 ⁶268.
1296 2948 1330 2953 —-
1370 2932 1421 2962 45.
1447 2931 1540 2962 nobis
1562 2933 1711 2970 equidem
1735 2941 1754 2964 c
1791 2951 1826 2956 —
1866 2935 1917 2966 46.
1947 2939 1976 2967 et

214 2976 352 3008 eruditis
373 2986 443 3009 om.
464 2976 501 3009 Βι
526 2994 561 3000 --
601 2979 653 3009 47.
677 2979 803 3018 precipi
827 2985 845 3010 c
870 2998 912 3002 —
945 2981 997 3011 20.
1025 2981 1057 3012 hi
1081 2990 1113 3019 a,
1139 2982 1184 3012 hii
1211 2982 1249 3016 Η,
1275 2982 1320 3021 hij
1343 2989 1361 3011 c
1388 2998 1422 3002 —
1461 2982 1628 3022 umquam]
1646 2983 1783 3022 inquam
1807 2992 1825 3016 c
1851 3002 1886 3007 —-
1920 2986 1972 3018 ⁶2⁴.

215 3035 282 3058 mm
304 3028 409 3059 solum
432 3029 513 3067 disp.
539 3035 558 3059 c
586 3045 620 3050 —
647 3028 700 3059 23.
726 3028 775 3059 his
798 3029 870 3060 Ba:
898 3030 959 3061 hiis
984 3031 1023 3069 11,
1050 3031 1089 3061 iis
1110 3032 1144 3069 b,
1170 3032 1214 3062 eis
1238 3039 1256 3062 c
1284 3049 1319 3053 —
1351 3031 1420 3061 alia
1441 3031 1628 3069 probabilia
1652 3033 1722 3063 alia
1744 3034 1976 3072 improbabilia

217 3075 355 3108 dicimus
377 3084 410 3115 03
441 3078 512 3109 alia
532 3078 719 3117 probabilia
742 3082 858 3110 contra
882 3080 951 3110 alia
976 3089 1040 3112 non
1059 3081 1248 3120 probabilia
1272 3081 1410 3111 dicimus
1432 3087 1464 3119 p.
1508 3080 1557 3112 Cf.
1576 3080 1619 3112 de
1638 3081 1745 3113 Finib.
1774 3083 1814 3113 ΙΙΙ
1834 3082 1919 3122 550.
1938 3101 1973 3106 -

217 3125 272 3158 24.
297 3135 382 3165 quae
405 3136 474 3159 om.
496 3126 536 3160 H¹
573 3145 608 3151 —
647 3128 700 3160 27.
726 3129 937 3168 disputantur
961 3131 984 3162 C
1020 3148 1061 3153 —
1095 3140 1117 3161 a
1141 3131 1232 3162 nobis
1255 3138 1276 3162 a.
1309 3147 1342 3151 —
1375 3130 1426 3160 ⁶28.
1447 3133 1553 3168 posset
1577 3139 1640 3162 ao:
1665 3133 1767 3171 possit
1790 3132 1910 3164 BHbo
1938 3149 1974 3155 -

219 3174 272 3206 3⁴.
298 3175 347 3206 his
369 3183 402 3215 a,
426 3177 488 3216 hijs
510 3184 529 3208 c
564 3195 599 3200 —
633 3177 685 3208 32.
711 3179 765 3209 sed
787 3180 887 3210 etiam
910 3181 954 3211 ad
979 3181 1005 3211 H
1039 3198 1073 3202 —-
1111 3181 1164 3212 35.
1188 3180 1350 3219 pertinent
1376 3179 1401 3210 Η
1434 3195 1467 3202 —-
1504 3179 1556 3212 36.
1581 3181 1768 3220 facultates,
1794 3182 1909 3221 quinta
1933 3182 1977 3212 ad

219 3223 359 3264 eligendi
380 3226 539 3258 iudicium
561 3235 631 3258 om.
652 3235 674 3259 a
699 3244 734 3248 —
761 3237 823 3267 que
844 3237 948 3268 supra
970 3230 1041 3261 dixi
1066 3238 1084 3261 c
1112 3248 1146 3253 -
1174 3229 1225 3261 37.
1244 3230 1420 3260 honestatis
1439 3238 1522 3269 pars
1544 3231 1690 3271 confecta
1714 3234 1770 3269 est,
1796 3239 1896 3270 quam
1919 3230 1976 3262 tibi

220 3273 316 3312 cupio
338 3282 403 3306 esse
425 3276 627 3308 notissimam
649 3277 780 3309 Nonius
804 3286 837 3319 p.
853 3278 929 3310 269.
958 3296 993 3302 —
1017 3280 1193 3311 honestatis
1215 3282 1326 3312 autem
1345 3288 1429 3319 pars
1451 3286 1481 3311 ο.
