2249 3624
404 169 491 209 Lm.
522 168 552 208 1.
595 167 690 207 ομ».
722 166 1050 206 Χιιι-Χιιιι.
1089 164 1148 217 §§
1180 160 1427 204 too-1103.
1717 157 1798 203 243

45 278 123 319 lem
156 289 255 330 prae
287 275 519 316 iaculorum
552 272 815 312 multitudine
847 278 886 312 et
907 270 1145 325 sagittarum
1177 284 1258 310 non
1281 269 1514 315 videbitis,n
1551 270 1621 308 «In
1653 266 1799 309 umbra

46 341 218 393 igitur,»
252 338 409 391 inquit,
445 336 788 389 «pugnabimus»
852 333 945 373 Ι102.
977 334 1098 373 Viros
1129 345 1431 373 commemoro:
1468 330 1603 384 qualis
1634 333 1799 371 tandem

44 403 261 441 Lacaena?
293 413 400 452 qnae
433 413 525 438 cum
558 397 685 437 lilium
718 399 759 437 in
792 398 996 450 proelium
1030 397 1208 436 misisset
1239 402 1279 435 et
1309 393 1569 434 interfectum
1601 394 1800 440 audisset,

46 462 274 508 «1dcirco,»
307 461 466 513 inquit,
501 473 777 512 «genueram,
810 466 851 499 ut
883 465 993 499 esset
1025 460 1096 512 qui
1136 473 1211 512 pro
1242 457 1374 513 patria
1406 462 1580 496 mortem
1613 470 1693 496 non
1725 456 1799 495 du-

42 526 191 564 bitaret
221 522 505 563 occumbere.»
1815 532 1832 559 5

153 585 299 623 XLIII.
331 585 454 629 Esto,
494 583 622 622 sortes
655 590 694 622 et
724 583 816 622 duri
850 584 1100 635 Spartiatae,
1144 596 1334 635 magnam
1371 582 1494 622 babet
1525 583 1605 621 vim
1638 583 1695 621 rei
1729 595 1802 635 pu-

46 648 176 689 blicae
208 645 440 699 disciplina.
487 645 595 692 Quid
611 647 627 683 ·.'
662 646 918 698 Cyrenaeum
941 646 1224 692 Theodorum,
1258 645 1549 698 philosophum
1574 658 1656 684 non
1685 644 1803 697 igno-

46 711 188 755 bilem,
233 721 371 747 nonne
419 707 644 746 miramur?
694 708 758 746 cui
803 720 894 746 cnm
942 707 1213 760 Lysimachus
1251 721 1325 746 rex
1356 721 1520 747 crucem
1563 708 1804 752 minaretur,

50 772 165 812 «Istic
188 783 390 824 quaeso‚n
424 770 574 821 inquit,
611 770 715 808 «ista
738 769 953 808 horribilia
978 770 1167 808 minitare
1199 771 1438 822 purpuratis
1461 770 1561 809 tuis:
1595 769 1803 809 Theodori

45 832 210 887 quidem
232 832 334 871 nihil
356 832 528 870 interest
549 831 719 869 humine
742 845 790 869 an
814 831 989 888 sublime
1012 837 1244 882 putescat.»
1280 832 1406 871 Cuius
1428 832 1507 871 hoc
1529 833 1640 872 dicto
1663 832 1805 872 admo·
1821 844 1856 872 4ο

44 909 155 943 neor,
193 901 236 935 ut
265 895 425 946 aliquid
457 894 582 933 etiam
615 895 664 934 de
697 894 939 933 humatione
972 899 1011 932 et
1048 894 1260 947 sepultura
1295 894 1514 934 dicendum
1548 895 1806 934 existimem:

45 972 129 999 rem
151 971 234 998 non
256 955 483 1004 difficilem,
516 958 565 997 iis
598 957 841 1010 praesertim
865 956 1053 1009 cognitis,
1087 969 1194 1008 quae
1227 956 1278 995 de
1309 955 1410 995 nibil
1439 957 1660 996 sentiendo
1681 957 1806 1010 paulo

44 1026 138 1061 ante
179 1019 288 1058 dicta
329 1026 436 1060 sunt.
496 1022 551 1060 De
592 1034 672 1073 qua
713 1021 904 1059 Socrates
938 1018 1108 1072 quidem
1143 1018 1243 1071 quid
1275 1018 1453 1058 senserit
1483 1025 1654 1072 apparet
1685 1022 1724 1058 in
1757 1032 1807 1059 eo

44 1084 173 1130 libro,
205 1083 246 1121 in
279 1096 363 1135 qno
396 1084 592 1130 moritur,
627 1083 678 1123 de
710 1096 790 1136 quo
822 1082 901 1121 iam
934 1087 1017 1120 tam
1050 1080 1178 1120 multa
1202 1081 1397 1120 diximus.
1451 1077 1544 1120 Ι103.
1574 1082 1675 1121 Cum
1698 1082 1806 1120 enim

46 1145 96 1185 de
126 1144 421 1185 inmortalitate
452 1147 684 1185 animorum
717 1145 1015 1198 disputavisset
1044 1150 1084 1183 et
1113 1144 1192 1183 iam
1216 1142 1419 1183 moriendi
1443 1148 1607 1195 tempus
1630 1149 1860 1196 urge1·et‚i5

46 1213 211 1260 rogatus
243 1219 267 1246 a
290 1207 456 1247 Critone
488 1222 609 1260 quem
642 1208 693 1247 ad
718 1207 885 1247 modum
908 1206 1077 1259 sepeliri
1098 1206 1235 1253 vellet,
1273 1206 1467 1246 «Multam
1491 1219 1627 1252 vero‚»
1662 1207 1809 1261 inquit,

50 1282 256 1324 «operam,
288 1270 424 1316 amici,
454 1270 607 1310 frustra
629 1270 890 1323 consumpsi;
925 1269 1082 1309 Critoni
1115 1268 1225 1308 enim
1258 1274 1401 1308 nostro
1434 1282 1516 1308 non
1539 1269 1723 1321 persuasi
1746 1282 1810 1308 me

46 1333 141 1373 hinc
168 1332 427 1372 avolaturum
454 1345 590 1385 neque
613 1333 694 1372 mei
716 1331 940 1385 quicquam
963 1332 1215 1371 relicturum.
1249 1332 1403 1371 Verum
1434 1337 1586 1378 tamen,
1621 1331 1746 1379 Crito,
1777 1332 1811 1371 si

48 1409 112 1435 me
133 1395 307 1448 adsequi
329 1395 514 1447 potueris
535 1401 606 1434 aut
627 1395 759 1434 sicubi
781 1399 956 1434 nanctus
978 1394 1074 1442 eris,
1096 1400 1141 1434 ut
1157 1393 1231 1434 tibi
1250 1392 1472 1443 videbitur,
1494 1395 1684 1448 sepelito.
1717 1394 1812 1442 Sed,

49 1591 120 1624 Fuit
143 1592 222 1624 haec
243 1601 322 1632 qens
343 1592 456 1631 fortis,
490 1591 567 1622 dum
599 1591 742 1632 Lycurgi
767 1591 910 1632 (lygurgi
935 1593 959 1623 G
974 1592 1009 1630 R)
1039 1592 1123 1632 leges
1145 1592 1311 1632 uigebant.
1341 1593 1370 1624 E
1393 1593 1510 1631 quibus
1534 1594 1558 1625 C
1573 1594 1610 1625 O.
1651 1593 1815 1625 «Foedis-

48 1642 173 1672 simam
197 1640 289 1672 illam
315 1640 617 1682 interpolationem
643 1651 660 1672 a
683 1641 838 1673 Bentleio
854 1643 936 1673 satis
953 1642 1167 1673 confutatam
1186 1642 1307 1681 (Adde,
1335 1643 1429 1682 quod
1448 1644 1570 1674 Cicero
1587 1642 1690 1684 paulo
1709 1652 1814 1684 supra

49 1691 133 1722 dixit
157 1699 194 1722 sc
220 1692 315 1722 duces
338 1699 409 1722 non
433 1690 582 1732 amplius
608 1691 866 1729 nominaturos,
893 1692 987 1732 quod
1007 1692 1093 1731 Quid
1109 1709 1156 1715 —-
1172 1692 1360 1724 cenabimus
1383 1695 1479 1724 certe
1503 1696 1582 1734 post
1605 1703 1621 1725 e
1637 1694 1752 1734 quibus
1767 1713 1816 1717 --

46 1741 264 1781 pugnabimus
287 1741 491 1782 ponendum
517 1741 596 1779 suit,
623 1741 717 1781 quod
743 1750 811 1773 non
834 1751 931 1783 qens,
958 1742 1020 1774 sed
1043 1743 1184 1782 populus
1207 1742 1262 1774 vel
1286 1743 1404 1774 civitas
1427 1743 1495 1775 dici
1513 1745 1684 1784 oportuit,
1710 1743 1814 1784 alia),

50 1799 139 1831 quae
171 1792 319 1823 conflata
349 1791 488 1822 x‘idetur
519 1799 562 1822 ex
585 1790 723 1822 duabus
750 1792 857 1829 notis,
887 1801 954 1822 una
980 1791 1068 1832 (Fuit
1083 1792 1313 1833 --viyebanm
1337 1791 1392 1824 vel
1416 1794 1534 1825 versui
1557 1794 1646 1825 Dum
1663 1812 1710 1817 —-
1725 1795 1817 1826 obse-

50 1842 183 1881 quimur
206 1841 260 1873 vel
285 1843 342 1880 iis,
368 1850 459 1882 quae
485 1840 503 1881 S
530 1841 591 1872 402
617 1843 713 1878 sunt,
739 1841 816 1872 Esco
832 1859 877 1864 -—
895 1841 1069 1880 disciplina
1092 1842 1126 1873 in
1152 1842 1306 1882 margine
1332 1843 1502 1884 ascripta,
1529 1843 1636 1876 altera
1653 1845 1818 1885 (Quid--

50 1890 248 1931 cenabimus)
272 1891 315 1923 ad
340 1901 356 1924 e
380 1891 494 1932 quibus
510 1891 793 1932 --puynabimus
816 1891 860 1922 ab
882 1900 936 1929 eo,
964 1893 1021 1932 qui
1045 1893 1142 1923 duces
1165 1900 1234 1923 non
1252 1892 1335 1924 satis
1354 1897 1652 1927 commemoratos
1670 1894 1817 1927 moleste

51 1942 174 1979 ferret,
201 1941 338 1979 addita,
364 1941 562 1982 Tregderus
587 1942 686 1973 uncis
712 1940 866 1979 inclusit,
894 1941 1049 1973 funditus
1074 1941 1193 1973 delere
1219 1950 1287 1973 non
1312 1942 1427 1974 minus
1451 1942 1574 1975 debuit
1595 1953 1701 1984 quam
1719 1945 1757 1982 V,
1777 1944 1818 1976 24

50 1992 83 2023 id
105 1994 150 2022 est
166 2008 212 2015 --
230 1991 389 2030 Graecos,
416 1990 513 2022 alia.»
533 1991 588 2023 W.
619 1989 669 2022 Cf.
690 1991 794 2022 etiam
813 1990 1034 2022 Funkhaenel
1052 1992 1085 2022 in
1104 1991 1223 2023 Philol.
1243 1992 1460 2024 Schneidew.
1480 1994 1522 2025 III
1548 2003 1581 2035 p.
1602 1994 1664 2027 449
1681 2003 1760 2036 sqq.
1779 2011 1814 2018 -

52 2041 83 2073 4.
108 2044 214 2072 morte
237 2041 275 2072 C.
303 2042 467 2082 «Saepius
496 2041 601 2072 etiam
627 2042 744 2081 (quam
770 2040 897 2079 addita)
923 2043 1002 2072 nota
1028 2040 1162 2073 litterae
1186 2051 1219 2073 m
1237 2042 1281 2082 (in
1298 2042 1511 2083 Archetypo)
1537 2045 1666 2076 omissa
1692 2047 1756 2083 est,
1783 2047 1820 2076 ut

50 2091 94 2132 ὃς
119 2091 171 2122 68.
197 2091 251 2123 74.
277 2091 318 2123 88
342 2090 588 2132 (arguendum).
624 2092 672 2129 ΙΙ,
699 2090 752 2122 49.
778 2091 818 2122 60
849 2090 955 2131 (tanto
986 2100 1047 2132 pro
1079 2092 1234 2132 tantum).
1270 2093 1331 2130 111,
1358 2093 1410 2124 44.
1436 2093 1490 2125 20.
1522 2094 1577 2132 IV,
1605 2095 1656 2126 32.
1683 2095 1736 2127 45.
1764 2095 1817 2126 50.

51 2142 104 2172 54.
131 2141 170 2172 60
195 2141 441 2181 (ᾳυίηᾳυίθεῐ).
476 2140 528 2172 64.
555 2140 606 2172 68.
635 2140 686 2172 69.
721 2140 758 2179 V,
785 2139 816 2172 4.
843 2140 874 2172 9.
909 2141 1022 2178 Quare
1048 2141 1214 2182 equidem
1240 2150 1310 2172 non
1335 2141 1469 2180 dubito,
1496 2143 1578 2182 quin
1602 2143 1636 2174 h.
1656 2142 1676 2175 Ι.
1697 2153 1738 2175 ex
1757 2143 1821 2175 ali-

52 2191 137 2230 quot
160 2188 263 2221 codd.
291 2198 358 2221 non
384 2189 484 2221 malis
508 2189 699 2230 legendum
724 2190 767 2221 sit
789 2188 922 2222 morte
944 2200 1010 2221 non
1033 2191 1198 2222 dubitaret
1221 2191 1409 2223 occumbere
1433 2194 1468 2223 et
1491 2192 1584 2232 apud
1602 2194 1734 2225 Livium
1755 2194 1780 2232 Ι,
1801 2194 1820 2225 7

50 2236 183 2271 morte
206 2239 357 2270 occubuit
379 2241 415 2270 ut
440 2238 565 2279 legitur
588 2239 682 2279 apud
706 2239 840 2270 Livium
863 2240 903 2277 ΙΙ,
931 2240 961 2270 7.
987 2241 1042 2278 111,
1062 2241 1114 2272 50.
1141 2241 1257 2279 XXVI,
1275 2241 1328 2272 25.
1355 2241 1470 2279 XXXI,
1490 2242 1541 2273 48.
1570 2242 1665 2273 Curt.
1686 2243 1769 2281 VIII,
1787 2244 1820 2280 2,

52 2288 84 2320 8.
110 2289 252 2320 Sueton.
281 2291 366 2328 Aug.
393 2287 445 2319 43.
473 2287 529 2319 Sil.
556 2288 628 2319 Ital.
655 2289 740 2327 XIII,
766 2289 840 2320 380.
878 2290 954 2329 Ipsa
980 2289 1081 2321 huius
1106 2289 1205 2322 verbi
1229 2298 1310 2321 cum
1335 2290 1373 2321 ob
1397 2291 1582 2331 compositi
1607 2293 1745 2333 propria
1769 2293 1822 2324 vis

52 2339 156 2378 atque
182 2340 304 2369 natura
328 2339 388 2370 aut
410 2339 647 2370 accusativum
671 2340 731 2369 aut
754 2338 838 2378 (quo
863 2341 986 2379 poetae
1012 2339 1085 2371 fere
1111 2341 1264 2380 utuntur)
1297 2340 1452 2372 dativum
1477 2341 1678 2372 necessario
1702 2343 1824 2382 requi-

54 2396 133 2419 rere
165 2387 320 2426 videtur‚
356 2387 489 2419 nudum
521 2386 712 2418 ablativum
743 2387 873 2428 (morte)
905 2396 1087 2429 respuere.
1135 2390 1242 2421 Recte
1273 2389 1400 2421 dicitur
1428 2390 1604 2429 (mortem)
1637 2392 1825 2424 occumbere

51 2438 167 2478 ferro
200 2437 341 2477 (Ovid.),
378 2438 608 2469 certamine
637 2446 733 2469 saevo
766 2436 869 2478 (Sit),
901 2438 1031 2477 factis
1066 2439 1166 2470 claris
1198 2437 1324 2480 (Valer.
1352 2438 1410 2478 Fl.)
1443 2441 1482 2470 ut
1514 2440 1701 2481 (mortem)
1735 2442 1824 2473 obire

53 2487 229 2529 gaudio,
254 2486 396 2518 morbo
420 2487 532 2527 aliquo
549 2485 672 2527 (Plin.).
702 2488 824 2527 Neque
847 2487 988 2526 mirum,
1015 2489 1060 2527 si,
1088 2498 1170 2521 cum
1194 2489 1395 2528 occumbere,
1421 2490 1459 2520 ut
1475 2488 1575 2527 obire,
1601 2489 1759 2522 absolute
1777 2492 1823 2522 ita

54 2536 137 2577 poni
161 2538 327 2578 coeptum
351 2539 463 2575 esset,
498 2539 533 2568 ut
558 2536 653 2568 idem
677 2537 772 2577 quod
794 2538 881 2568 mori
905 2539 1018 2575 esset,
1052 2539 1166 2571 Livius
1190 2539 1342 2578 XXXIX,
1369 2540 1409 2571 48
1434 2539 1536 2570 dixit:
1568 2540 1702 2580 ignobili
1725 2544 1825 2580 atque

53 2585 224 2617 inhonesta
252 2588 447 2618 morte--
463 2585 612 2617 occubuit
643 2587 696 2626 (=
720 2586 905 2618 inhoneste
931 2587 1070 2628 periit):
1105 2597 1322 2629 quamquam
1355 2589 1532 2628 corrigere
1564 2587 1705 2629 ignobile
1727 2593 1826 2629 atque

55 2630 225 2666 inhoneslii
251 2633 356 2667 morti}
386 2637 615 2668 temerarium
643 2637 699 2667 vix
731 2638 842 2674 esset;
877 2636 920 2668 cf.
946 2637 1002 2675 111,
1029 2638 1081 2669 50.
1114 2640 1255 2670 Suetou.
1282 2641 1368 2679 Aug.
1397 2639 1448 2677 43,
1480 2637 1539 2669 ubi
1564 2637 1645 2669 olim
1671 2647 1712 2670 ex
1737 2639 1822 2671 dett.

57 2683 161 2716 codd.
188 2682 370 2725 legebatur
392 2686 586 2716 voluntaria
607 2694 694 2717 nece.
727 2694 756 2717 c.
783 2685 815 2724 4,
843 2685 901 2717 ubi
926 2695 1018 2717 nunc
1042 2695 1083 2718 ex
1110 2686 1313 2719 melioribus
1335 2687 1438 2719 codd.
1456 2686 1582 2727 legitur
1596 2691 1734 2719 mortem
1749 2688 1827 2719 obiit

55 2734 280 2773 repentinam,
307 2735 485 2775 quondam
508 2739 648 2768 morte-
666 2737 853 2776 repentina,
881 2737 971 2767 si0ut
995 2737 1031 2768 T.
1058 2737 1097 2768 D.
1124 2738 1154 2775 Ι,
1181 2738 1221 2769 86
1246 2738 1280 2768 in
1305 2736 1478 2769 nonnullis
1511 2737 1614 2769 codd.
1641 2740 1695 2769 est
1724 2741 1828 2770 morte

58 2783 206 2815 obisset.»
232 2785 287 2816 W.
313 2803 356 2808 —
385 2786 437 2817 40.
465 2789 635 2825 putrescat
658 2787 693 2817 B.
731 2786 781 2818 Cf.
807 2786 852 2818 de
886 2785 994 2817 Finib.
1021 2786 1049 2816 V
1081 2786 1099 2827 S
1125 2787 1177 2819 38.
1203 2805 1247 2810 —
1278 2787 1330 2818 42.
1357 2787 1508 2827 dificilem
1538 2788 1562 2817 R
1595 2803 1630 2808 ——
1663 2787 1712 2818 his
1735 2788 1758 2819 C
1788 2805 1823 2810 —

58 2832 110 2864 48.
127 2833 191 2864 mei
215 2833 392 2873 quicquam
408 2835 573 2875 Bentley:
599 2844 650 2867 me
673 2836 850 2875 quicquam
867 2836 911 2872 C;
939 2836 1121 2875 quidquam
1143 2837 1206 2868 mei
1223 2838 1248 2868 O
1267 2854 1301 2858 —
1330 2836 1381 2867 49.
1401 2839 1499 2867 natus
1522 2844 1613 2868 corr.
1631 2838 1665 2868 in
1688 2840 1828 2868 nanctus

60 2883 87 2914 G
102 2901 146 2906 —
160 2883 293 2915 uidetur
309 2884 346 2916 C.
374 2884 592 2924 «Tregderus
610 2894 652 2916 ex
677 2886 702 2916 G
716 2885 754 2923 R,
782 2884 854 2916 aliis
879 2884 1005 2917 edidit:
1031 2886 1058 2916 si
1080 2894 1131 2917 me
1153 2886 1288 2925 adsequi
1309 2886 1499 2925 potueris
1521 2889 1581 2916 aut
1602 2886 1704 2918 sicubi
1727 2895 1828 2918 nan-

58 2934 150 2963 ctus
172 2932 276 2971 eris,
300 2936 336 2964 ut
359 2933 416 2965 tibi
439 2934 616 2973 videtur,
642 2936 816 2974 sepelito
840 2935 860 2966 i.
881 2943 911 2966 e.
932 2943 1013 2966 cum
1038 2937 1197 2967 mortuus
1223 2943 1295 2973 ero,
1326 2938 1406 2974 tum,
1431 2936 1469 2965 ut
1492 2943 1579 2965 nunc
1595 2936 1658 2975 vis,
1686 2944 1743 2968 me
1768 2944 1826 2968 se-

59 2979 182 3020 pelit03
214 2982 313 3021 quasi
344 2991 429 3013 vero
455 2982 548 3014 Crito
573 2984 642 3015 iam
666 2984 912 3024 significasset,
939 2985 1117 3025 quomodo
1142 2986 1323 3016 Socratem
1347 2983 1496 3025 sepelire
1520 2983 1643 3022 vellet,
1678 2994 1720 3017 ac
1745 2994 1826 3022 non,

62 3030 363 3069 quemadmodum
393 3032 468 3072 ipse
498 3031 604 3064 vellet
632 3033 790 3074 sepeliri,
826 3035 993 3074 rogasset.
1039 3035 1158 3067 Utrum
1189 3035 1292 3074 igitur
1315 3034 1348 3064 in
1374 3034 1574 3074 Archetypo
1599 3033 1677 3072 suit,
1710 3037 1828 3065 tamen

63 3077 290 3110 scribendum
315 3082 387 3118 est,
423 3082 461 3111 ut
485 3081 617 3113 habent
641 3082 745 3114 codd.
772 3082 892 3114 multi:
925 3083 1089 3115 videbit-ur
1113 3084 1167 3123 (ct.
1193 3086 1261 3114 A.tt
1287 3083 1437 3121 X11,28,
1465 3083 1553 3114 4.3.
1581 3084 1633 3122 30,
1661 3086 1690 3115 4.
1717 3085 1770 3121 54,
1797 3084 1828 3115 3.

62 3127 147 3165 XIII,
173 3128 226 3166 22,
253 3128 302 3168 3),
328 3129 423 3170 quod
447 3130 491 3161 ab
517 3131 591 3170 ipso
609 3131 780 3164 Cicerone
805 3141 883 3164 esse
908 3134 1077 3174 scriptum
1094 3132 1147 3164 vel
1166 3132 1315 3164 Platonis
1332 3131 1430 3164 locus
1449 3133 1589 3171 (Phaed.
1609 3135 1671 3166 445
1689 3134 1728 3173 C)
1746 3134 1830 3165 satis

65 3174 248 3216 diligenter
272 3187 460 3219 expressus
485 3179 609 3212 docet:
636 3179 840 3223 θάπτωιιεν
863 3181 903 3214 δέ
927 3192 970 3214 σε
994 3184 1078 3215 τίνα
1100 3180 1264 3228 τρόπον;
1282 3179 1409 3221 “Ὀπως
1432 3178 1492 3221 ἄν,
1518 3178 1607 3224 ἔφη,
1632 3181 1831 3224 βούλησθε

68 3225 116 3265 (ut
145 3226 353 3260 voletis=
378 3228 424 3260 E:
457 3224 560 3269 ὅπως
588 3225 640 3261 ἄν
672 3240 736 3262 σοι
766 3231 914 3270 φίλον
943 3227 988 3278 ᾖ,
1023 3236 1059 3264 ut
1089 3233 1145 3263 tibi
1174 3231 1425 3272 videbitur),
1462 3229 1600 3275 ἐάνπερ
1623 3241 1664 3274 γε
1688 3229 1831 3273 λάβητέ

69 3275 195 3314 (nancti
219 3278 324 3319 eritis)
347 3287 397 3320 με
419 3279 483 3311 καὶ
507 3276 562 3322 μὴ
587 3278 740 3323 ἐκφύγω
766 3277 866 3323 ὑμᾶς
889 3283 930 3323 (si
954 3291 1012 3315 me
1033 3281 1190 3314 adsecuti
1215 3280 1514 3321 eritis).K10tzius
1532 3282 1714 3322 comparat
1729 3281 1750 3322 §
1767 3281 1827 3312 77:
