2249 3624
935 216 1274 258 FRAGMENTA.
1900 214 1972 256 954

231 323 388 374 legibus
413 323 719 369 interrogasset.
785 319 961 370 Legibus
993 321 1100 358 enim
1130 321 1188 359 sie
1215 320 1566 370 interrogabatur,
1597 322 1825 372 inquirente
1855 334 1980 359 accu—

229 392 380 432 satore,
412 396 462 422 an
490 383 620 421 omnia
651 382 877 421 secundum
908 382 1041 431 legum
1072 385 1324 435 praescripta
1354 384 1527 432 gesserit
1554 384 1611 432 is,
1642 385 1704 421 cui
1735 385 1887 422 crimen
1915 384 1980 421 in-

228 445 485 487 tendebatur.
540 446 636 483 Erat
664 446 740 484 alia
769 451 982 496 praeterea
1011 446 1270 495 interrogatio
1301 447 1479 494 testium,
1511 447 1615 484 sicut
1642 447 1730 497 ipse
1757 448 1803 484 M.
1827 446 1979 484 Tullius

227 511 268 550 P.
298 509 497 548 Vatinium
527 514 671 546 testem
705 508 980 557 interrogavit.
1036 509 1201 558 Proprie
1240 520 1416 558 namque
1452 510 1711 558 interrogatio
1750 508 1977 557 dicebatur,

226 584 304 623 qua
335 576 458 609 testes
487 569 854 620 redarguebantur.
911 570 1041 608 Tertia
1071 570 1171 607 baec
1193 577 1254 608 est
1274 570 1549 621 interrogandi
1579 572 1753 621 species,
1780 577 1820 609 ut
1839 572 2009 610 Sinnios

227 633 410 685 Capitoni
453 631 640 681 ridetur,
687 633 896 683 pertinens
938 632 989 671 ad
1034 632 1208 671 oflicium
1255 639 1293 671 et
1334 633 1671 672 consuetudinem
1717 634 1976 671 senatoriam.

227 696 396 745 Quando
429 697 535 735 enim
564 696 710 747 aliquis
739 696 982 734 sententiam
1012 695 1099 733 loco
1128 709 1201 734 suo
1231 697 1308 735 iam
1345 697 1502 736 dixerat
1536 702 1576 735 et
1603 697 1704 736 alius
1742 702 1882 747 postea
1914 696 1977 733 in-

225 764 454 809 terrogatus
474 758 677 809 quaedam
700 757 917 796 videbatur
943 758 994 796 ita
1024 756 1199 806 locutus,
1231 764 1273 796 ut
1295 759 1458 796 refutari
1479 771 1601 809 posse
1621 759 1840 797 iustissime
1862 756 1977 795 vide-

224 820 646 872 rentur,-postulabat
672 818 752 868 ille,
784 819 851 870 qui
881 820 960 858 iam
990 820 1233 858 sententiam
1259 819 1431 869 dixerat,
1463 826 1506 859 ut
1534 821 1609 859 sibi
1633 820 1775 859 liceret
1801 821 1976 858 interro—

223 895 337 935 gare,
371 884 447 922 hoc
477 888 561 930 est,
590 883 702 922 illum
731 882 1000 932 redarguere,
1043 883 1158 921 cuius
1187 884 1387 922 sententia
1412 884 1451 921 in
1481 883 1616 923 multis
1645 885 1761 935 quasi
1800 883 1976 922 mendax
1992 891 2027 919 io

223 953 265 985 et
291 945 542 985 calumniosa
578 945 766 995 redargui
806 951 960 995 posset.
1029 946 1227 992 Quoniam
1263 958 1359 996 ergo
1393 945 1552 986 dixerat
1584 946 1749 986 Clodius
1778 952 1818 985 et
1845 946 1976 984 minus

222 1009 452 1060 professum
480 1009 586 1047 aeris
614 1007 735 1047 alieni
761 1007 948 1045 Milonem
974 1009 991 1029 ἕ*
1021 1008 1038 1030 ³
1064 1008 1084 1030 *²

320 1133 448 1182 (Haec
475 1134 616 1182 oratio,
647 1133 762 1172 cuius
785 1132 940 1172 nullum
962 1146 1135 1185 usquam
1157 1135 1371 1184 vestigium
1392 1146 1635 1185 expressum
1656 1140 1756 1183 erat,
1785 1146 1864 1173 una
1886 1146 1975 1172 cum

223 1195 465 1235 scholiastae
495 1202 734 1247 argumento
769 1197 942 1247 primum
971 1209 992 1235 e
1021 1196 1110 1235 cod.
1180 1197 1450 1237 Ambrosiano
1491 1197 1598 1236 edita
1635 1203 1698 1235 est
1733 1196 1783 1235 ab
1822 1196 1975 1247 Angelo

220 1258 320 1297 Maio
348 1258 561 1298 Mediolani
589 1271 625 1298 a.
657 1260 765 1298 1817.
799 1265 882 1297 tuni
912 1260 1062 1298 Romae
1093 1260 1216 1310 1828.)
1991 1264 2026 1292 ⁴5

294 1345 322 1384 Ι.
367 1347 401 1385 1.
430 1346 450 1368 *
468 1347 488 1368 ἦ
506 1347 525 1368 ³⁴⁵
553 1345 790 1385 adversarii.

321 1408 430 1447 2-4.
472 1408 695 1447 Eiciundus
724 1415 786 1447 est
813 1421 863 1447 ex
892 1408 994 1447 urbe
1023 1409 1122 1447 civis
1149 1415 1291 1448 auctor
1319 1414 1358 1448 et
1386 1415 1524 1448 custos
1554 1409 1695 1448 salutis
1723 1409 1803 1458 otii,
1843 1408 1976 1459 digni—

224 1470 315 1509 tatis
342 1471 458 1520 fidei3
494 1471 768 1510 includendus
802 1472 906 1511 intra
942 1473 1138 1523 parietes,
1178 1474 1245 1524 qui
1280 1472 1418 1524 populi
1446 1474 1614 1512 Romani
1649 1473 1862 1523 imperium
1896 1484 1977 1510 non

222 1539 422 1574 terrarum
460 1534 721 1584 regionibus,
765 1534 838 1573 sed
875 1534 976 1573 caeli
1009 1535 1194 1585 partibus
1233 1535 1474 1573 terminavit.
1530 1534 1614 1583 (sic
1644 1535 1745 1573 haec
1772 1535 1977 1585 iungenda

222 1607 314 1634 esse
345 1594 444 1633 vidit
469 1594 693 1633 Franckius
725 1595 920 1632 Verisimil.
952 1595 1052 1641 Spec.
1083 1606 1123 1645 p.
1154 1594 1227 1638 19.)

295 1669 339 1708 II.
383 1670 416 1709 1.
448 1670 530 1707 Nec
558 1680 654 1707 vero
682 1674 766 1707 tum
795 1668 1021 1707 timendum
1049 1668 1134 1718 suit,
1167 1681 1259 1707 eum
1289 1668 1503 1707 cessimus.

322 1733 358 1772 2.
400 1731 579 1769 Eosdem
608 1730 658 1770 ad
689 1731 858 1769 caedem
888 1731 1035 1769 civium
1064 1729 1115 1769 de
1143 1731 1356 1782 Apennino
1384 1730 1603 1770 deduxisti.

322 1795 354 1833 3.
395 1793 618 1844 Lapidibus
647 1792 727 1832 (luo
758 1792 948 1832 consules
979 1792 1229 1831 ceciderunt.

321 1857 357 1895 4.
403 1856 479 1903 Qui
506 1855 642 1894 multis
670 1855 1000 1907 inspectantibus
1028 1856 1155 1907 kaput
1182 1855 1373 1905 leriebas,
1404 1855 1551 1894 femina
1578 1855 1818 1907 plangebas.

321 1921 357 1959 5.
398 1921 418 1941 ³⁶
437 1920 455 1940 ἕ(
475 1920 493 1940 ³*
512 1917 588 1956 ber
616 1917 797 1956 animose
826 1917 1051 1956 confidens.
1991 1930 2028 1959 25

319 1983 354 2021 6.
397 1982 485 2020 Non
514 1980 671 2031 pudet?
724 1979 807 2018 Sed
845 1979 942 2030 quid
979 1980 1133 2031 pudeat
1174 1979 1377 2018 hominem
1414 1992 1496 2018 non
1530 1980 1650 2018 modo
1688 1981 1776 2019 sine
1813 1982 1976 2033 rubore,

223 2055 363 2082 verum
391 2044 553 2082 omnino
584 2044 671 2082 sine
700 2043 797 2082 ore?

317 2109 355 2144 7.
400 2106 466 2144 Sic
495 2105 601 2144 enim
619 2105 804 2145 homines
827 2110 996 2156 egentes
1017 2110 1056 2144 et
1076 2104 1288 2144 turbarum
1310 2103 1446 2156 cupidi
1474 2104 1765 2157 loquebantur:
1798 2107 1830 2145 Ο
1849 2108 1978 2147 virum

223 2169 249 2217 ·i-
276 2168 443 2207 usuum!

319 2232 355 2269 8.
397 2229 498 2269 Male
527 2228 664 2268 dicere
694 2236 850 2281 autem,
889 2231 1010 2269 immo
1039 2242 1136 2269 vero
1165 2229 1285 2269 domo
1313 2230 1539 2282 principem
1578 2231 1707 2269 civem
1736 2232 1772 2270 vi
1802 2237 1841 2270 et
1868 2238 1978 2271 metu
1992 2241 2027 2270 30

222 2293 442 2332 continere.

294 2354 354 2394 ΙΙΙ.
403 2358 434 2393 1.
469 2356 514 2394 Ut
542 2367 645 2406 quas
672 2355 844 2395 haberet
870 2356 911 2394 in
939 2354 1141 2395 vestibulo
1171 2355 1332 2394 tabulas
1360 2356 1564 2405 refigeret.

320 2418 356 2456 2.
398 2418 555 2456 Etenim
592 2419 689 2467 tria,
730 2425 773 2457 ut
799 2419 965 2470 opinor,
1005 2419 1105 2457 baec
1133 2419 1173 2456 in
1200 2418 1354 2456 Milonis
1390 2430 1609 2469 personam
1639 2424 1810 2469 questus
1838 2432 1897 2469 es,
1927 2418 1977 2458 de

222 2492 317 2519 aere
345 2479 492 2530 alieno,
523 2484 564 2517 de
590 2481 643 2530 vi,
675 2480 725 2519 de
753 2481 921 2520 ambitu.
977 2482 1064 2520 Duo
1098 2481 1347 2533 praeteristi:
1387 2480 1481 2518 nibil
1511 2479 1561 2518 de
1596 2480 1860 2531 religionibus
1890 2483 1978 2521 vio-

220 2542 327 2591 latis,
357 2542 453 2582 nihil
482 2543 532 2582 de
558 2544 740 2582 incestus
769 2545 920 2596 stupris
948 2550 1120 2596 questus
1149 2556 1207 2583 eS.

321 2607 354 2644 3.
398 2606 472 2644 Est
499 2606 605 2644 enim
635 2618 895 2657 quocumque
924 2608 1034 2645 venit
1061 2612 1100 2645 et
1128 2618 1290 2645 reorum
1321 2605 1472 2643 crimen
1502 2610 1541 2644 et
1568 2604 1760 2644 iudicum.

320 2668 356 2705 4.
398 2668 609 2718 Tuamque
636 2674 870 2718 praeturam
901 2681 981 2707 non
1010 2674 1076 2707 tuo
1104 2680 1215 2706 more
1252 2667 1428 2706 differas.

295 2743 358 2781 IV.
403 2743 438 2781 1.
468 2743 552 2781 Nec
580 2743 769 2793 suffragia
798 2743 930 2792 dabis,
961 2744 1112 2795 quibus
1141 2748 1334 2782 ostentas.

322 2806 357 2843 2.
403 2806 486 2844 Nec
514 2817 611 2843 vero
639 2805 746 2843 illam
775 2806 969 2845 nefariam
997 2806 1239 2844 libertatem.

323 2870 356 2906 3.
400 2867 498 2914 Quis
526 2879 607 2905 non
635 2867 864 2905 meminerit
891 2869 1104 2918 pueritiam
1133 2868 1273 2906 tuam?

320 2928 357 2967 4.
398 2929 546 2967 Iterum
575 2941 597 2968 a
623 2929 764 2979 piratis
794 2928 1064 2980 redemptum.
1121 2932 1209 2976 Quo
1243 2931 1348 2967 enim
1376 2928 1536 2966 nomine
1562 2927 1763 2979 appellem
1791 2940 1876 2979 eos,
1907 2930 1973 2981 qui

224 2996 262 3029 te
290 2991 420 3042 pietio
449 2997 616 3042 accepto
645 2992 954 3031 liberaverunt?

296 3054 343 3091 V.
386 3056 418 3092 1.
450 3054 532 3093 Nisi
560 3066 656 3093 vero
684 3054 927 3094 liniamentis
956 3056 1126 3094 hominis
1156 3066 1303 3093 nomen
1331 3059 1370 3092 et
1397 3053 1535 3103 figuris
1563 3053 1760 3104 positum,
1790 3066 1871 3094 non
1898 3066 1974 3093 na-

223 3115 324 3154 turis
352 3122 484 3168 putas.

1991 1599 2026 1628 20

1992 2551 2028 2579 35

1989 2874 2024 2903 40

310 3229 364 3260 26.
401 3230 531 3271 rubore]
558 3230 671 3262 Schol.
698 3232 731 3262 in
757 3231 937 3271 interpret.
958 3232 1084 3271 pudore
1107 3232 1141 3262 in
1167 3231 1341 3261 contextu.
1369 3247 1400 3250 —
1438 3229 1490 3261 29.
1527 3230 1616 3261 Fort.
1642 3239 1815 3262 summum.
1847 3230 1904 3261 On.
1930 3247 1973 3252 —-

224 3275 277 3308 43.
314 3277 520 3321 liniamentis]
546 3280 694 3320 Madvig.
723 3280 892 3321 (Append.
919 3289 954 3322 p.
980 3280 1049 3319 ⁶27.)
1073 3282 1107 3311 et
1129 3279 1295 3312 Niebuhr.
1322 3279 1515 3311 liniamenta
1539 3278 1624 3311 Cod.
