2249 3624
351 150 434 194 346
789 157 1219 202 TUSCULANARUM
1250 162 1688 205 DISPUTATIONUM

353 260 445 309 Qua
476 260 786 313 pulchritudine
817 264 985 312 urbem,
1016 266 1169 319 quibus
1200 275 1338 306 autem
1372 268 1522 319 opibus
1554 269 1785 321 praeditam
1818 272 2017 311 servitute
2048 286 2121 342 op-

350 335 536 376 pressam
577 325 710 364 tenuit
746 326 978 366 civitatem!
1022 329 1150 381 Atqui
1183 329 1234 367 de
1277 330 1354 368 hoc
1385 328 1555 369 homine
1586 344 1607 369 a
1640 331 1761 371 bonis
1791 333 2031 374 auctoribus
2062 335 2120 374 sic

350 384 553 438 scriptum
583 387 841 439 accepimus,
875 403 1077 429 summam
1109 390 1239 430 fuisse
1270 391 1358 430 eius
1389 392 1432 430 in
1467 393 1578 432 victu
1610 395 1946 446 temperantiam,
1986 397 2027 436 in
2059 411 2123 437 re-

348 446 514 501 busque
550 449 746 501 gerundis
785 450 919 492 virum
951 465 1087 492 acrem
1120 458 1160 492 et
1189 451 1461 500 industrium,
1507 455 1686 494 eundem
1719 461 1856 496 tamen
1889 459 2122 500 maleficum

317 514 494 551 snat-ira
533 515 574 550 et
606 511 823 552 iniustum.
878 515 940 554 Ex
972 528 1056 566 quo
1086 515 1281 554 omnibus
1313 516 1418 555 bene
1452 517 1666 557 velitatem
1699 519 1958 559 intuentibus
1991 521 2122 562 videri

347 586 520 614 necesse
549 579 613 614 est
644 575 945 624 miserrimum
990 589 1038 616 ea
1069 577 1182 616 enim
1214 577 1322 630 ipsa,
1365 591 1474 631 quae
1507 581 1796 633 concupierat,
1829 595 1881 620 ne
1913 588 2000 621 tum
2033 584 2123 636 qui—

349 635 464 683 dem,
495 650 590 677 cum
623 640 760 678 omnia
792 653 836 679 se
867 652 992 692 posse
1024 640 1244 687 censebat,
1275 641 1625 694 consequebatur.
1686 641 1751 682 58.
1786 644 1867 692 Qui
1898 658 1991 684 cum
2014 652 2125 685 esset

348 699 470 740 bonis
513 701 757 753 parentibus
797 707 924 754 atque
964 702 1141 742 honesto
1185 703 1278 743 loco
1319 710 1464 751 natus,
1513 706 1589 744 etsi
1624 706 1664 744 id
1699 707 1870 759 quidem
1901 707 2008 748 alius
2039 708 2122 747 alio

348 761 474 802 modo
515 762 706 810 tradidit,
746 764 1061 818 abundaretque
1104 771 1144 806 et
1173 766 1413 819 aequalium
1446 767 1799 808 familiaritatibus
1829 775 1871 808 et
1901 776 2124 810 consuetu-

298 835 335 864 40
349 825 446 866 dine
476 826 831 880 propinquorum,
862 827 1035 867 haberet
1066 829 1189 868 etiam
1229 842 1343 869 more
1374 829 1572 869 Graeciae
1605 831 1811 883 quosdam
1843 832 2125 872 adulescentis

349 900 490 929 amore
535 888 805 935 coniunctos,
854 889 1048 930 credebat
1091 905 1235 931 eorum
1278 893 1454 938 nemini,
1502 893 1574 932 sed
1617 893 1689 939 iis,
1736 907 1841 947 quos
1873 907 1925 934 ex
1956 895 2124 934 familiis

347 950 623 1004 locupletium
655 963 799 991 servos
831 953 1060 1004 delegerat,
1093 955 1247 1008 quibus
1274 968 1426 994 nomen
1451 956 1663 995 servitutis
1695 956 1784 1009 ipse
1806 956 2054 1004 detraxerat,
2086 964 2126 997 et

347 1012 598 1068 quibusdam
629 1015 826 1054 convenis
857 1021 897 1054 et
926 1015 1028 1055 feris
1059 1017 1245 1058 barbaris
1273 1018 1460 1070 corporis
1482 1017 1713 1058 custodiam
1736 1019 2032 1059 committebat.
2066 1020 2125 1059 lta

346 1081 521 1129 propter
550 1076 746 1116 iniustam
778 1078 1015 1118 dominatus
1047 1080 1318 1132 cupiditatem
1350 1080 1391 1118 iu
1425 1092 1632 1119 carcerem
1662 1081 1844 1132 quodam
1878 1082 2002 1121 modo
2033 1082 2124 1135 ipse

297 1148 333 1177 45
348 1151 392 1178 se
422 1138 664 1179 incluserat.
721 1138 830 1188 Quin
863 1140 985 1180 etiam
1020 1155 1071 1181 ne
1103 1142 1261 1181 tonsori
1293 1142 1447 1181 collum
1479 1141 1775 1188 committeret,
1812 1142 1986 1182 tondere
2019 1141 2124 1184 filias

347 1214 444 1241 suas
477 1201 632 1242 docuit.
679 1204 738 1243 lta
770 1203 942 1243 sordido
974 1204 1247 1257 ancillarique
1279 1203 1456 1243 artificio
1488 1204 1626 1256 regiae
1650 1203 1853 1256 virgines,
1886 1212 1930 1246 ut
1958 1209 2126 1247 tonstri-

347 1263 485 1311 culae,
515 1264 747 1306 tondebant
777 1266 947 1306 barbam
980 1271 1019 1305 et
1050 1267 1248 1319 capillum
1283 1267 1423 1319 patris.
1470 1267 1520 1305 Et
1551 1272 1692 1306 tamen
1724 1268 1775 1306 ab
1799 1267 1862 1320 bis
1883 1269 1999 1322 ipsiS‚
2031 1283 2124 1310 cum

347 1327 430 1367 iam
461 1332 602 1368 essent
632 1327 819 1374 adultae,
864 1328 1019 1368 ferrum
1063 1330 1238 1368 removit
1280 1329 1548 1382 instituitque
1582 1334 1627 1368 ut
1660 1330 1935 1371 candentibus
1966 1332 2125 1385 iuglan-

348 1389 463 1430 dium
494 1391 780 1443 putaminibus
811 1391 981 1430 barbam
1014 1391 1091 1430 sibi
1124 1398 1165 1431 et
1196 1391 1391 1444 capillum
1416 1393 1654 1431 adurerent.
1709 1391 1775 1431 59.
1810 1393 1999 1446 Cumque
2022 1394 2126 1434 duas

295 1459 333 1490 20
347 1465 503 1493 uxores
534 1453 726 1500 haberet,
758 1453 1097 1500 Aristomachen,
1130 1455 1262 1492 civem
1296 1467 1425 1501 suam,
1456 1453 1652 1494 Doridem
1686 1461 1824 1494 autem
1857 1456 2125 1504 Locrensem,

348 1517 408 1557 sic
439 1521 566 1555 noctu
599 1515 650 1555 ad
683 1529 753 1555 eas
785 1517 1034 1564 ventitabat,
1068 1521 1113 1556 ut
1144 1517 1286 1556 omnia
1317 1517 1603 1570 specularetur
1636 1525 1746 1557 ante.
1784 1519 1836 1557 Et
1856 1531 1949 1558 cum
1972 1518 2124 1560 fossam

347 1577 473 1617 latam
505 1575 735 1617 cubiculari
770 1578 877 1618 lecto
910 1578 1256 1620 circumdedisset
1278 1580 1456 1633 eiusque
1488 1579 1626 1620 fossae
1660 1581 1878 1620 transitum
1909 1582 2125 1634 ponticulo

435 1733 464 1764 3.
493 1734 525 1764 in
550 1733 645 1765 robiis
667 1734 825 1773 qiu-undis
852 1743 978 1772 verum,
1006 1743 1118 1766 acrem
1135 1752 1182 1757 --
1199 1739 1324 1766 natura
1348 1735 1479 1766 Nonius
1505 1744 1538 1775 p.
1559 1733 1631 1766 244,
1656 1752 1690 1759 -·
1718 1734 1748 1766 4.
1776 1738 1805 1766 el
1829 1735 2030 1768 industrium
2053 1745 2123 1769 om.

347 1784 386 1816 Β*
412 1801 445 1806 -—
481 1784 512 1814 5.
541 1784 726 1815 inuenlibus
757 1786 779 1816 G
798 1787 819 1816 a
856 1802 890 1806 —
928 1786 960 1816 7.
987 1786 1074 1816 omni
1103 1795 1136 1817 se
1167 1786 1206 1817 G¹
1239 1802 1273 1807 »-
1313 1785 1340 1816 9.
1365 1785 1638 1824 habundat-etque
1668 1786 1693 1816 G
1727 1802 1760 1807 -
1800 1789 1829 1817 et
1862 1786 1905 1817 B:
1943 1788 1973 1818 ei
1996 1788 2060 1820 GR
2088 1804 2121 1810 -

347 1834 399 1866 ⁴0.
419 1836 520 1866 etiam
536 1843 650 1866 amore
666 1836 691 1866 G
711 1836 782 1873 (sed
804 1844 924 1876 praep.
945 1845 967 1867 a
984 1837 1116 1876 puncto
1134 1837 1264 1873 notata}
1287 1853 1318 1858 -—
1342 1836 1393 1866 tt.
1409 1836 1463 1866 sect
1486 1836 1535 1866 his
1553 1837 1578 1866 G
1595 1836 1637 1871 R;
1664 1836 1718 1866 sed
1743 1836 1799 1866 siis
1822 1835 1846 1866 B
1866 1854 1907 1859 —-
1932 1838 2019 1876 quod
2041 1847 2084 1869 ea:
2100 1839 2124 1870 C

346 1883 399 1915 42.
425 1884 623 1924 locupletum
647 1886 672 1916 O
701 1904 734 1909 -
768 1886 802 1917 ¹3
842 1888 1042 1917 conuenisset
1063 1886 1143 1925 feris
1168 1887 1191 1917 G
1207 1886 1231 1917 R
1259 1902 1292 1907 —
1322 1885 1374 1916 46.
1401 1885 1599 1924 sordidoque
1622 1885 1779 1916 ancillari
1797 1885 1820 1916 C
1848 1885 1922 1925 (sed
1949 1887 1981 1918 in
2003 1887 2027 1918 B
2045 1888 2123 1919 ead.

345 1944 393 1967 m.
421 1943 513 1966 corr.
541 1936 574 1968 in
597 1938 729 1968 sordido
754 1937 1004 1976 aiictlla1·ique};
1030 1937 1163 1968 sordido
1187 1938 1286 1975 atque
1310 1936 1466 1967 ancillari
1491 1934 1565 1972 alii3
1594 1935 1672 1967 fort.
1693 1936 1850 1967 ancillari
1872 1936 2068 1975 sordidoque
2089 1955 2122 1959 —

343 1985 458 2026 regiae
478 1985 625 2025 virgines
640 2003 686 2008 -—
705 1987 862 2026 capillum
882 1987 991 2026 patris
1014 1987 1211 2019 Priscianus
1236 1985 1321 2018 vm.
1350 1987 1380 2020 st.
1400 1985 1430 2017 4.
1453 2002 1487 2007 -
1517 1985 1568 2017 48.
1596 1986 1800 2025 instiluz'lque
1815 2003 1861 2009 —-
1879 1986 2034 2018 adnrerel
2057 1987 2127 2018 No-

346 2036 423 2067 nius
447 2043 480 2076 p.
503 2035 576 2066 ΗΞ.
599 2052 633 2057 -
662 2037 714 2068 20.
741 2037 994 2068 aristomachem
1019 2038 1041 2068 G
1059 2037 1082 2067 R
1105 2054 1138 2058 —-
1166 2035 1217 2066 21.
1244 2036 1333 2074 fessa
1358 2035 1427 2066 lata
1452 2035 1653 2066 cubicularis
1674 2037 1699 2067 G
1715 2037 1736 2067 R
1753 2035 1841 2067 13¹—
1870 2037 1924 2067 Ἡ.
1952 2037 2022 2067 «De
2040 2037 2127 2069 Ges-

345 2088 420 2119 neri
451 2088 652 2118 coniectura
685 2087 882 2127 Tregderus
915 2096 978 2128 pro
1012 2088 1093 2118 lecto
1117 2087 1256 2126 scripsit
1287 2089 1382 2119 tecto.
1417 2094 1497 2117 curn
1524 2085 1616 2117 nullo
1642 2086 1750 2117 modo
1775 2086 1902 2117 adduci
1927 2089 2066 2127 posset,
2091 2087 2129 2117 ut

345 2137 511 2171 crederet
534 2137 665 2169 fossam
691 2139 821 2169 circum
848 2138 967 2169 lection
991 2138 1077 2168 intra
1104 2135 1255 2168 cubiculi
1282 2138 1434 2177 parietes
1452 2136 1596 2167 ductam
1622 2145 1714 2168 esse.
1741 2138 1783 2167 At
1808 2135 1892 2167 iilud
1911 2137 2026 2175 ipsum
2043 2139 2127 2167 lecto

345 2188 542 2221 absurdum
567 2196 648 2220 esse
674 2187 854 2219 declarant
879 2196 969 2228 quae
995 2188 1207 2226 sequuntur:
1236 2195 1309 2217 mam
1331 2186 1436 2225 sol-cm
1460 2186 1599 2217 cubiculi
1623 2186 1802 2217 clauserat.
1832 2185 2014 2223 Quomodo
2035 2186 2128 2217 enim

345 2238 532 2278 Dionysius
556 2238 673 2269 clausa
697 2238 765 2267 iane
796 2246 819 2275 ¹a
847 2245 884 2268 se
911 2237 1134 2274 intrinsecus)
1160 2234 1311 2267 cubiculi
1337 2236 1438 2266 ianua
1465 2236 1539 2267 tum
1565 2235 1711 2266 demum
1738 2236 1802 2274 ipsc
1826 2234 2043 2275 ponticulum
2063 2235 2128 2268 de-

345 2290 513 2329 torquere
538 2288 660 2328 potuit‚
687 2289 714 2318 si
742 2287 832 2318 fossa
857 2286 923 2324 illa,
951 2287 1048 2318 cuius
1069 2288 1236 2318 transitus
1255 2294 1296 2317 eo
1315 2286 1524 2317 coniunctus
1544 2287 1630 2324 erat,
1657 2289 1758 2317 extra
1775 2285 1977 2318 cubiculare
1995 2288 2127 2318 tectum

346 2336 574 2375 (cubiculum)
604 2338 722 2369 essetf?
756 2338 887 2373 Potuit,
920 2337 949 2368 si
980 2337 1069 2367 intra
1103 2337 1255 2377 parietes
1285 2336 1359 2376 ipse
1387 2336 1487 2367 lectas
1510 2336 1601 2367 fossa
1627 2336 1762 2367 cinctus
1787 2336 1858 2367 suit.
1897 2336 2018 2376 Neque
2042 2344 2127 2367 vero

347 2389 414 2419 hoc
444 2388 625 2418 inventum
657 2387 849 2418 mirabilius
880 2388 934 2418 est
966 2394 1071 2426 quam
1103 2395 1162 2422 ea,
1197 2394 1287 2426 quae
1318 2386 1362 2417 de
1393 2385 1520 2417 eodem
1553 2384 1607 2416 illo
1633 2389 1783 2425 tyranno
1809 2387 1844 2417 et
1866 2386 2068 2417 acutissimo
2094 2387 2129 2417 et

346 2436 588 2469 sollertissimo
613 2438 810 2474 narrantur,
838 2435 1071 2469 candentibus
1096 2435 1309 2475 iuglandium
1339 2434 1580 2475 putaminibus
1605 2434 1741 2467 adultas
1766 2434 1852 2467 filias
1878 2435 2027 2467 barbam
2053 2435 2127 2467 eius

348 2489 382 2519 et
406 2485 569 2528 capillum
594 2486 773 2518 adussisse
807 2492 904 2526 (non,
935 2489 971 2517 ut
996 2488 1096 2522 ante.
1128 2487 1219 2518 terro
1245 2485 1470 2524 totondisse),
1504 2486 1691 2526 ipsumque
1718 2494 1784 2516 non
1811 2494 1852 2517 ex
1878 2484 2128 2517 communibus

347 2537 536 2577 suggestis,
563 2536 626 2568 sed
653 2546 693 2568 ex
720 2538 803 2567 turri
829 2536 895 2567 alta
923 2537 1115 2568 contionari
1142 2545 1220 2568 esse
1246 2535 1396 2567 solitum.
1435 2535 1591 2571 Scilicet,
1619 2544 1677 2576 qui
1702 2536 1833 2567 nemini
1851 2535 1934 2567 satis
1951 2535 2125 2571 crederet,

347 2586 509 2623 videbat,
542 2586 569 2618 si
598 2590 713 2625 extra,
751 2589 787 2617 ut
818 2585 924 2625 solet,
958 2586 1049 2618 fossa
1084 2589 1195 2624 esset,
1229 2585 1435 2617 custodibus
1463 2586 1563 2626 ipsis,
1592 2587 1649 2626 qui
1675 2585 1718 2616 ad
1744 2586 1884 2616 ianuam
1910 2583 2128 2615 excubarent

349 2635 454 2677 (quod
480 2638 513 2667 et
538 2645 602 2677 per
625 2645 662 2667 se
688 2637 803 2677 ipsum
829 2637 903 2667 veri
927 2635 1039 2667 simile
1065 2638 1119 2667 est
1142 2638 1175 2667 et
1200 2636 1414 2676 significatur
1439 2645 1456 2666 a
1485 2635 1620 2668 Valerio
1646 2636 1735 2667 Max.
1763 2636 1817 2674 IX,
1844 2635 1897 2672 43,
1925 2636 1992 2666 ext.
2020 2634 2070 2673 4),
2098 2635 2126 2666 si

349 2695 428 2719 eam
459 2686 695 2726 effregissent,
731 2685 812 2717 nihil
846 2687 914 2718 iam
946 2694 1025 2717 esse
1055 2686 1323 2727 impedimento,
1351 2695 1421 2726 quo
1446 2687 1562 2718 minus
1586 2686 1629 2717 ad
1655 2685 1784 2718 lectum
1809 2694 1914 2717 suum
1939 2688 2127 2726 penetrare

348 2740 508 2778 possent:
545 2745 638 2769 nunc
663 2737 735 2768 aliis
763 2735 1023 2768 insidiatoribus
1048 2737 1111 2767 tria
1138 2735 1391 2777 impedimenta
1416 2737 1598 2776 opposuit,
1625 2736 1811 2774 custodes,
1839 2735 1994 2767 clausam
2020 2735 2127 2766 obse-

348 2789 532 2828 ratamque
558 2787 714 2824 ianuam⁷
743 2786 885 2825 fossam,
912 2787 995 2827 ipsis
1021 2785 1239 2823 custodibus,
1267 2786 1295 2816 si
1313 2786 1402 2817 vitae
1428 2793 1514 2817 suae
1532 2785 1794 2824 insidiarentur,
1821 2786 1903 2817 duo.
1931 2785 2027 2823 Quae
2045 2793 2127 2816 cum

348 2838 394 2869 ita
420 2837 504 2874 sint,
531 2836 574 2868 de
600 2837 745 2868 veritate
771 2837 929 2868 omnium
955 2836 1058 2868 codd.
1084 2836 1279 2877 scripturae
1304 2835 1384 2866 lecto
1402 2835 1553 2866 dubitari
1572 2844 1641 2867 non
1659 2837 1790 2876 potest,
1816 2836 2028 2877 praesertim
2046 2842 2127 2866 cum

349 2888 418 2918 iam
449 2886 606 2919 Valerius
639 2888 827 2925 Maximus,
860 2887 919 2927 qui
951 2895 1032 2918 cum
1063 2894 1169 2926 saepe
1202 2885 1327 2923 multa,
1366 2887 1439 2917 tum
1472 2885 1491 2917 l.
1520 2894 1549 2916 c.
1578 2895 1668 2926 quae
1694 2885 1738 2918 de
1764 2886 1930 2926 Dionysio
1955 2884 2060 2916 tradit
2084 2892 2126 2916 ex

350 2937 520 2970 Cicerone
546 2937 599 2977 (gg
624 2937 763 2976 58—60)
791 2938 982 2978 excerpsit,
1009 2938 1043 2968 in
1069 2936 1196 2968 eadem
1214 2934 1473 2967 narratiuncula
1493 2936 1537 2966 ita
1555 2937 1726 2976 scriptum
1744 2937 1929 2967 invenerit.
1957 2934 2125 2975 [Ammia-

349 2995 415 3019 nus
440 2986 659 3018 Marcellinus
683 2987 768 3024 XVl,
795 2987 826 3025 8,
855 2988 894 3019 40
920 2986 1113 3028 (Dionysius
1136 2986 1278 3017 aedem
1301 2985 1461 3017 brevem
1486 2985 1679 3026 (Paleon),
1713 2985 1767 3016 ubi
1790 2985 1939 3017 cubitare
1960 2987 2123 3023 sueverat,

349 3036 419 3067 alta
442 3037 654 3067 circumdedit
676 3038 764 3076 fossa
789 3046 926 3077 eamque
944 3040 1044 3077 ponte
1067 3035 1195 3067 solubili
1224 3036 1460 3075 superstravit,
1487 3037 1581 3067 cuius
1604 3037 1752 3067 disiectos
1775 3044 1899 3067 asseres
1921 3039 1951 3067 el
1974 3035 2126 3067 miculos

347 3094 459 3118 secum
481 3085 515 3115 in
538 3094 687 3116 somnum
711 3086 822 3118 abiens
849 3087 1071 3127 transferebat
1094 3086 1282 3124 eosdemque
1305 3085 1561 3126 compaginabal
1583 3087 1666 3117 lucis
1687 3086 1782 3117 initio
1802 3085 2030 3126 processurus)
2055 3093 2124 3118 non

350 3136 577 3171 Ciceronem,
605 3135 667 3167 sed
693 3136 797 3168 aliurn
824 3138 943 3169 nescio
969 3145 1074 3178 quem
1093 3138 1275 3168 auctorem
1293 3139 1435 3167 secutus
1453 3145 1532 3168 esse
1550 3135 1648 3168 l'acile
1666 3135 1892 3176 intelligitur]
1917 3135 2124 3167 Cubicularis

349 3186 450 3218 lectus
479 3186 601 3217 Cicero
634 3187 739 3217 etiam
770 3187 813 3218 de
847 3188 992 3219 Divinat.
1020 3188 1065 3225 ΙΙ,
1093 3186 1154 3218 43⁵.
1180 3185 1274 3217 dixit.
1317 3186 1502 3223 Ceterum,
1536 3186 1631 3227 quod
1655 3187 1853 3226 Tregderus
1877 3187 1911 3218 in
1936 3184 2122 3217 meliorum

351 3235 455 3268 codd.
483 3234 690 3276 corruptelis
712 3236 800 3274 fossa
830 3237 901 3268 lala
923 3236 1124 3268 cubicularis
1148 3236 1228 3267 lecto
1252 3235 1345 3267 aliud
1370 3235 1499 3277 aliquid
1523 3236 1632 3268 latere
1657 3237 1869 3277 suspicatur,
1901 3235 1943 3268 cf.
1971 3235 2014 3267 de
2039 3236 2118 3267 nota

350 3283 485 3317 litterae
510 3293 542 3316 m
565 3285 771 3326 saepissime
797 3286 926 3319 omissa
951 3286 1005 3319 vel
1029 3285 1147 3318 addita
1171 3285 1196 3325 1,
1215 3285 1268 3326 90,
1295 3285 1338 3318 de
1362 3295 1376 3317 s
1401 3294 1507 3327 prave
1531 3286 1650 3319 addito
1667 3287 1845 3319 omissove
1860 3286 1886 3326 1,
1906 3285 1982 3318 96.»
2006 3284 2062 3316 W.
2080 3300 2115 3308 -
