2249 3624
551 140 639 180 Lm.
670 140 719 179 v.
757 137 853 178 cst.
885 136 1208 177 xvi—xvnl.
1244 133 1304 187 §5
1336 131 1528 173 44—49.
1846 127 1918 168 sun

167 255 386 294 imminuta
416 254 520 300 sint,
551 252 760 291 occultent
789 250 1010 290 homines?
1044 255 1086 288 ut
1116 249 1240 288 ctiam
1273 247 1529 287 contendant
1560 251 1600 286 et
1627 245 1860 294 elaborent,
1893 248 1926 286 si

167 317 332 356 efficere
365 316 543 368 possint,
576 321 618 353 ut
649 320 716 353 aut
750 326 832 352 non
864 318 1061 365 appareat
1092 312 1275 364 corporis
1300 311 1441 350 vitium
1474 315 1546 349 aut
1567 323 1689 361 quam
1712 310 1926 350 minimum

166 380 390 431 appareat?
423 378 658 429 multosque
692 377 814 414 ctiam
839 375 1005 413 dolores
1029 374 1253 413 curationis
1276 387 1400 412 causa
1425 372 1654 425 perferant,
1687 379 1751 418 ut,
1783 374 1815 411 si
1839 373 1927 425 ipse

167 455 263 479 usus
297 440 573 478 membrorum
607 452 687 477 nou
722 437 845 476 modo
879 451 959 476 non
994 437 1137 481 maior,
1171 450 1314 475 verum
1347 437 1471 475 etiam
1504 435 1638 474 minor
1668 434 1830 474 futurus
1862 436 1928 481 sit,

164 516 307 540 eorum
340 509 475 541 tamen
508 502 669 553 specics
701 501 751 539 ad
782 506 966 538 naturam
991 502 1249 537 revertatur?
1282 499 1463 544 Etenim,
1497 512 1590 536 cum
1613 511 1758 537 omnes
1782 503 1959 536 natura5

165 569 273 601 totos
314 578 356 602 se
396 563 655 614 expetendos
697 568 862 614 putent,
903 574 976 599 nec
1021 561 1060 598 id
1101 560 1152 599 ob
1192 560 1314 599 aliam
1349 575 1453 606 rcm,
1497 560 1568 598 sed
1600 565 1770 612 propter
1801 560 1928 611 ipsos,

163 638 333 663 necesse
366 631 428 663 est
458 626 546 663 eius
579 625 702 663 etiam
737 624 864 675 partis
897 628 1068 674 propter
1098 636 1142 661 sc
1165 623 1324 674 expeti,
1358 622 1470 674 quod
1498 623 1736 661 universum
1762 628 1930 674 propter

162 700 204 725 sc
237 692 464 739 expetatur.
531 684 590 724 4-7.
625 685 766 733 Quid?
799 686 839 723 in
871 690 985 723 motu
1019 690 1059 723 et
1091 686 1129 723 in
1162 690 1268 722 statu
1295 685 1485 736 corporis
1518 684 1621 723 nihil
1656 686 1782 731 inest,
1816 685 1929 737 quod

160 748 576 787 animadvertendum
614 761 705 787 esse
748 747 836 798 ipsa
869 752 1015 784 natura
1048 745 1234 784 iudicet?
1277 760 1401 798 quem
1434 746 1484 785 ad
1519 747 1685 785 modum
1719 747 1814 800 quis
1845 761 1930 786 am-

161 810 291 855 bulet,
324 809 487 854 sedeat,
520 810 590 861 qui
624 809 767 848 ductus
800 808 904 854 oris,
936 808 1007 859 qui
1042 808 1180 846 vultus
1213 808 1255 846 in
1286 821 1454 860 quoque
1487 809 1568 848 sit?
1604 808 1762 848 nihilne
1795 815 1857 848 est
1888 810 1928 848 in
1949 816 1981 843 ¹0

162 872 224 911 his
256 872 399 916 rebus,
432 872 544 924 quod
577 871 747 923 dignum
781 870 912 909 libero
944 875 1015 908 aut
1045 870 1262 920 indignum
1287 884 1379 908 esse
1401 870 1632 910 ducamus?
1664 873 1811 911 Nonne
1834 871 1930 910 odio

162 934 312 974 multos
353 934 500 985 dignos
545 939 756 985 putamus,
798 932 868 984 qui
916 932 1097 983 quodam
1138 937 1253 970 motu
1292 938 1364 971 aut
1395 938 1502 972 statu
1537 934 1729 973 videntur
1760 940 1930 975 naturae

161 997 294 1047 legem
339 1001 380 1035 et
420 995 589 1034 modum
629 994 957 1047 contempsisse?
997 995 1048 1032 Et
1086 994 1281 1045 quoniam
1323 994 1423 1033 haec
1460 995 1727 1035 deducuntur
1758 997 1808 1035 de
1840 1011 1931 1036 cor-

161 1071 279 1110 pore,
318 1058 416 1110 quid
464 1063 527 1096 est
567 1071 639 1096 cur
679 1070 763 1096 non
807 1062 916 1095 recte
948 1056 1216 1108 pulchritudo
1250 1056 1373 1095 etiam
1407 1057 1497 1108 ipsa
1529 1064 1699 1110 propter
1728 1072 1772 1097 se
1805 1072 1931 1112 expe-

160 1120 284 1159 tenda
316 1120 516 1159 ducatur?
548 1121 650 1159 Nam
684 1120 718 1158 si
751 1119 994 1171 pravitatem
1027 1118 1452 1171 imminutionemque
1481 1121 1665 1172 corporis
1698 1127 1866 1174 propter
1887 1128 1982 1161 seffi

158 1181 396 1235 fugiendam
441 1188 655 1234 putamus,
695 1195 769 1221 cur
799 1194 883 1220 non
916 1180 1063 1227 etiam,
1105 1193 1151 1219 ac
1183 1180 1357 1220 fortasse
1389 1181 1543 1233 magis,
1574 1188 1745 1235 propter
1775 1197 1818 1223 se
1848 1183 1933 1223 for-

159 1257 247 1283 mae
279 1244 523 1297 dignitatem
556 1245 813 1297 sequamur?
845 1244 896 1282 Et
927 1243 961 1281 si
993 1242 1299 1294 turpitudinem
1330 1243 1513 1295 fugimus
1544 1243 1586 1283 in
1619 1250 1727 1284 statu
1759 1250 1800 1285 et
1821 1252 1931 1286 motu

157 1307 364 1359 corporis,
408 1307 509 1359 quid
542 1312 603 1346 est
635 1319 709 1344 cur
738 1305 1097 1358 pulchritudinem
1129 1317 1214 1344 non
1245 1308 1498 1357 sequamur?
1539 1308 1676 1359 Atque
1708 1307 1829 1347 etiam
1863 1322 1932 1347 va-

157 1367 415 1415 letudinem,
455 1368 589 1415 vires,
632 1368 878 1407 vacuitatem
913 1366 1072 1406 doloris
1105 1380 1186 1406 non
1218 1372 1389 1420 propter
1418 1368 1641 1408 utilitatem
1672 1369 1825 1417 solum,
1858 1370 1931 1410 sed

160 1431 285 1469 etiam
318 1430 429 1483 ipsas
462 1436 634 1483 propter
666 1444 709 1469 se
743 1435 1000 1482 expetemus.
1058 1428 1268 1476 Quoniam
1300 1429 1409 1468 enim
1442 1436 1590 1470 natura
1621 1431 1707 1471 suis
1738 1432 1931 1472 omnibus
1946 1441 1982 1468 ‘20

161 1492 321 1544 expleri
363 1492 550 1544 partibus
583 1492 691 1539 vult,
734 1492 845 1531 hunc
878 1497 1026 1531 statum
1059 1492 1247 1543 corporis
1288 1504 1364 1544 per
1394 1505 1437 1531 se
1467 1492 1603 1546 ipsum
1635 1494 1816 1547 expetit,
1861 1495 1932 1549 qui

162 1560 223 1594 est
255 1555 434 1593 maxime
467 1568 488 1594 e
521 1560 687 1601 natura,
731 1568 839 1608 quae
871 1559 957 1593 tota
998 1553 1281 1606 perturbatur,
1319 1554 1353 1594 si
1385 1559 1456 1594 aut
1485 1568 1655 1607 aegrum
1687 1570 1838 1610 corpus
1871 1563 1933 1598 est

161 1622 231 1656 aut
263 1617 377 1656 dolet
407 1622 478 1656 aut
509 1622 621 1656 caret
652 1616 824 1657 viribus.

271 1679 419 1718 XVIII.
452 1676 518 1718 48.
552 1679 777 1719 Videamus
808 1678 936 1718 animi
959 1683 1121 1730 partes,
1154 1691 1330 1731 quarum
1353 1684 1416 1718 est
1436 1684 1685 1732 conspectus
1707 1681 1931 1722 illustrior:

159 1754 265 1793 quae
298 1755 382 1794 quo
414 1747 511 1781 sunt
542 1742 814 1788 excelsiores,
846 1755 895 1781 eo
931 1740 1030 1780 dant
1060 1740 1234 1780 clariora
1264 1741 1421 1780 indicia
1451 1747 1637 1782 naturae.
1688 1744 1845 1784 Tantus
1871 1752 1981 1786 est25

161 1803 286 1856 igitur
316 1804 482 1843 innatus
514 1803 557 1843 in
589 1804 709 1843 nobis
741 1804 995 1856 cognitionis
1027 1816 1144 1843 amor
1175 1809 1216 1843 et
1248 1803 1470 1851 scientiae,
1511 1810 1556 1844 ut
1586 1818 1709 1845 nemo
1741 1806 1932 1848 dubitare

159 1867 293 1918 possit
335 1866 438 1919 quin
478 1865 528 1905 ad
577 1879 645 1905 eas
677 1879 741 1905 res
772 1866 990 1906 hominum
1021 1871 1170 1904 natura
1201 1865 1316 1905 nullo
1349 1865 1633 1907 emolumento
1665 1868 1840 1909 invitata
1870 1883 1934 1910 ra-

161 1929 312 1981 piatur.
365 1928 622 1968 Videmusne.
655 1934 699 1968 ut
730 1928 849 1981 pueri
873 1942 924 1968 ne
947 1928 1192 1968 verberibus
1215 1928 1381 1981 quidem
1404 1941 1427 1968 a
1449 1930 1786 1982 contemplandis
1808 1932 1932 1972 rebus

158 1990 542 2044 perquirendisque
581 1991 900 2030 deterreantur?
941 1997 983 2030 ut
1022 1990 1133 2043 pulsi
1172 1992 1418 2030 recurrant?
1459 1996 1504 2030 ut
1543 1991 1705 2045 aliquid
1744 1994 1848 2034 scire
1888 2008 1933 2034 se

159 2053 394 2105 gaudeant?
430 2059 473 2092 ut
502 2054 543 2092 id
576 2053 669 2093 aliis
701 2067 869 2093 narrare
902 2053 1108 2106 gestiant?
1139 2058 1185 2092 ut
1216 2066 1390 2106 pompa,
1421 2053 1531 2093 ludis
1558 2059 1685 2107 atque
1708 2056 1798 2096 eius
1821 2057 1983 2096 modi30

160 2114 411 2168 spectaculis
454 2120 697 2163 teneantur,
741 2116 793 2155 ob
836 2128 1013 2169 eamque
1055 2128 1144 2154 rem
1189 2115 1254 2154 vel
1295 2115 1448 2155 famem
1481 2121 1522 2155 et
1552 2116 1661 2156 sitim
1692 2112 1957 2170 pe1·ferant?'

160 2177 272 2226 Quid
304 2179 434 2217 vero?
466 2178 537 2230 qui
568 2178 761 2230 ingenuis
795 2177 941 2217 studiis
973 2183 1100 2231 atque
1132 2177 1290 2217 artibus
1323 2177 1608 2226 delectantur,
1650 2193 1788 2219 nonne
1819 2181 1935 2221 vide-

160 2253 250 2280 mus
294 2252 363 2278 eos
406 2253 481 2279 nec
522 2240 776 2280 valetudinis
817 2254 893 2280 nec
931 2240 992 2279 rei
1030 2239 1246 2280 familiaris
1287 2239 1441 2280 habere
1473 2241 1677 2281 rationem
1708 2244 1933 2297 omniaque

162 2302 325 2355 perpeti
358 2302 447 2355 ipsa
479 2303 716 2355 cognitione
749 2308 789 2342 et
820 2303 997 2342 scientia
1028 2308 1171 2355 captos
1203 2307 1244 2342 et
1274 2316 1366 2343 cum
1397 2304 1591 2343 maximis
1617 2305 1726 2344 curis
1750 2311 1790 2345 et
1818 2306 1934 2346 labo-

159 2364 275 2403 ribus
308 2377 580 2417 compensare
611 2378 725 2412 eam,
759 2378 883 2418 quam
906 2378 959 2404 ex
981 2364 1180 2404 discendo
1203 2365 1391 2418 capiant,
1423 2365 1711 2418 voluptatem?
1742 2365 1808 2408 49.
1830 2369 1933 2409 Mihi
1947 2379 1983 2407 35

160 2425 329 2479 quidem
370 2426 576 2466 Homerus
619 2428 745 2466 huius
787 2427 900 2466 modi
940 2426 1140 2479 quiddam
1171 2426 1325 2466 vidisse
1355 2427 1522 2467 videtur
1551 2429 1595 2467 in
1627 2429 1699 2476 iis,
1742 2443 1850 2483 quae
1883 2431 1933 2471 de

161 2488 351 2527 Sirenum
384 2489 574 2528 cantibus
605 2488 738 2528 linxit.
800 2491 947 2542 Neque
979 2489 1090 2528 enim
1122 2502 1268 2528 vocum
1301 2489 1505 2529 suavitate
1537 2490 1731 2530 videntur
1759 2498 1830 2532 aut
1860 2506 1934 2533 no-

161 2551 284 2590 vitate
326 2551 506 2604 quadam
551 2557 591 2590 et
630 2552 831 2591 varietate
871 2550 1066 2591 cantandi
1105 2564 1303 2591 revocare
1336 2564 1408 2591 eos
1440 2552 1609 2600 solitae,
1649 2553 1720 2605 qui
1751 2560 1935 2606 praeter-

164 2613 446 2661 vehebantur,
478 2613 551 2652 sed
584 2613 681 2666 quia
714 2613 843 2653 multa
875 2628 918 2653 se
951 2613 1055 2653 scire
1078 2612 1407 2666 profitebantur,
1437 2619 1484 2653 ut
1503 2614 1696 2655 homines
1718 2615 1770 2655 ad
1792 2629 1932 2657 earum

1772 2828 1782 2844 Ο

247 2855 279 2886 8.
308 2855 391 2893 Quid
423 2853 479 2885 ed.
509 2854 639 2885 Veneta
665 2863 696 2884 a.
726 2854 827 2885 1480:
861 2855 947 2894 quod
978 2854 1082 2886 codd.
1112 2873 1145 2877 —-
1182 2857 1211 2885 et
1236 2854 1279 2894 in]
1305 2854 1405 2886 etiam
1430 2854 1462 2885 in
1486 2855 1510 2885 B
1537 2872 1571 2877 —
1599 2856 1680 2887 nihil
1702 2857 1782 2889 inest
1808 2858 1931 2890 CDE:

162 2902 258 2933 nichil
282 2906 366 2943 (om.
388 2903 509 2942 xerbo)
534 2904 577 2938 Β;
604 2904 684 2934 nihil
710 2913 773 2934 non
798 2908 842 2935 est
868 2905 975 2935 ceteri
1001 2904 1103 2935 codd.
1125 2921 1159 2925 ——
1188 2904 1284 2945 quod]
1312 2905 1367 2943 qui
1391 2905 1414 2935 B
1436 2922 1468 2927 —-
1499 2905 1551 2936 112.
1570 2907 1688 2938 multos
1711 2908 1825 2948 diynos
1848 2908 1871 2939 B
1887 2910 1932 2939 G:

162 2954 276 2992 thynos
299 2954 417 2983 multos
440 2954 464 2984 O
487 2970 518 2974 —
549 2953 600 2984 114.
626 2957 671 2984 est
696 2962 766 2984 om.
786 2954 809 2984 B
837 2954 918 2992 (non
937 2954 973 2993 E)
996 2971 1029 2975 —
1058 2954 1110 2984 46.
1138 2954 1255 2987 eliam.
1282 2954 1333 2993 ac]
1359 2954 1426 2984 iam
1449 2957 1477 2984 et
1500 2953 1585 2985 hanc
1607 2956 1632 2986 B
1653 2975 1687 2978 —
1716 2958 1767 2988 47.
1792 2958 1937 2998 fuyimus

163 3003 354 3033 Manutius:
380 3002 549 3042 sufflamus
573 3002 676 3033 codd.
707 3020 741 3023 —-
770 3004 821 3034 119.
848 3004 901 3034 sed
925 3012 993 3034 om.
1022 3004 1043 3034 B
1064 3020 1097 3024 —-
1126 3003 1179 3034 ¹22.
1205 3005 1232 3034 si
1256 3007 1365 3034 autem
1389 3012 1504 3044 cyrum
1528 3013 1608 3044 opus
1631 3009 1676 3036 est
1699 3006 1722 3036 B
1746 3025 1779 3029 —
1805 3006 1858 3038 24.
1884 3008 1936 3039 Vi-

163 3052 273 3082 demus
297 3053 320 3082 B
349 3069 382 3073 —
411 3056 599 3090 conspectus
622 3053 647 3082 B
663 3053 687 3082 t:
703 3053 748 3083 l):
782 3053 953 3092 adspectus
976 3053 1000 3084 Ο
1030 3070 1063 3075 —-
1097 3054 1149 3083 ⁶25.
1176 3053 1300 3084 iudicia
1323 3057 1449 3084 natura
1472 3054 1496 3084 Β
1511 3054 1535 3084 Ε
1562 3071 1596 3075 -
1626 3055 1678 3086 26.
1705 3059 1734 3086 et
1756 3065 1849 3088 nemo
1873 3058 1936 3088 du-

164 3100 263 3130 bitari
287 3101 310 3131 Β
338 3103 415 3139 (non
443 3102 479 3138 E)
506 3117 541 3122 —
570 3102 623 3132 27.
650 3102 853 3133 emolimento
879 3103 900 3133 Β
918 3103 941 3132 Ε
970 3120 1002 3123 Ἀ
1036 3102 1086 3133 29.
1113 3107 1171 3132 αιιι
1192 3103 1279 3140 pulsi
1305 3102 1327 3132 ti
1357 3120 1390 3124 —
1417 3106 1453 3134 uc
1476 3103 1602 3142 aliquid
1626 3105 1670 3135 D:
1699 3105 1827 3144 aliquid
1851 3107 1933 3145 (om.

166 3152 208 3187 ut)
228 3151 250 3180 Β
267 3150 309 3181 E:
337 3154 365 3181 et
389 3151 517 3189 aliquid
542 3152 649 3181 ceteri
675 3151 778 3181 codd.
799 3168 833 3173 —
861 3161 892 3182 se
915 3153 998 3183 scire
1022 3153 1048 3182 l)
1064 3153 1087 3183 G
1115 3169 1149 3173 -
1178 3152 1229 3183 30.
1259 3153 1290 3182 id
1314 3153 1355 3182 B:
1384 3160 1453 3183 om.
1473 3154 1544 3185 Mo
1565 3171 1598 3175 --
1627 3158 1686 3185 auc
1706 3163 1830 3194 pompa
1854 3156 1877 3186 E
1898 3173 1931 3177 -

165 3198 217 3229 32.
244 3200 323 3237 quid
347 3200 484 3240 ingeniis
508 3201 531 3230 B
548 3200 570 3230 E
600 3218 633 3222 —
660 3200 712 3231 36.
738 3202 904 3239 quoddam
930 3203 952 3232 Β
980 3219 1013 3222 -
1044 3202 1194 3232 videatur
1216 3202 1240 3232 Β
1257 3201 1280 3232 Ε
1304 3218 1337 3222 ——
1365 3200 1418 3233 37.
1442 3203 1542 3243 finxit
1566 3202 1670 3235 codd.
1696 3202 1844 3244 aliquot:
1868 3206 1935 3244 fin-

161 3248 272 3278 „cerint
296 3249 338 3282 B:
364 3250 499 3284 tinxerit
524 3250 555 3280 M
573 3250 609 3280 O.
