<?xml version="1.0" encoding="UTF-8"?>
<!DOCTYPE html PUBLIC "-//W3C//DTD XHTML 1.0 Transitional//EN"
    "http://www.w3.org/TR/xhtml1/DTD/xhtml1-transitional.dtd">
<html xmlns="http://www.w3.org/1999/xhtml" xml:lang="en" lang="en">
 <head>
  <title>
</title>
<meta http-equiv="Content-Type" content="text/html;charset=utf-8" />
  <meta name='ocr-system' content='tesseract 3.04.00' />
  <meta name='ocr-capabilities' content='ocr_page ocr_carea ocr_par ocr_line ocrx_word'/>
</head>
<body>
  <div class='ocr_page' id='page_1' title='image "./operaquaesupersu04ciceuoft_1088.png"; bbox 0 0 2249 3624; ppageno 0'>
   <div class='ocr_carea' id='block_1_1' title="bbox 322 223 1341 267">
    <p class='ocr_par' dir='ltr' id='par_1_1' title="bbox 322 223 1341 267">
     <span class='ocr_line' id='line_1_1' title="bbox 322 223 1341 267; baseline -0.003 0"><span class='ocrx_word' id='word_1_1' title='bbox 322 225 402 267; x_wconf 88' lang='grc'>996</span> <span class='ocrx_word' id='word_1_2' title='bbox 1061 223 1341 265; x_wconf 87' lang='lat' dir='ltr'>CICERONIS</span> 
     </span>
    </p>
   </div>
   <div class='ocr_carea' id='block_1_2' title="bbox 292 326 2086 631">
    <p class='ocr_par' dir='ltr' id='par_1_2' title="bbox 292 326 2086 631">
     <span class='ocr_line' id='line_1_2' title="bbox 323 326 2083 381; baseline -0.001 -11"><span class='ocrx_word' id='word_1_3' title='bbox 323 329 540 381; x_wconf 81' lang='lat' dir='ltr'>Siciliaque</span> <span class='ocrx_word' id='word_1_4' title='bbox 569 329 787 380; x_wconf 81' lang='lat' dir='ltr'>viguisset,</span> <span class='ocrx_word' id='word_1_5' title='bbox 816 328 923 367; x_wconf 91' lang='lat' dir='ltr'>hunc</span> <span class='ocrx_word' id='word_1_6' title='bbox 953 327 1161 376; x_wconf 77' lang='lat' dir='ltr'>extitisse,</span> <span class='ocrx_word' id='word_1_7' title='bbox 1191 327 1259 378; x_wconf 86' lang='lat' dir='ltr'>qui</span> <span class='ocrx_word' id='word_1_8' title='bbox 1279 326 1387 366; x_wconf 89' lang='lat' dir='ltr'>illam</span> <span class='ocrx_word' id='word_1_9' title='bbox 1408 332 1636 366; x_wconf 90' lang='lat' dir='ltr'>renovaret.</span> <span class='ocrx_word' id='word_1_10' title='bbox 1667 328 1743 375; x_wconf 90' lang='lat' dir='ltr'>Qui</span> <span class='ocrx_word' id='word_1_11' title='bbox 1763 340 1854 367; x_wconf 87' lang='lat' dir='ltr'>cum</span> <span class='ocrx_word' id='word_1_12' title='bbox 1873 329 1993 368; x_wconf 91' lang='lat' dir='ltr'>mein</span> <span class='ocrx_word' id='word_1_13' title='bbox 2013 331 2083 369; x_wconf 91' lang='lat' dir='ltr'>Ci—</span> 
     </span>
     <span class='ocr_line' id='line_1_3' title="bbox 322 389 2084 443; baseline 0 -13"><span class='ocrx_word' id='word_1_14' title='bbox 322 392 454 432; x_wconf 79' lang='lat' dir='ltr'>liciam</span> <span class='ocrx_word' id='word_1_15' title='bbox 493 391 843 443; x_wconf 89' lang='lat' dir='ltr'>profisciscentem</span> <span class='ocrx_word' id='word_1_16' title='bbox 882 390 1033 441; x_wconf 83' lang='lat' dir='ltr'>Ephesi</span> <span class='ocrx_word' id='word_1_17' title='bbox 1076 389 1425 440; x_wconf 77' lang='lat' dir='ltr'>exspectavisset,</span> <span class='ocrx_word' id='word_1_18' title='bbox 1468 390 1635 429; x_wconf 87' lang='lat' dir='ltr'>Romam</span> <span class='ocrx_word' id='word_1_19' title='bbox 1680 402 1729 428; x_wconf 83' lang='lat' dir='ltr'>ex</span> <span class='ocrx_word' id='word_1_20' title='bbox 1767 389 1969 441; x_wconf 71' lang='lat' dir='ltr'>legatione</span> <span class='ocrx_word' id='word_1_21' title='bbox 1994 392 2084 443; x_wconf 92' lang='lat' dir='ltr'>ipse</span> 
     </span>
     <span class='ocr_line' id='line_1_4' title="bbox 324 452 2085 506; baseline -0.001 -12"><span class='ocrx_word' id='word_1_22' title='bbox 324 455 556 505; x_wconf 86' lang='lat' dir='ltr'>decedens,</span> <span class='ocrx_word' id='word_1_23' title='bbox 598 455 863 506; x_wconf 75' lang='lat' dir='ltr'>venissetque</span> <span class='ocrx_word' id='word_1_24' title='bbox 904 452 1048 491; x_wconf 83' lang='lat' dir='ltr'>eodeni</span> <span class='ocrx_word' id='word_1_25' title='bbox 1089 452 1287 504; x_wconf 77' lang='lat' dir='ltr'>Mytilenis</span> <span class='ocrx_word' id='word_1_26' title='bbox 1328 452 1407 490; x_wconf 87' lang='lat' dir='ltr'>mei</span> <span class='ocrx_word' id='word_1_27' title='bbox 1453 452 1656 492; x_wconf 90' lang='lat' dir='ltr'>salutandi</span> <span class='ocrx_word' id='word_1_28' title='bbox 1699 460 1739 493; x_wconf 91' lang='lat' dir='ltr'>et</span> <span class='ocrx_word' id='word_1_29' title='bbox 1775 453 1934 492; x_wconf 86' lang='lat' dir='ltr'>visendi</span> <span class='ocrx_word' id='word_1_30' title='bbox 1963 466 2085 493; x_wconf 87' lang='lat' dir='ltr'>causa</span> 
     </span>
     <span class='ocr_line' id='line_1_5' title="bbox 325 514 2086 569; baseline -0.002 -12"><span class='ocrx_word' id='word_1_31' title='bbox 325 519 563 569; x_wconf 78' lang='lat' dir='ltr'>Cratippus,</span> <span class='ocrx_word' id='word_1_32' title='bbox 594 518 954 568; x_wconf 80' lang='lat' dir='ltr'>Peripateticorum</span> <span class='ocrx_word' id='word_1_33' title='bbox 984 515 1187 563; x_wconf 87' lang='lat' dir='ltr'>omnium,</span> <span class='ocrx_word' id='word_1_34' title='bbox 1218 527 1321 564; x_wconf 89' lang='lat' dir='ltr'>quos</span> <span class='ocrx_word' id='word_1_35' title='bbox 1351 514 1516 566; x_wconf 88' lang='lat' dir='ltr'>quidem</span> <span class='ocrx_word' id='word_1_36' title='bbox 1548 528 1621 566; x_wconf 88' lang='lat' dir='ltr'>ego</span> <span class='ocrx_word' id='word_1_37' title='bbox 1650 516 1869 565; x_wconf 84' lang='lat' dir='ltr'>audierim,</span> <span class='ocrx_word' id='word_1_38' title='bbox 1909 528 1999 554; x_wconf 92' lang='lat' dir='ltr'>meo</span> <span class='ocrx_word' id='word_1_39' title='bbox 2026 517 2086 555; x_wconf 92' lang='lat' dir='ltr'>iu-</span> 
     </span>
     <span class='ocr_line' id='line_1_6' title="bbox 292 577 2085 631; baseline -0.001 -12"><span class='ocrx_word' id='word_1_40' title='bbox 292 579 428 619; x_wconf 80' lang='lat' dir='ltr'>5dicio</span> <span class='ocrx_word' id='word_1_41' title='bbox 465 580 579 619; x_wconf 83' lang='lat' dir='ltr'>facile</span> <span class='ocrx_word' id='word_1_42' title='bbox 612 581 828 631; x_wconf 90' lang='lat' dir='ltr'>princeps,</span> <span class='ocrx_word' id='word_1_43' title='bbox 873 577 1128 630; x_wconf 86' lang='lat' dir='ltr'>perlibenter</span> <span class='ocrx_word' id='word_1_44' title='bbox 1156 584 1196 616; x_wconf 91' lang='lat' dir='ltr'>et</span> <span class='ocrx_word' id='word_1_45' title='bbox 1221 577 1423 628; x_wconf 72' lang='lat' dir='ltr'>Nigidium</span> <span class='ocrx_word' id='word_1_46' title='bbox 1453 577 1532 616; x_wconf 70' lang='lat' dir='ltr'>vidi</span> <span class='ocrx_word' id='word_1_47' title='bbox 1563 584 1603 617; x_wconf 90' lang='lat' dir='ltr'>et</span> <span class='ocrx_word' id='word_1_48' title='bbox 1629 579 1798 629; x_wconf 82' lang='lat' dir='ltr'>cognovi</span> <span class='ocrx_word' id='word_1_49' title='bbox 1834 579 2085 630; x_wconf 83' lang='lat' dir='ltr'>Cratippum.</span> 
     </span>
    </p>
   </div>
   <div class='ocr_carea' id='block_1_3' title="bbox 323 640 2087 695">
    <p class='ocr_par' dir='ltr' id='par_1_3' title="bbox 323 640 2087 695">
     <span class='ocr_line' id='line_1_7' title="bbox 323 640 2087 695; baseline -0.001 -13"><span class='ocrx_word' id='word_1_50' title='bbox 323 646 380 682; x_wconf 92' lang='lat' dir='ltr'>Ac</span> <span class='ocrx_word' id='word_1_51' title='bbox 421 644 595 695; x_wconf 90' lang='lat' dir='ltr'>primum</span> <span class='ocrx_word' id='word_1_52' title='bbox 636 641 801 693; x_wconf 89' lang='lat' dir='ltr'>quidem</span> <span class='ocrx_word' id='word_1_53' title='bbox 841 647 1004 692; x_wconf 89' lang='lat' dir='ltr'>tempus</span> <span class='ocrx_word' id='word_1_54' title='bbox 1047 640 1302 679; x_wconf 84' lang='lat' dir='ltr'>salutationis</span> <span class='ocrx_word' id='word_1_55' title='bbox 1338 640 1377 678; x_wconf 92' lang='lat' dir='ltr'>in</span> <span class='ocrx_word' id='word_1_56' title='bbox 1408 642 1715 692; x_wconf 88' lang='lat' dir='ltr'>percontatione</span> <span class='ocrx_word' id='word_1_57' title='bbox 1744 641 2087 692; x_wconf 77' lang='lat' dir='ltr'>consumpsimus·</span> 
     </span>
    </p>
   </div>
   <div class='ocr_carea' id='block_1_4' title="bbox 1032 704 1392 750">
    <p class='ocr_par' dir='ltr' id='par_1_4' title="bbox 1032 704 1392 750">
     <span class='ocr_line' id='line_1_8' title="bbox 1032 704 1392 724; baseline 0 0"><span class='ocrx_word' id='word_1_58' title='bbox 1032 704 1051 724; x_wconf 52' lang='grc' dir='ltr'><strong><em>ἔ</em></strong></span> <span class='ocrx_word' id='word_1_59' title='bbox 1374 704 1392 724; x_wconf 52' lang='grc' dir='ltr'>ἧ*-</span> 
     </span>
     <span class='ocr_line' id='line_1_9' title="bbox 1202 732 1221 750; baseline 0 -2"><span class='ocrx_word' id='word_1_60' title='bbox 1202 732 1221 750; x_wconf 51' lang='lat' dir='ltr'>{a</span> 
     </span>
    </p>
   </div>
   <div class='ocr_carea' id='block_1_5' title="bbox 272 764 2101 1883">
    <p class='ocr_par' dir='ltr' id='par_1_5' title="bbox 321 764 2090 944">
     <span class='ocr_line' id='line_1_10' title="bbox 421 764 2090 817; baseline -0.001 -11"><span class='ocrx_word' id='word_1_61' title='bbox 421 770 471 806; x_wconf 88' lang='lat' dir='ltr'>II.</span> <span class='ocrx_word' id='word_1_62' title='bbox 517 766 622 815; x_wconf 88' lang='lat' dir='ltr'>Quid</span> <span class='ocrx_word' id='word_1_63' title='bbox 664 772 726 806; x_wconf 91' lang='lat' dir='ltr'>est</span> <span class='ocrx_word' id='word_1_64' title='bbox 766 765 875 817; x_wconf 89' lang='lat' dir='ltr'>quod</span> <span class='ocrx_word' id='word_1_65' title='bbox 917 777 1082 816; x_wconf 89' lang='lat' dir='ltr'>semper</span> <span class='ocrx_word' id='word_1_66' title='bbox 1123 765 1174 804; x_wconf 91' lang='lat' dir='ltr'>sit</span> <span class='ocrx_word' id='word_1_67' title='bbox 1212 776 1347 816; x_wconf 90' lang='lat' dir='ltr'>neque</span> <span class='ocrx_word' id='word_1_68' title='bbox 1376 764 1502 803; x_wconf 88' lang='lat' dir='ltr'>ullum</span> <span class='ocrx_word' id='word_1_69' title='bbox 1531 764 1681 804; x_wconf 90' lang='lat' dir='ltr'>habeat</span> <span class='ocrx_word' id='word_1_70' title='bbox 1709 771 1868 815; x_wconf 88' lang='lat' dir='ltr'>ortum,</span> <span class='ocrx_word' id='word_1_71' title='bbox 1912 771 1952 805; x_wconf 90' lang='lat' dir='ltr'>et</span> <span class='ocrx_word' id='word_1_72' title='bbox 1979 765 2090 817; x_wconf 91' lang='lat' dir='ltr'>quod</span> 
     </span>
     <span class='ocr_line' id='line_1_11' title="bbox 321 827 2089 882; baseline -0.002 -13"><span class='ocrx_word' id='word_1_73' title='bbox 321 832 508 882; x_wconf 86' lang='lat' dir='ltr'>gignatur</span> <span class='ocrx_word' id='word_1_74' title='bbox 534 842 610 868; x_wconf 90' lang='lat' dir='ltr'>nec</span> <span class='ocrx_word' id='word_1_75' title='bbox 640 841 832 880; x_wconf 88' lang='lat' dir='ltr'>umquam</span> <span class='ocrx_word' id='word_1_76' title='bbox 862 829 940 866; x_wconf 74' lang='lat' dir='ltr'>sit?</span> <span class='ocrx_word' id='word_1_77' title='bbox 969 829 1150 874; x_wconf 84' lang='lat' dir='ltr'>Quorum</span> <span class='ocrx_word' id='word_1_78' title='bbox 1178 828 1350 867; x_wconf 90' lang='lat' dir='ltr'>alterum</span> <span class='ocrx_word' id='word_1_79' title='bbox 1378 827 1654 877; x_wconf 83' lang='lat' dir='ltr'>intellegentia</span> <span class='ocrx_word' id='word_1_80' title='bbox 1676 833 1716 866; x_wconf 87' lang='lat' dir='ltr'>et</span> <span class='ocrx_word' id='word_1_81' title='bbox 1735 828 1890 867; x_wconf 89' lang='lat' dir='ltr'>ratione</span> <span class='ocrx_word' id='word_1_82' title='bbox 1912 840 2089 879; x_wconf 88' lang='lat' dir='ltr'>conpre-</span> 
     </span>
     <span class='ocr_line' id='line_1_12' title="bbox 323 890 2090 944; baseline -0.002 -12"><span class='ocrx_word' id='word_1_83' title='bbox 323 893 536 941; x_wconf 89' lang='lat' dir='ltr'>henditur,</span> <span class='ocrx_word' id='word_1_84' title='bbox 568 891 678 944; x_wconf 91' lang='lat' dir='ltr'>quod</span> <span class='ocrx_word' id='word_1_85' title='bbox 708 904 832 930; x_wconf 85' lang='lat' dir='ltr'>unum</span> <span class='ocrx_word' id='word_1_86' title='bbox 861 897 985 943; x_wconf 87' lang='lat' dir='ltr'>atque</span> <span class='ocrx_word' id='word_1_87' title='bbox 1013 891 1122 929; x_wconf 91' lang='lat' dir='ltr'>idem</span> <span class='ocrx_word' id='word_1_88' title='bbox 1151 903 1317 942; x_wconf 89' lang='lat' dir='ltr'>semper</span> <span class='ocrx_word' id='word_1_89' title='bbox 1349 897 1433 930; x_wconf 90' lang='lat' dir='ltr'>est:</span> <span class='ocrx_word' id='word_1_90' title='bbox 1466 891 1660 941; x_wconf 90' lang='lat' dir='ltr'>alterum,</span> <span class='ocrx_word' id='word_1_91' title='bbox 1701 891 1811 942; x_wconf 88' lang='lat' dir='ltr'>quod</span> <span class='ocrx_word' id='word_1_92' title='bbox 1840 890 1972 931; x_wconf 79' lang='lat' dir='ltr'>adfert</span> <span class='ocrx_word' id='word_1_93' title='bbox 1998 891 2090 942; x_wconf 92' lang='lat' dir='ltr'>opi-</span> 
     </span>
    </p>

    <p class='ocr_par' dir='ltr' id='par_1_6' title="bbox 272 954 2101 1883">
     <span class='ocr_line' id='line_1_13' title="bbox 273 954 2089 1006; baseline -0.002 -11"><span class='ocrx_word' id='word_1_94' title='bbox 273 958 486 995; x_wconf 66' lang='lat' dir='ltr'>ionionem</span> <span class='ocrx_word' id='word_1_95' title='bbox 514 968 662 995; x_wconf 91' lang='lat' dir='ltr'>sensus</span> <span class='ocrx_word' id='word_1_96' title='bbox 684 955 849 994; x_wconf 88' lang='lat' dir='ltr'>rationis</span> <span class='ocrx_word' id='word_1_97' title='bbox 870 967 1038 1006; x_wconf 73' lang='lat' dir='ltr'>expers,</span> <span class='ocrx_word' id='word_1_98' title='bbox 1072 954 1182 1005; x_wconf 90' lang='lat' dir='ltr'>quod</span> <span class='ocrx_word' id='word_1_99' title='bbox 1202 961 1329 993; x_wconf 89' lang='lat' dir='ltr'>totum</span> <span class='ocrx_word' id='word_1_100' title='bbox 1350 954 1556 1006; x_wconf 87' lang='lat' dir='ltr'>opinabile</span> <span class='ocrx_word' id='word_1_101' title='bbox 1578 960 1655 1004; x_wconf 91' lang='lat' dir='ltr'>est,</span> <span class='ocrx_word' id='word_1_102' title='bbox 1685 954 1725 993; x_wconf 92' lang='lat' dir='ltr'>id</span> <span class='ocrx_word' id='word_1_103' title='bbox 1753 955 1930 1005; x_wconf 86' lang='lat' dir='ltr'>gignitur</span> <span class='ocrx_word' id='word_1_104' title='bbox 1957 960 1997 993; x_wconf 88' lang='lat' dir='ltr'>et</span> <span class='ocrx_word' id='word_1_105' title='bbox 2024 955 2089 993; x_wconf 91' lang='lat' dir='ltr'>in-</span> 
     </span>
     <span class='ocr_line' id='line_1_14' title="bbox 322 1016 2090 1068; baseline -0.001 -11"><span class='ocrx_word' id='word_1_106' title='bbox 322 1020 415 1058; x_wconf 91' lang='lat' dir='ltr'>terit</span> <span class='ocrx_word' id='word_1_107' title='bbox 453 1031 529 1057; x_wconf 91' lang='lat' dir='ltr'>nec</span> <span class='ocrx_word' id='word_1_108' title='bbox 570 1030 765 1068; x_wconf 89' lang='lat' dir='ltr'>umquam</span> <span class='ocrx_word' id='word_1_109' title='bbox 807 1029 899 1057; x_wconf 90' lang='lat' dir='ltr'>esse</span> <span class='ocrx_word' id='word_1_110' title='bbox 933 1029 1030 1056; x_wconf 87' lang='lat' dir='ltr'>vere</span> <span class='ocrx_word' id='word_1_111' title='bbox 1068 1023 1216 1068; x_wconf 90' lang='lat' dir='ltr'>potest.</span> <span class='ocrx_word' id='word_1_112' title='bbox 1273 1018 1403 1056; x_wconf 89' lang='lat' dir='ltr'>Omne</span> <span class='ocrx_word' id='word_1_113' title='bbox 1443 1022 1599 1067; x_wconf 84' lang='lat' dir='ltr'>autem,</span> <span class='ocrx_word' id='word_1_114' title='bbox 1643 1016 1753 1068; x_wconf 91' lang='lat' dir='ltr'>quod</span> <span class='ocrx_word' id='word_1_115' title='bbox 1791 1017 1990 1067; x_wconf 86' lang='lat' dir='ltr'>gignitur,</span> <span class='ocrx_word' id='word_1_116' title='bbox 2039 1029 2090 1055; x_wconf 86' lang='lat' dir='ltr'>ex</span> 
     </span>
     <span class='ocr_line' id='line_1_15' title="bbox 321 1079 2088 1132; baseline -0.002 -12"><span class='ocrx_word' id='word_1_117' title='bbox 321 1081 456 1132; x_wconf 91' lang='lat' dir='ltr'>aliqua</span> <span class='ocrx_word' id='word_1_118' title='bbox 497 1092 620 1120; x_wconf 89' lang='lat' dir='ltr'>causa</span> <span class='ocrx_word' id='word_1_119' title='bbox 661 1081 768 1131; x_wconf 91' lang='lat' dir='ltr'>gigni</span> <span class='ocrx_word' id='word_1_120' title='bbox 810 1091 984 1118; x_wconf 90' lang='lat' dir='ltr'>necesse</span> <span class='ocrx_word' id='word_1_121' title='bbox 1026 1085 1106 1127; x_wconf 89' lang='lat' dir='ltr'>est;</span> <span class='ocrx_word' id='word_1_122' title='bbox 1150 1079 1299 1119; x_wconf 89' lang='lat' dir='ltr'>nullius</span> <span class='ocrx_word' id='word_1_123' title='bbox 1341 1081 1448 1118; x_wconf 87' lang='lat' dir='ltr'>enim</span> <span class='ocrx_word' id='word_1_124' title='bbox 1486 1080 1543 1118; x_wconf 92' lang='lat' dir='ltr'>rei</span> <span class='ocrx_word' id='word_1_125' title='bbox 1582 1091 1706 1118; x_wconf 87' lang='lat' dir='ltr'>causa</span> <span class='ocrx_word' id='word_1_126' title='bbox 1734 1085 1890 1119; x_wconf 86' lang='lat' dir='ltr'>remota</span> <span class='ocrx_word' id='word_1_127' title='bbox 1918 1079 2088 1130; x_wconf 87' lang='lat' dir='ltr'>reperiri</span> 
     </span>
     <span class='ocr_line' id='line_1_16' title="bbox 321 1141 2087 1195; baseline -0.001 -12"><span class='ocrx_word' id='word_1_128' title='bbox 321 1145 431 1195; x_wconf 87' lang='lat' dir='ltr'>origo</span> <span class='ocrx_word' id='word_1_129' title='bbox 459 1148 606 1195; x_wconf 90' lang='lat' dir='ltr'>potest.</span> <span class='ocrx_word' id='word_1_130' title='bbox 663 1143 862 1190; x_wconf 85' lang='lat' dir='ltr'>Quocirca</span> <span class='ocrx_word' id='word_1_131' title='bbox 890 1144 923 1181; x_wconf 90' lang='lat' dir='ltr'>si</span> <span class='ocrx_word' id='word_1_132' title='bbox 948 1143 1003 1191; x_wconf 90' lang='lat' dir='ltr'>is,</span> <span class='ocrx_word' id='word_1_133' title='bbox 1033 1143 1101 1193; x_wconf 91' lang='lat' dir='ltr'>qui</span> <span class='ocrx_word' id='word_1_134' title='bbox 1121 1141 1286 1194; x_wconf 82' lang='lat' dir='ltr'>aliquod</span> <span class='ocrx_word' id='word_1_135' title='bbox 1306 1155 1454 1182; x_wconf 90' lang='lat' dir='ltr'>munus</span> <span class='ocrx_word' id='word_1_136' title='bbox 1475 1143 1638 1181; x_wconf 85' lang='lat' dir='ltr'>efficere</span> <span class='ocrx_word' id='word_1_137' title='bbox 1658 1142 1844 1191; x_wconf 88' lang='lat' dir='ltr'>molitur,</span> <span class='ocrx_word' id='word_1_138' title='bbox 1875 1155 1966 1182; x_wconf 88' lang='lat' dir='ltr'>eam</span> <span class='ocrx_word' id='word_1_139' title='bbox 1986 1154 2087 1194; x_wconf 91' lang='lat' dir='ltr'>spe-</span> 
     </span>
     <span class='ocr_line' id='line_1_17' title="bbox 322 1204 2090 1257; baseline -0.001 -12"><span class='ocrx_word' id='word_1_140' title='bbox 322 1208 448 1256; x_wconf 91' lang='lat' dir='ltr'>ciem,</span> <span class='ocrx_word' id='word_1_141' title='bbox 483 1218 588 1257; x_wconf 90' lang='lat' dir='ltr'>quae</span> <span class='ocrx_word' id='word_1_142' title='bbox 625 1217 790 1256; x_wconf 90' lang='lat' dir='ltr'>semper</span> <span class='ocrx_word' id='word_1_143' title='bbox 832 1204 977 1244; x_wconf 89' lang='lat' dir='ltr'>eadem</span> <span class='ocrx_word' id='word_1_144' title='bbox 1006 1211 1090 1255; x_wconf 90' lang='lat' dir='ltr'>est,</span> <span class='ocrx_word' id='word_1_145' title='bbox 1134 1205 1358 1244; x_wconf 87' lang='lat' dir='ltr'>intuebitur</span> <span class='ocrx_word' id='word_1_146' title='bbox 1384 1211 1508 1257; x_wconf 89' lang='lat' dir='ltr'>atque</span> <span class='ocrx_word' id='word_1_147' title='bbox 1537 1205 1578 1244; x_wconf 92' lang='lat' dir='ltr'>id</span> <span class='ocrx_word' id='word_1_148' title='bbox 1607 1205 1684 1244; x_wconf 91' lang='lat' dir='ltr'>sibi</span> <span class='ocrx_word' id='word_1_149' title='bbox 1714 1211 1918 1257; x_wconf 90' lang='lat' dir='ltr'>proponet</span> <span class='ocrx_word' id='word_1_150' title='bbox 1946 1217 2090 1243; x_wconf 81' lang='lat' dir='ltr'>exem-</span> 
     </span>
     <span class='ocr_line' id='line_1_18' title="bbox 272 1267 2089 1321; baseline -0.001 -14"><span class='ocrx_word' id='word_1_151' title='bbox 272 1270 432 1321; x_wconf 76' lang='lat' dir='ltr'>⁴5plar,</span> <span class='ocrx_word' id='word_1_152' title='bbox 462 1267 719 1320; x_wconf 87' lang='lat' dir='ltr'>praeclarum</span> <span class='ocrx_word' id='word_1_153' title='bbox 748 1280 851 1319; x_wconf 89' lang='lat' dir='ltr'>opus</span> <span class='ocrx_word' id='word_1_154' title='bbox 882 1268 1029 1306; x_wconf 86' lang='lat' dir='ltr'>efficiat</span> <span class='ocrx_word' id='word_1_155' title='bbox 1056 1280 1230 1306; x_wconf 89' lang='lat' dir='ltr'>necesse</span> <span class='ocrx_word' id='word_1_156' title='bbox 1260 1273 1338 1306; x_wconf 89' lang='lat' dir='ltr'>est:</span> <span class='ocrx_word' id='word_1_157' title='bbox 1371 1268 1434 1306; x_wconf 91' lang='lat' dir='ltr'>sin</span> <span class='ocrx_word' id='word_1_158' title='bbox 1461 1274 1598 1307; x_wconf 90' lang='lat' dir='ltr'>autem</span> <span class='ocrx_word' id='word_1_159' title='bbox 1628 1280 1742 1317; x_wconf 91' lang='lat' dir='ltr'>eam,</span> <span class='ocrx_word' id='word_1_160' title='bbox 1773 1279 1880 1318; x_wconf 89' lang='lat' dir='ltr'>quae</span> <span class='ocrx_word' id='word_1_161' title='bbox 1899 1268 2089 1318; x_wconf 85' lang='lat' dir='ltr'>gignitur,</span> 
     </span>
     <span class='ocr_line' id='line_1_19' title="bbox 322 1330 2091 1383; baseline -0.002 -12"><span class='ocrx_word' id='word_1_162' title='bbox 322 1343 546 1383; x_wconf 89' lang='lat' dir='ltr'>numquam</span> <span class='ocrx_word' id='word_1_163' title='bbox 581 1330 714 1379; x_wconf 88' lang='lat' dir='ltr'>illam,</span> <span class='ocrx_word' id='word_1_164' title='bbox 753 1342 876 1381; x_wconf 89' lang='lat' dir='ltr'>quam</span> <span class='ocrx_word' id='word_1_165' title='bbox 905 1336 1092 1382; x_wconf 77' lang='lat' dir='ltr'>expetet,</span> <span class='ocrx_word' id='word_1_166' title='bbox 1131 1330 1475 1382; x_wconf 85' lang='lat' dir='ltr'>pulchritudinem</span> <span class='ocrx_word' id='word_1_167' title='bbox 1505 1337 1798 1382; x_wconf 84' lang='lat' dir='ltr'>consequetur.</span> <span class='ocrx_word' id='word_1_168' title='bbox 1855 1330 1986 1369; x_wconf 90' lang='lat' dir='ltr'>Omne</span> <span class='ocrx_word' id='word_1_169' title='bbox 2013 1330 2091 1381; x_wconf 90' lang='lat' dir='ltr'>igi-</span> 
     </span>
     <span class='ocr_line' id='line_1_20' title="bbox 323 1392 2101 1444; baseline -0.002 -10"><span class='ocrx_word' id='word_1_170' title='bbox 323 1401 388 1434; x_wconf 87' lang='lat' dir='ltr'>tur</span> <span class='ocrx_word' id='word_1_171' title='bbox 414 1393 570 1434; x_wconf 90' lang='lat' dir='ltr'>caelum</span> <span class='ocrx_word' id='word_1_172' title='bbox 603 1417 646 1422; x_wconf 96' lang='lat'>—</span> <span class='ocrx_word' id='word_1_173' title='bbox 675 1394 761 1432; x_wconf 73' lang='lat' dir='ltr'>sive</span> <span class='ocrx_word' id='word_1_174' title='bbox 789 1392 966 1431; x_wconf 89' lang='lat' dir='ltr'>mundus</span> <span class='ocrx_word' id='word_1_175' title='bbox 988 1394 1073 1431; x_wconf 78' lang='lat' dir='ltr'>sive</span> <span class='ocrx_word' id='word_1_176' title='bbox 1094 1405 1174 1444; x_wconf 90' lang='lat' dir='ltr'>quo</span> <span class='ocrx_word' id='word_1_177' title='bbox 1197 1392 1274 1432; x_wconf 87' lang='lat' dir='ltr'>alio</span> <span class='ocrx_word' id='word_1_178' title='bbox 1294 1392 1493 1432; x_wconf 81' lang='lat' dir='ltr'>vocabulo</span> <span class='ocrx_word' id='word_1_179' title='bbox 1514 1393 1679 1444; x_wconf 86' lang='lat' dir='ltr'>gaudet,</span> <span class='ocrx_word' id='word_1_180' title='bbox 1701 1393 1777 1432; x_wconf 91' lang='lat' dir='ltr'>hoc</span> <span class='ocrx_word' id='word_1_181' title='bbox 1799 1406 1821 1432; x_wconf 90' lang='lat' dir='ltr'>a</span> <span class='ocrx_word' id='word_1_182' title='bbox 1841 1393 1960 1432; x_wconf 91' lang='lat' dir='ltr'>nobis</span> <span class='ocrx_word' id='word_1_183' title='bbox 1981 1405 2101 1439; x_wconf 74' lang='lat' dir='ltr'>nun—‚</span> 
     </span>
     <span class='ocr_line' id='line_1_21' title="bbox 324 1454 2091 1509; baseline -0.002 -13"><span class='ocrx_word' id='word_1_184' title='bbox 324 1463 497 1509; x_wconf 87' lang='lat' dir='ltr'>cupatus</span> <span class='ocrx_word' id='word_1_185' title='bbox 526 1457 577 1495; x_wconf 92' lang='lat' dir='ltr'>sit</span> <span class='ocrx_word' id='word_1_186' title='bbox 597 1469 664 1494; x_wconf 89' lang='lat'>—-:</span> <span class='ocrx_word' id='word_1_187' title='bbox 692 1454 743 1493; x_wconf 77' lang='lat' dir='ltr'>(le</span> <span class='ocrx_word' id='word_1_188' title='bbox 778 1467 859 1506; x_wconf 88' lang='lat' dir='ltr'>quo</span> <span class='ocrx_word' id='word_1_189' title='bbox 879 1454 920 1493; x_wconf 86' lang='lat' dir='ltr'>1d</span> <span class='ocrx_word' id='word_1_190' title='bbox 940 1455 1116 1506; x_wconf 83' lang='lat' dir='ltr'>primuni</span> <span class='ocrx_word' id='word_1_191' title='bbox 1138 1454 1461 1505; x_wconf 82' lang='lat' dir='ltr'>consideremus,</span> <span class='ocrx_word' id='word_1_192' title='bbox 1485 1455 1596 1507; x_wconf 87' lang='lat' dir='ltr'>quod</span> <span class='ocrx_word' id='word_1_193' title='bbox 1621 1457 1819 1508; x_wconf 92' lang='lat' dir='ltr'>principio</span> <span class='ocrx_word' id='word_1_194' title='bbox 1841 1456 1959 1495; x_wconf 88' lang='lat' dir='ltr'>estin</span> <span class='ocrx_word' id='word_1_195' title='bbox 1983 1456 2091 1494; x_wconf 90' lang='lat' dir='ltr'>omni</span> 
     </span>
     <span class='ocr_line' id='line_1_22' title="bbox 324 1517 2089 1571; baseline -0.001 -13"><span class='ocrx_word' id='word_1_196' title='bbox 324 1520 564 1571; x_wconf 86' lang='lat' dir='ltr'>quaestione</span> <span class='ocrx_word' id='word_1_197' title='bbox 593 1518 962 1567; x_wconf 83' lang='lat' dir='ltr'>considerandum,</span> <span class='ocrx_word' id='word_1_198' title='bbox 992 1529 1211 1568; x_wconf 90' lang='lat' dir='ltr'>semperne</span> <span class='ocrx_word' id='word_1_199' title='bbox 1240 1518 1381 1566; x_wconf 86' lang='lat' dir='ltr'>suerit,</span> <span class='ocrx_word' id='word_1_200' title='bbox 1411 1517 1520 1556; x_wconf 91' lang='lat' dir='ltr'>nullo</span> <span class='ocrx_word' id='word_1_201' title='bbox 1548 1524 1770 1569; x_wconf 89' lang='lat' dir='ltr'>generatus</span> <span class='ocrx_word' id='word_1_202' title='bbox 1799 1524 1912 1567; x_wconf 88' lang='lat' dir='ltr'>ortu,</span> <span class='ocrx_word' id='word_1_203' title='bbox 1942 1531 1993 1557; x_wconf 91' lang='lat' dir='ltr'>an</span> <span class='ocrx_word' id='word_1_204' title='bbox 2020 1531 2089 1556; x_wconf 90' lang='lat' dir='ltr'>or-</span> 
     </span>
     <span class='ocr_line' id='line_1_23' title="bbox 273 1579 2089 1631; baseline -0.002 -10"><span class='ocrx_word' id='word_1_205' title='bbox 273 1588 308 1616; x_wconf 69' lang='grc' dir='ltr'>ΞΟ</span> <span class='ocrx_word' id='word_1_206' title='bbox 325 1589 387 1621; x_wconf 88' lang='lat' dir='ltr'>tus</span> <span class='ocrx_word' id='word_1_207' title='bbox 417 1583 466 1620; x_wconf 91' lang='lat' dir='ltr'>sit</span> <span class='ocrx_word' id='word_1_208' title='bbox 493 1581 543 1621; x_wconf 90' lang='lat' dir='ltr'>ab</span> <span class='ocrx_word' id='word_1_209' title='bbox 567 1580 702 1631; x_wconf 88' lang='lat' dir='ltr'>aliquo</span> <span class='ocrx_word' id='word_1_210' title='bbox 732 1581 928 1631; x_wconf 88' lang='lat' dir='ltr'>temporis</span> <span class='ocrx_word' id='word_1_211' title='bbox 956 1581 1199 1631; x_wconf 87' lang='lat' dir='ltr'>principatu.</span> <span class='ocrx_word' id='word_1_212' title='bbox 1257 1580 1380 1618; x_wconf 87' lang='lat' dir='ltr'>Ortus</span> <span class='ocrx_word' id='word_1_213' title='bbox 1410 1586 1492 1629; x_wconf 91' lang='lat' dir='ltr'>est,</span> <span class='ocrx_word' id='word_1_214' title='bbox 1525 1579 1690 1631; x_wconf 87' lang='lat' dir='ltr'>quando</span> <span class='ocrx_word' id='word_1_215' title='bbox 1719 1579 1885 1631; x_wconf 88' lang='lat' dir='ltr'>quidem</span> <span class='ocrx_word' id='word_1_216' title='bbox 1908 1580 2089 1619; x_wconf 88' lang='lat' dir='ltr'>cernitur</span> 
     </span>
     <span class='ocr_line' id='line_1_24' title="bbox 325 1641 2086 1694; baseline -0.002 -10"><span class='ocrx_word' id='word_1_217' title='bbox 325 1652 364 1684; x_wconf 95' lang='lat' dir='ltr'>et</span> <span class='ocrx_word' id='word_1_218' title='bbox 392 1645 566 1694; x_wconf 82' lang='lat' dir='ltr'>tangitur</span> <span class='ocrx_word' id='word_1_219' title='bbox 593 1649 633 1681; x_wconf 91' lang='lat' dir='ltr'>et</span> <span class='ocrx_word' id='word_1_220' title='bbox 661 1648 723 1681; x_wconf 89' lang='lat' dir='ltr'>est</span> <span class='ocrx_word' id='word_1_221' title='bbox 752 1641 932 1693; x_wconf 85' lang='lat' dir='ltr'>undique</span> <span class='ocrx_word' id='word_1_222' title='bbox 961 1648 1224 1693; x_wconf 75' lang='lat' dir='ltr'>corporatus,</span> <span class='ocrx_word' id='word_1_223' title='bbox 1265 1643 1398 1681; x_wconf 91' lang='lat' dir='ltr'>omnia</span> <span class='ocrx_word' id='word_1_224' title='bbox 1426 1648 1561 1682; x_wconf 91' lang='lat' dir='ltr'>autem</span> <span class='ocrx_word' id='word_1_225' title='bbox 1590 1642 1684 1682; x_wconf 90' lang='lat' dir='ltr'>talia</span> <span class='ocrx_word' id='word_1_226' title='bbox 1712 1654 1880 1682; x_wconf 90' lang='lat' dir='ltr'>sensum</span> <span class='ocrx_word' id='word_1_227' title='bbox 1908 1648 2086 1690; x_wconf 89' lang='lat' dir='ltr'>movent,</span> 
     </span>
     <span class='ocr_line' id='line_1_25' title="bbox 323 1704 2085 1758; baseline -0.002 -11"><span class='ocrx_word' id='word_1_228' title='bbox 323 1719 554 1758; x_wconf 86' lang='lat' dir='ltr'>sensusque</span> <span class='ocrx_word' id='word_1_229' title='bbox 584 1706 785 1744; x_wconf 70' lang='lat' dir='ltr'>moventia</span> <span class='ocrx_word' id='word_1_230' title='bbox 813 1717 919 1756; x_wconf 89' lang='lat' dir='ltr'>quae</span> <span class='ocrx_word' id='word_1_231' title='bbox 949 1711 1066 1755; x_wconf 91' lang='lat' dir='ltr'>sunt,</span> <span class='ocrx_word' id='word_1_232' title='bbox 1098 1704 1242 1744; x_wconf 89' lang='lat' dir='ltr'>eadem</span> <span class='ocrx_word' id='word_1_233' title='bbox 1271 1706 1310 1743; x_wconf 90' lang='lat' dir='ltr'>in</span> <span class='ocrx_word' id='word_1_234' title='bbox 1331 1706 1562 1756; x_wconf 82' lang='lat' dir='ltr'>opinatione</span> <span class='ocrx_word' id='word_1_235' title='bbox 1592 1705 1830 1751; x_wconf 82' lang='lat' dir='ltr'>considunt,</span> <span class='ocrx_word' id='word_1_236' title='bbox 1874 1717 1980 1757; x_wconf 91' lang='lat' dir='ltr'>quae</span> <span class='ocrx_word' id='word_1_237' title='bbox 2016 1717 2085 1743; x_wconf 87' lang='lat'>01·-</span> 
     </span>
     <span class='ocr_line' id='line_1_26' title="bbox 323 1767 2087 1820; baseline -0.003 -11"><span class='ocrx_word' id='word_1_238' title='bbox 323 1777 408 1809; x_wconf 85' lang='lat' dir='ltr'>tum</span> <span class='ocrx_word' id='word_1_239' title='bbox 434 1769 588 1809; x_wconf 88' lang='lat' dir='ltr'>habere</span> <span class='ocrx_word' id='word_1_240' title='bbox 617 1768 809 1819; x_wconf 87' lang='lat' dir='ltr'>gignique</span> <span class='ocrx_word' id='word_1_241' title='bbox 839 1767 1037 1814; x_wconf 77' lang='lat' dir='ltr'>diximus,</span> <span class='ocrx_word' id='word_1_242' title='bbox 1068 1767 1163 1806; x_wconf 90' lang='lat' dir='ltr'>nihil</span> <span class='ocrx_word' id='word_1_243' title='bbox 1192 1774 1327 1806; x_wconf 86' lang='lat' dir='ltr'>autem</span> <span class='ocrx_word' id='word_1_244' title='bbox 1356 1769 1461 1819; x_wconf 88' lang='lat' dir='ltr'>gigni</span> <span class='ocrx_word' id='word_1_245' title='bbox 1489 1781 1614 1820; x_wconf 90' lang='lat' dir='ltr'>posse</span> <span class='ocrx_word' id='word_1_246' title='bbox 1643 1769 1731 1807; x_wconf 87' lang='lat' dir='ltr'>sine</span> <span class='ocrx_word' id='word_1_247' title='bbox 1759 1769 1895 1807; x_wconf 91' lang='lat' dir='ltr'>causis</span> <span class='ocrx_word' id='word_1_248' title='bbox 1953 1769 2087 1817; x_wconf 90' lang='lat' dir='ltr'>Atque</span> 
     </span>
     <span class='ocr_line' id='line_1_27' title="bbox 323 1830 2087 1883; baseline -0.002 -12"><span class='ocrx_word' id='word_1_249' title='bbox 323 1832 434 1872; x_wconf 89' lang='lat' dir='ltr'>illum</span> <span class='ocrx_word' id='word_1_250' title='bbox 465 1831 632 1883; x_wconf 83' lang='lat' dir='ltr'>quidem</span> <span class='ocrx_word' id='word_1_251' title='bbox 661 1831 776 1881; x_wconf 86' lang='lat' dir='ltr'>quasi</span> <span class='ocrx_word' id='word_1_252' title='bbox 806 1837 1018 1882; x_wconf 90' lang='lat' dir='ltr'>parentem</span> <span class='ocrx_word' id='word_1_253' title='bbox 1047 1832 1165 1870; x_wconf 88' lang='lat' dir='ltr'>huius</span> <span class='ocrx_word' id='word_1_254' title='bbox 1194 1832 1469 1870; x_wconf 76' lang='lat' dir='ltr'>universitatis</span> <span class='ocrx_word' id='word_1_255' title='bbox 1496 1831 1681 1870; x_wconf 75' lang='lat' dir='ltr'>invenire</span> <span class='ocrx_word' id='word_1_256' title='bbox 1710 1830 1872 1870; x_wconf 86' lang='lat' dir='ltr'>difficile</span> <span class='ocrx_word' id='word_1_257' title='bbox 1901 1836 1960 1880; x_wconf 80' lang='lat' dir='ltr'>et,</span> <span class='ocrx_word' id='word_1_258' title='bbox 1996 1842 2087 1869; x_wconf 91' lang='lat' dir='ltr'>cum</span> 
     </span>
    </p>
   </div>
   <div class='ocr_carea' id='block_1_6' title="bbox 273 2099 2092 2744">
    <p class='ocr_par' dir='ltr' id='par_1_7' title="bbox 323 2099 2089 2491">
     <span class='ocr_line' id='line_1_28' title="bbox 410 2099 2086 2140; baseline -0.002 -6"><span class='ocrx_word' id='word_1_259' title='bbox 410 2106 441 2134; x_wconf 83' lang='grc'>4.</span> <span class='ocrx_word' id='word_1_260' title='bbox 480 2105 653 2134; x_wconf 83' lang='lat' dir='ltr'>reuocaret</span> <span class='ocrx_word' id='word_1_261' title='bbox 683 2102 707 2132; x_wconf 94' lang='lat' dir='ltr'>G</span> <span class='ocrx_word' id='word_1_262' title='bbox 742 2117 775 2122; x_wconf 90' lang='lat'>—</span> <span class='ocrx_word' id='word_1_263' title='bbox 811 2100 841 2131; x_wconf 75' lang='lat'>2.</span> <span class='ocrx_word' id='word_1_264' title='bbox 876 2099 1098 2140; x_wconf 71' lang='lat' dir='ltr'>proficiscente</span> <span class='ocrx_word' id='word_1_265' title='bbox 1133 2101 1243 2132; x_wconf 81' lang='lat' dir='ltr'>ABG</span> <span class='ocrx_word' id='word_1_266' title='bbox 1284 2118 1318 2122; x_wconf 98' lang='lat'><strong>—</strong></span> <span class='ocrx_word' id='word_1_267' title='bbox 1356 2101 1432 2140; x_wconf 76' lang='lat' dir='ltr'>esest</span> <span class='ocrx_word' id='word_1_268' title='bbox 1455 2103 1479 2132; x_wconf 85' lang='lat' dir='ltr'>A</span> <span class='ocrx_word' id='word_1_269' title='bbox 1499 2102 1524 2131; x_wconf 89' lang='lat' dir='ltr'><strong>G</strong></span> <span class='ocrx_word' id='word_1_270' title='bbox 1561 2117 1596 2122; x_wconf 92' lang='lat'>—</span> <span class='ocrx_word' id='word_1_271' title='bbox 1636 2099 1870 2140; x_wconf 77' lang='lat' dir='ltr'>eoepectavisset</span> <span class='ocrx_word' id='word_1_272' title='bbox 1904 2100 1970 2132; x_wconf 93' lang='lat' dir='ltr'>EG</span> <span class='ocrx_word' id='word_1_273' title='bbox 1991 2100 2016 2131; x_wconf 94' lang='lat' dir='ltr'>V</span> <span class='ocrx_word' id='word_1_274' title='bbox 2051 2117 2086 2122; x_wconf 97' lang='lat'>—</span> 
     </span>
     <span class='ocr_line' id='line_1_29' title="bbox 323 2147 2086 2189; baseline -0.003 -4"><span class='ocrx_word' id='word_1_275' title='bbox 323 2154 354 2186; x_wconf 67' lang='lat'>²2.</span> <span class='ocrx_word' id='word_1_276' title='bbox 382 2163 476 2185; x_wconf 84' lang='lat' dir='ltr'>roma</span> <span class='ocrx_word' id='word_1_277' title='bbox 499 2156 525 2184; x_wconf 80' lang='lat' dir='ltr'>A</span> <span class='ocrx_word' id='word_1_278' title='bbox 545 2153 567 2184; x_wconf 87' lang='lat' dir='ltr'>E</span> <span class='ocrx_word' id='word_1_279' title='bbox 586 2154 609 2183; x_wconf 88' lang='lat' dir='ltr'>G</span> <span class='ocrx_word' id='word_1_280' title='bbox 629 2152 653 2182; x_wconf 89' lang='lat' dir='ltr'>V</span> <span class='ocrx_word' id='word_1_281' title='bbox 683 2169 715 2173; x_wconf 89' lang='lat'>—-</span> <span class='ocrx_word' id='word_1_282' title='bbox 751 2151 782 2182; x_wconf 88' lang='lat'>3.</span> <span class='ocrx_word' id='word_1_283' title='bbox 808 2151 960 2182; x_wconf 83' lang='lat' dir='ltr'>decedens</span> <span class='ocrx_word' id='word_1_284' title='bbox 984 2147 1041 2181; x_wconf 52' lang='lat'>5⁷²:</span> <span class='ocrx_word' id='word_1_285' title='bbox 1077 2151 1245 2182; x_wconf 79' lang='lat' dir='ltr'>descedens</span> <span class='ocrx_word' id='word_1_286' title='bbox 1269 2150 1324 2189; x_wconf 56' lang='lat'>5⁷¹,</span> <span class='ocrx_word' id='word_1_287' title='bbox 1352 2151 1542 2182; x_wconf 81' lang='lat' dir='ltr'>descendens</span> <span class='ocrx_word' id='word_1_288' title='bbox 1566 2150 1693 2181; x_wconf 86' lang='lat' dir='ltr'>ABEG</span> <span class='ocrx_word' id='word_1_289' title='bbox 1714 2167 1748 2171; x_wconf 97' lang='lat'><strong>—</strong></span> <span class='ocrx_word' id='word_1_290' title='bbox 1771 2150 1973 2189; x_wconf 77' lang='lat' dir='ltr'>uenissetque</span> <span class='ocrx_word' id='word_1_291' title='bbox 1996 2157 2086 2180; x_wconf 87' lang='lat' dir='ltr'>corr.</span> 
     </span>
     <span class='ocr_line' id='line_1_30' title="bbox 324 2198 2086 2240; baseline -0.002 -6"><span class='ocrx_word' id='word_1_292' title='bbox 324 2212 365 2234; x_wconf 87' lang='lat' dir='ltr'>ex</span> <span class='ocrx_word' id='word_1_293' title='bbox 397 2203 523 2233; x_wconf 81' lang='lat' dir='ltr'>uenisse</span> <span class='ocrx_word' id='word_1_294' title='bbox 553 2210 637 2240; x_wconf 82' lang='lat' dir='ltr'>quae</span> <span class='ocrx_word' id='word_1_295' title='bbox 668 2202 711 2234; x_wconf 79' lang='lat' dir='ltr'>B:</span> <span class='ocrx_word' id='word_1_296' title='bbox 745 2202 883 2232; x_wconf 84' lang='lat' dir='ltr'>uenisset</span> <span class='ocrx_word' id='word_1_297' title='bbox 913 2201 999 2240; x_wconf 75' lang='lat' dir='ltr'>quod</span> <span class='ocrx_word' id='word_1_298' title='bbox 1035 2202 1059 2232; x_wconf 89' lang='lat' dir='ltr'>G</span> <span class='ocrx_word' id='word_1_299' title='bbox 1099 2219 1131 2223; x_wconf 89' lang='lat'>—</span> <span class='ocrx_word' id='word_1_300' title='bbox 1169 2201 1335 2240; x_wconf 73' lang='lat' dir='ltr'>Mytilenis</span> <span class='ocrx_word' id='word_1_301' title='bbox 1367 2202 1410 2232; x_wconf 88' lang='lat' dir='ltr'>G:</span> <span class='ocrx_word' id='word_1_302' title='bbox 1447 2200 1619 2239; x_wconf 75' lang='lat' dir='ltr'>mytylenis</span> <span class='ocrx_word' id='word_1_303' title='bbox 1649 2200 1672 2231; x_wconf 93' lang='lat' dir='ltr'>B</span> <span class='ocrx_word' id='word_1_304' title='bbox 1692 2200 1735 2238; x_wconf 85' lang='lat' dir='ltr'>V,</span> <span class='ocrx_word' id='word_1_305' title='bbox 1772 2199 1926 2230; x_wconf 79' lang='lat' dir='ltr'>mitilenis</span> <span class='ocrx_word' id='word_1_306' title='bbox 1955 2200 1979 2230; x_wconf 84' lang='lat' dir='ltr'>A</span> <span class='ocrx_word' id='word_1_307' title='bbox 1999 2198 2023 2230; x_wconf 80' lang='lat' dir='ltr'>E</span> <span class='ocrx_word' id='word_1_308' title='bbox 2051 2215 2086 2221; x_wconf 88' lang='lat'>—</span> 
     </span>
     <span class='ocr_line' id='line_1_31' title="bbox 323 2249 2088 2291; baseline -0.002 -8"><span class='ocrx_word' id='word_1_309' title='bbox 323 2253 386 2284; x_wconf 86' lang='lat' dir='ltr'>mei</span> <span class='ocrx_word' id='word_1_310' title='bbox 410 2253 494 2283; x_wconf 69' lang='lat' dir='ltr'>GV:</span> <span class='ocrx_word' id='word_1_311' title='bbox 531 2261 580 2283; x_wconf 82' lang='lat' dir='ltr'>me</span> <span class='ocrx_word' id='word_1_312' title='bbox 617 2252 727 2291; x_wconf 71' lang='lat' dir='ltr'>(erasa</span> <span class='ocrx_word' id='word_1_313' title='bbox 760 2251 791 2282; x_wconf 91' lang='lat' dir='ltr'>in</span> <span class='ocrx_word' id='word_1_314' title='bbox 829 2250 896 2281; x_wconf 84' lang='lat' dir='ltr'>fine</span> <span class='ocrx_word' id='word_1_315' title='bbox 934 2249 1056 2288; x_wconf 79' lang='lat' dir='ltr'>littera)</span> <span class='ocrx_word' id='word_1_316' title='bbox 1093 2252 1117 2281; x_wconf 84' lang='grc' dir='ltr'>Α</span> <span class='ocrx_word' id='word_1_317' title='bbox 1155 2252 1188 2282; x_wconf 86' lang='lat' dir='ltr'>et</span> <span class='ocrx_word' id='word_1_318' title='bbox 1225 2251 1309 2286; x_wconf 82' lang='lat' dir='ltr'>(sine</span> <span class='ocrx_word' id='word_1_319' title='bbox 1345 2252 1475 2288; x_wconf 84' lang='lat' dir='ltr'>rasura)</span> <span class='ocrx_word' id='word_1_320' title='bbox 1510 2250 1532 2280; x_wconf 89' lang='lat' dir='ltr'>B</span> <span class='ocrx_word' id='word_1_321' title='bbox 1553 2250 1576 2281; x_wconf 87' lang='lat' dir='ltr'>E</span> <span class='ocrx_word' id='word_1_322' title='bbox 1604 2267 1639 2271; x_wconf 92' lang='lat'>—</span> <span class='ocrx_word' id='word_1_323' title='bbox 1679 2249 1710 2281; x_wconf 77' lang='lat' dir='ltr'>li.</span> <span class='ocrx_word' id='word_1_324' title='bbox 1737 2250 1906 2289; x_wconf 74' lang='lat' dir='ltr'>cratippus</span> <span class='ocrx_word' id='word_1_325' title='bbox 1929 2257 2019 2280; x_wconf 85' lang='lat' dir='ltr'>corr.</span> <span class='ocrx_word' id='word_1_326' title='bbox 2046 2256 2088 2279; x_wconf 82' lang='lat' dir='ltr'>ex</span> 
     </span>
     <span class='ocr_line' id='line_1_32' title="bbox 323 2297 2086 2343; baseline -0.003 -9"><span class='ocrx_word' id='word_1_327' title='bbox 323 2304 497 2343; x_wconf 57' lang='lat' dir='ltr'>gratimus</span> <span class='ocrx_word' id='word_1_328' title='bbox 521 2302 594 2341; x_wconf 78' lang='lat' dir='ltr'>BV,</span> <span class='ocrx_word' id='word_1_329' title='bbox 621 2304 799 2340; x_wconf 80' lang='lat' dir='ltr'>cratyppus</span> <span class='ocrx_word' id='word_1_330' title='bbox 822 2302 866 2337; x_wconf 72' lang='lat' dir='ltr'>A,</span> <span class='ocrx_word' id='word_1_331' title='bbox 902 2301 1051 2339; x_wconf 81' lang='lat' dir='ltr'>cratipus</span> <span class='ocrx_word' id='word_1_332' title='bbox 1075 2301 1119 2337; x_wconf 80' lang='lat' dir='ltr'>G;</span> <span class='ocrx_word' id='word_1_333' title='bbox 1149 2299 1307 2331; x_wconf 84' lang='lat' dir='ltr'>similiter</span> <span class='ocrx_word' id='word_1_334' title='bbox 1330 2309 1362 2332; x_wconf 92' lang='lat' dir='ltr'>v.</span> <span class='ocrx_word' id='word_1_335' title='bbox 1389 2301 1419 2334; x_wconf 81' lang='grc'>5.</span> <span class='ocrx_word' id='word_1_336' title='bbox 1462 2317 1496 2322; x_wconf 90' lang='grc'><strong>-</strong></span> <span class='ocrx_word' id='word_1_337' title='bbox 1521 2301 1671 2340; x_wconf 84' lang='lat' dir='ltr'>peripate</span> <span class='ocrx_word' id='word_1_338' title='bbox 1694 2299 1721 2331; x_wconf 91' lang='lat' dir='ltr'>V</span> <span class='ocrx_word' id='word_1_339' title='bbox 1754 2298 1920 2340; x_wconf 85' lang='lat' dir='ltr'>(reliquae</span> <span class='ocrx_word' id='word_1_340' title='bbox 1952 2297 2086 2330; x_wconf 85' lang='lat' dir='ltr'>litterae</span> 
     </span>
     <span class='ocr_line' id='line_1_33' title="bbox 325 2348 2088 2391; baseline -0.004 -7"><span class='ocrx_word' id='word_1_341' title='bbox 325 2361 446 2384; x_wconf 85' lang='lat' dir='ltr'>erasae</span> <span class='ocrx_word' id='word_1_342' title='bbox 471 2356 551 2384; x_wconf 86' lang='lat' dir='ltr'>sunt</span> <span class='ocrx_word' id='word_1_343' title='bbox 576 2354 610 2383; x_wconf 90' lang='lat' dir='ltr'>et</span> <span class='ocrx_word' id='word_1_344' title='bbox 633 2359 811 2391; x_wconf 73' lang='lat' dir='ltr'>sapei-scr.</span> <span class='ocrx_word' id='word_1_345' title='bbox 838 2359 883 2382; x_wconf 83' lang='lat' dir='ltr'>ni.</span> <span class='ocrx_word' id='word_1_346' title='bbox 910 2352 1030 2381; x_wconf 71' lang='lat' dir='ltr'>vetere</span> <span class='ocrx_word' id='word_1_347' title='bbox 1055 2349 1208 2389; x_wconf 81' lang='lat' dir='ltr'>ticorum)</span> <span class='ocrx_word' id='word_1_348' title='bbox 1236 2367 1269 2372; x_wconf 92' lang='lat'>-—</span> <span class='ocrx_word' id='word_1_349' title='bbox 1297 2351 1328 2382; x_wconf 79' lang='grc' dir='ltr'>ὅ.</span> <span class='ocrx_word' id='word_1_350' title='bbox 1354 2351 1493 2390; x_wconf 68' lang='lat' dir='ltr'>cognovi</span> <span class='ocrx_word' id='word_1_351' title='bbox 1515 2351 1703 2390; x_wconf 81' lang='lat' dir='ltr'>cratippurn</span> <span class='ocrx_word' id='word_1_352' title='bbox 1728 2350 1752 2381; x_wconf 95' lang='lat' dir='ltr'>C</span> <span class='ocrx_word' id='word_1_353' title='bbox 1771 2350 1795 2381; x_wconf 91' lang='lat' dir='ltr'>E</span> <span class='ocrx_word' id='word_1_354' title='bbox 1816 2351 1859 2381; x_wconf 89' lang='lat' dir='ltr'>G:</span> <span class='ocrx_word' id='word_1_355' title='bbox 1894 2348 2088 2388; x_wconf 79' lang='lat' dir='ltr'>Cratippum</span> 
     </span>
     <span class='ocr_line' id='line_1_34' title="bbox 324 2397 2089 2443; baseline -0.003 -10"><span class='ocrx_word' id='word_1_356' title='bbox 324 2403 462 2443; x_wconf 67' lang='lat' dir='ltr'>cognovi</span> <span class='ocrx_word' id='word_1_357' title='bbox 498 2403 522 2433; x_wconf 94' lang='lat' dir='ltr'>O</span> <span class='ocrx_word' id='word_1_358' title='bbox 562 2420 595 2423; x_wconf 85' lang='lat'>—</span> <span class='ocrx_word' id='word_1_359' title='bbox 633 2401 664 2431; x_wconf 74' lang='grc'>6.</span> <span class='ocrx_word' id='word_1_360' title='bbox 700 2399 911 2431; x_wconf 81' lang='lat' dir='ltr'>salutationis</span> <span class='ocrx_word' id='word_1_361' title='bbox 943 2400 972 2429; x_wconf 78' lang='lat' dir='ltr'>in</span> <span class='ocrx_word' id='word_1_362' title='bbox 1006 2400 1276 2438; x_wconf 77' lang='lat' dir='ltr'>percunctatione</span> <span class='ocrx_word' id='word_1_363' title='bbox 1299 2402 1324 2430; x_wconf 78' lang='grc' dir='ltr'>Α</span> <span class='ocrx_word' id='word_1_364' title='bbox 1350 2398 1483 2439; x_wconf 84' lang='lat' dir='ltr'>(ultima</span> <span class='ocrx_word' id='word_1_365' title='bbox 1509 2398 1619 2431; x_wconf 78' lang='lat' dir='ltr'>littera</span> <span class='ocrx_word' id='word_1_366' title='bbox 1645 2400 1678 2431; x_wconf 92' lang='lat' dir='ltr'>in</span> <span class='ocrx_word' id='word_1_367' title='bbox 1703 2400 1785 2437; x_wconf 88' lang='lat' dir='ltr'>ras.)</span> <span class='ocrx_word' id='word_1_368' title='bbox 1811 2398 1853 2430; x_wconf 85' lang='lat' dir='ltr'>E:</span> <span class='ocrx_word' id='word_1_369' title='bbox 1880 2397 2089 2429; x_wconf 82' lang='lat' dir='ltr'>salutationis</span> 
     </span>
     <span class='ocr_line' id='line_1_35' title="bbox 324 2447 2087 2491; baseline -0.003 -9"><span class='ocrx_word' id='word_1_370' title='bbox 324 2453 357 2482; x_wconf 84' lang='lat' dir='ltr'>in</span> <span class='ocrx_word' id='word_1_371' title='bbox 392 2452 667 2491; x_wconf 80' lang='lat' dir='ltr'>percunctationis</span> <span class='ocrx_word' id='word_1_372' title='bbox 696 2450 732 2481; x_wconf 83' lang='lat' dir='ltr'>B¹</span> <span class='ocrx_word' id='word_1_373' title='bbox 750 2451 774 2480; x_wconf 93' lang='lat' dir='ltr'>G</span> <span class='ocrx_word' id='word_1_374' title='bbox 792 2450 834 2487; x_wconf 73' lang='lat' dir='ltr'>V3</span> <span class='ocrx_word' id='word_1_375' title='bbox 868 2449 1081 2479; x_wconf 77' lang='lat' dir='ltr'>salutationis</span> <span class='ocrx_word' id='word_1_376' title='bbox 1111 2449 1144 2479; x_wconf 85' lang='lat' dir='ltr'>in</span> <span class='ocrx_word' id='word_1_377' title='bbox 1170 2449 1455 2488; x_wconf 81' lang='lat' dir='ltr'>percunctationes</span> <span class='ocrx_word' id='word_1_378' title='bbox 1478 2448 1531 2482; x_wconf 73' lang='lat' dir='ltr'>B&#39;22</span> <span class='ocrx_word' id='word_1_379' title='bbox 1570 2448 1838 2485; x_wconf 78' lang='lat' dir='ltr'>salutationibus,</span> <span class='ocrx_word' id='word_1_380' title='bbox 1867 2448 2030 2487; x_wconf 82' lang='lat' dir='ltr'>reliquum</span> <span class='ocrx_word' id='word_1_381' title='bbox 2054 2447 2087 2478; x_wconf 85' lang='lat' dir='ltr'>in</span> 
     </span>
    </p>

    <p class='ocr_par' dir='ltr' id='par_1_8' title="bbox 273 2496 2092 2744">
     <span class='ocr_line' id='line_1_36' title="bbox 273 2496 2082 2541; baseline -0.003 -8"><span class='ocrx_word' id='word_1_382' title='bbox 273 2517 279 2535; x_wconf 69' lang='lat'>.-</span> <span class='ocrx_word' id='word_1_383' title='bbox 323 2502 568 2540; x_wconf 76' lang='lat' dir='ltr'>percontatione</span> <span class='ocrx_word' id='word_1_384' title='bbox 592 2500 616 2531; x_wconf 94' lang='grc' dir='ltr'>Ο</span> <span class='ocrx_word' id='word_1_385' title='bbox 646 2519 678 2522; x_wconf 80' lang='lat'>—</span> <span class='ocrx_word' id='word_1_386' title='bbox 706 2501 788 2531; x_wconf 82' lang='lat' dir='ltr'>Post</span> <span class='ocrx_word' id='word_1_387' title='bbox 811 2500 1070 2538; x_wconf 79' lang='lat' dir='ltr'>consumpsimus</span> <span class='ocrx_word' id='word_1_388' title='bbox 1094 2500 1125 2530; x_wconf 89' lang='lat' dir='ltr'>in</span> <span class='ocrx_word' id='word_1_389' title='bbox 1154 2499 1176 2530; x_wconf 70' lang='lat' dir='ltr'>i]</span> <span class='ocrx_word' id='word_1_390' title='bbox 1202 2503 1255 2530; x_wconf 89' lang='lat' dir='ltr'>est</span> <span class='ocrx_word' id='word_1_391' title='bbox 1278 2497 1399 2530; x_wconf 81' lang='lat' dir='ltr'>lacuna</span> <span class='ocrx_word' id='word_1_392' title='bbox 1431 2500 1534 2531; x_wconf 89' lang='lat' dir='ltr'>totius</span> <span class='ocrx_word' id='word_1_393' title='bbox 1551 2499 1624 2531; x_wconf 83' lang='lat' dir='ltr'>fere</span> <span class='ocrx_word' id='word_1_394' title='bbox 1642 2500 1789 2541; x_wconf 86' lang='lat' dir='ltr'>paginae</span> <span class='ocrx_word' id='word_1_395' title='bbox 1806 2497 1932 2529; x_wconf 89' lang='lat' dir='ltr'>additis</span> <span class='ocrx_word' id='word_1_396' title='bbox 1948 2496 2082 2528; x_wconf 87' lang='lat' dir='ltr'>verbis:</span> 
     </span>
     <span class='ocr_line' id='line_1_37' title="bbox 325 2546 2092 2590; baseline -0.003 -7"><span class='ocrx_word' id='word_1_397' title='bbox 325 2553 376 2583; x_wconf 84' lang='lat' dir='ltr'>hic</span> <span class='ocrx_word' id='word_1_398' title='bbox 405 2555 451 2583; x_wconf 86' lang='lat' dir='ltr'>est</span> <span class='ocrx_word' id='word_1_399' title='bbox 482 2552 622 2590; x_wconf 78' lang='lat' dir='ltr'>defectus</span> <span class='ocrx_word' id='word_1_400' title='bbox 652 2555 687 2581; x_wconf 90' lang='lat' dir='ltr'>ut</span> <span class='ocrx_word' id='word_1_401' title='bbox 711 2551 809 2581; x_wconf 80' lang='lat' dir='ltr'>etiam</span> <span class='ocrx_word' id='word_1_402' title='bbox 833 2550 971 2581; x_wconf 82' lang='lat' dir='ltr'>habetur</span> <span class='ocrx_word' id='word_1_403' title='bbox 994 2551 1028 2580; x_wconf 89' lang='lat' dir='ltr'>in</span> <span class='ocrx_word' id='word_1_404' title='bbox 1050 2548 1234 2587; x_wconf 59' lang='lat' dir='ltr'>eoeemplari</span> <span class='ocrx_word' id='word_1_405' title='bbox 1256 2552 1372 2579; x_wconf 80' lang='lat' dir='ltr'>vetere.</span> <span class='ocrx_word' id='word_1_406' title='bbox 1421 2548 1558 2580; x_wconf 86' lang='lat' dir='ltr'>Nullum</span> <span class='ocrx_word' id='word_1_407' title='bbox 1584 2549 1728 2580; x_wconf 82' lang='lat' dir='ltr'>lacunae</span> <span class='ocrx_word' id='word_1_408' title='bbox 1753 2547 1921 2580; x_wconf 89' lang='lat' dir='ltr'>indicium</span> <span class='ocrx_word' id='word_1_409' title='bbox 1957 2546 2092 2585; x_wconf 33' lang='lat' dir='ltr'>habent·</span> 
     </span>
     <span class='ocr_line' id='line_1_38' title="bbox 326 2597 2088 2640; baseline -0.003 -8"><span class='ocrx_word' id='word_1_410' title='bbox 326 2604 353 2632; x_wconf 82' lang='lat' dir='ltr'><strong>A</strong></span> <span class='ocrx_word' id='word_1_411' title='bbox 371 2602 393 2632; x_wconf 87' lang='grc' dir='ltr'>Β</span> <span class='ocrx_word' id='word_1_412' title='bbox 413 2602 437 2631; x_wconf 88' lang='lat' dir='ltr'>G</span> <span class='ocrx_word' id='word_1_413' title='bbox 455 2601 493 2632; x_wconf 91' lang='lat' dir='ltr'>V.</span> <span class='ocrx_word' id='word_1_414' title='bbox 528 2601 691 2631; x_wconf 80' lang='lat' dir='ltr'>»Praeter</span> <span class='ocrx_word' id='word_1_415' title='bbox 722 2602 858 2640; x_wconf 87' lang='lat' dir='ltr'>partem</span> <span class='ocrx_word' id='word_1_416' title='bbox 891 2599 1024 2630; x_wconf 79' lang='lat' dir='ltr'>exordii</span> <span class='ocrx_word' id='word_1_417' title='bbox 1059 2599 1278 2631; x_wconf 73' lang='lat' dir='ltr'>Ciceroniani</span> <span class='ocrx_word' id='word_1_418' title='bbox 1311 2597 1558 2630; x_wconf 79' lang='lat' dir='ltr'>desiderantur</span> <span class='ocrx_word' id='word_1_419' title='bbox 1580 2599 1710 2630; x_wconf 85' lang='lat' dir='ltr'>Timaei</span> <span class='ocrx_word' id='word_1_420' title='bbox 1736 2597 1900 2630; x_wconf 86' lang='lat' dir='ltr'>Platonici</span> <span class='ocrx_word' id='word_1_421' title='bbox 1924 2597 2088 2628; x_wconf 88' lang='lat' dir='ltr'>undecim</span> 
     </span>
     <span class='ocr_line' id='line_1_39' title="bbox 328 2645 2085 2691; baseline -0.003 -9"><span class='ocrx_word' id='word_1_422' title='bbox 328 2652 471 2691; x_wconf 84' lang='lat' dir='ltr'>paginae</span> <span class='ocrx_word' id='word_1_423' title='bbox 512 2660 528 2681; x_wconf 81' lang='lat' dir='ltr'>a</span> <span class='ocrx_word' id='word_1_424' title='bbox 567 2659 644 2691; x_wconf 87' lang='lat' dir='ltr'>pag.</span> <span class='ocrx_word' id='word_1_425' title='bbox 682 2649 733 2680; x_wconf 74' lang='lat'>47.</span> <span class='ocrx_word' id='word_1_426' title='bbox 772 2657 883 2689; x_wconf 90' lang='lat' dir='ltr'>usque</span> <span class='ocrx_word' id='word_1_427' title='bbox 919 2649 963 2680; x_wconf 88' lang='lat' dir='ltr'>ad</span> <span class='ocrx_word' id='word_1_428' title='bbox 1004 2658 1036 2689; x_wconf 91' lang='lat' dir='ltr'>p.</span> <span class='ocrx_word' id='word_1_429' title='bbox 1086 2649 1138 2679; x_wconf 75' lang='lat'>27.</span> <span class='ocrx_word' id='word_1_430' title='bbox 1184 2648 1238 2679; x_wconf 81' lang='lat' dir='ltr'>ed.</span> <span class='ocrx_word' id='word_1_431' title='bbox 1277 2649 1417 2689; x_wconf 72' lang='lat' dir='ltr'>steph..</span> <span class='ocrx_word' id='word_1_432' title='bbox 1467 2658 1532 2690; x_wconf 89' lang='lat' dir='ltr'>qua</span> <span class='ocrx_word' id='word_1_433' title='bbox 1571 2650 1720 2680; x_wconf 81' lang='lat' dir='ltr'>excunte</span> <span class='ocrx_word' id='word_1_434' title='bbox 1760 2647 1921 2688; x_wconf 86' lang='lat' dir='ltr'>leguntur</span> <span class='ocrx_word' id='word_1_435' title='bbox 1958 2645 2085 2677; x_wconf 87' lang='lat' dir='ltr'>verba:</span> 
     </span>
     <span class='ocr_line' id='line_1_40' title="bbox 326 2694 2088 2744; baseline -0.002 -13"><span class='ocrx_word' id='word_1_436' title='bbox 326 2696 427 2732; x_wconf 70' lang='grc' dir='ltr'>’ἔστιν</span> <span class='ocrx_word' id='word_1_437' title='bbox 451 2695 520 2732; x_wconf 75' lang='grc' dir='ltr'>οὖν</span> <span class='ocrx_word' id='word_1_438' title='bbox 542 2698 588 2741; x_wconf 70' lang='grc' dir='ltr'>δὴ</span> <span class='ocrx_word' id='word_1_439' title='bbox 613 2694 690 2730; x_wconf 77' lang='grc' dir='ltr'>κατ’</span> <span class='ocrx_word' id='word_1_440' title='bbox 716 2696 812 2740; x_wconf 70' lang='grc' dir='ltr'>ἐμὴν</span> <span class='ocrx_word' id='word_1_441' title='bbox 835 2696 960 2739; x_wconf 74' lang='grc' dir='ltr'>δόξαν·</span> <span class='ocrx_word' id='word_1_442' title='bbox 975 2695 1124 2744; x_wconf 71' lang='grc' dir='ltr'><em>πρῶτον</em></span> <span class='ocrx_word' id='word_1_443' title='bbox 1147 2696 1353 2742; x_wconf 68' lang='grc' dir='ltr'><em>διαιρετέον</em></span> <span class='ocrx_word' id='word_1_444' title='bbox 1377 2696 1474 2730; x_wconf 73' lang='grc' dir='ltr'><em>τάδε.</em></span> <span class='ocrx_word' id='word_1_445' title='bbox 1525 2699 1609 2730; x_wconf 88' lang='lat' dir='ltr'>Hinc</span> <span class='ocrx_word' id='word_1_446' title='bbox 1626 2699 1745 2739; x_wconf 88' lang='lat' dir='ltr'>incipit</span> <span class='ocrx_word' id='word_1_447' title='bbox 1768 2696 1919 2729; x_wconf 89' lang='lat' dir='ltr'>Tulliana</span> <span class='ocrx_word' id='word_1_448' title='bbox 1937 2695 2088 2727; x_wconf 86' lang='lat' dir='ltr'>Platonis</span> 
     </span>
    </p>
   </div>
   <div class='ocr_carea' id='block_1_7' title="bbox 328 2746 2087 2888">
    <p class='ocr_par' dir='ltr' id='par_1_9' title="bbox 328 2746 2087 2888">
     <span class='ocr_line' id='line_1_41' title="bbox 328 2746 2086 2789; baseline -0.002 -8"><span class='ocrx_word' id='word_1_449' title='bbox 328 2752 471 2782; x_wconf 67' lang='lat' dir='ltr'>oratio«</span> <span class='ocrx_word' id='word_1_450' title='bbox 498 2751 554 2781; x_wconf 73' lang='lat' dir='ltr'>On.</span> <span class='ocrx_word' id='word_1_451' title='bbox 586 2767 619 2772; x_wconf 86' lang='lat'><em>-</em></span> <span class='ocrx_word' id='word_1_452' title='bbox 661 2750 692 2780; x_wconf 81' lang='lat'>7.</span> <span class='ocrx_word' id='word_1_453' title='bbox 727 2750 812 2788; x_wconf 85' lang='lat' dir='ltr'>Quid</span> <span class='ocrx_word' id='word_1_454' title='bbox 841 2753 888 2781; x_wconf 87' lang='lat' dir='ltr'>est</span> <span class='ocrx_word' id='word_1_455' title='bbox 918 2751 1004 2789; x_wconf 82' lang='lat' dir='ltr'>quod</span> <span class='ocrx_word' id='word_1_456' title='bbox 1024 2767 1042 2773; x_wconf 94' lang='lat'><em>-</em></span> <span class='ocrx_word' id='word_1_457' title='bbox 1061 2767 1079 2772; x_wconf 99' lang='lat'>—</span> <span class='ocrx_word' id='word_1_458' title='bbox 1104 2750 1246 2780; x_wconf 80' lang='lat' dir='ltr'>rationis</span> <span class='ocrx_word' id='word_1_459' title='bbox 1267 2758 1386 2788; x_wconf 74' lang='lat' dir='ltr'>expers</span> <span class='ocrx_word' id='word_1_460' title='bbox 1409 2749 1515 2780; x_wconf 87' lang='lat' dir='ltr'>habet</span> <span class='ocrx_word' id='word_1_461' title='bbox 1545 2749 1710 2780; x_wconf 81' lang='lat' dir='ltr'>Boethius</span> <span class='ocrx_word' id='word_1_462' title='bbox 1734 2747 1775 2779; x_wconf 89' lang='lat' dir='ltr'>ad</span> <span class='ocrx_word' id='word_1_463' title='bbox 1801 2748 1926 2788; x_wconf 87' lang='lat' dir='ltr'>Topica</span> <span class='ocrx_word' id='word_1_464' title='bbox 1950 2755 1984 2787; x_wconf 92' lang='lat' dir='ltr'>p.</span> <span class='ocrx_word' id='word_1_465' title='bbox 2011 2746 2086 2784; x_wconf 77' lang='lat'>3⁴9,</span> 
     </span>
     <span class='ocr_line' id='line_1_42' title="bbox 328 2795 2086 2838; baseline -0.003 -6"><span class='ocrx_word' id='word_1_466' title='bbox 328 2801 369 2832; x_wconf 73' lang='lat'>42</span> <span class='ocrx_word' id='word_1_467' title='bbox 401 2800 457 2831; x_wconf 82' lang='lat' dir='ltr'>ed.</span> <span class='ocrx_word' id='word_1_468' title='bbox 492 2800 575 2830; x_wconf 82' lang='lat' dir='ltr'>Bait.</span> <span class='ocrx_word' id='word_1_469' title='bbox 613 2817 646 2820; x_wconf 96' lang='lat'><strong>—</strong></span> <span class='ocrx_word' id='word_1_470' title='bbox 681 2799 799 2830; x_wconf 77' lang='lat' dir='ltr'>habeat</span> <span class='ocrx_word' id='word_1_471' title='bbox 832 2800 1015 2831; x_wconf 83' lang='lat' dir='ltr'>Boethius:</span> <span class='ocrx_word' id='word_1_472' title='bbox 1055 2799 1148 2830; x_wconf 83' lang='lat' dir='ltr'>habet</span> <span class='ocrx_word' id='word_1_473' title='bbox 1187 2800 1210 2829; x_wconf 87' lang='lat' dir='ltr'>C</span> <span class='ocrx_word' id='word_1_474' title='bbox 1248 2799 1312 2830; x_wconf 80' lang='lat' dir='ltr'>EG</span> <span class='ocrx_word' id='word_1_475' title='bbox 1349 2817 1381 2821; x_wconf 91' lang='lat'>—</span> <span class='ocrx_word' id='word_1_476' title='bbox 1420 2800 1451 2830; x_wconf 90' lang='lat'>8.</span> <span class='ocrx_word' id='word_1_477' title='bbox 1488 2798 1719 2838; x_wconf 60' lang='lat' dir='ltr'>intelligentiae</span> <span class='ocrx_word' id='word_1_478' title='bbox 1754 2797 1883 2828; x_wconf 80' lang='lat' dir='ltr'>ratione</span> <span class='ocrx_word' id='word_1_479' title='bbox 1909 2795 2086 2827; x_wconf 77' lang='lat' dir='ltr'>Boethius.</span> 
     </span>
     <span class='ocr_line' id='line_1_43' title="bbox 332 2845 2087 2888; baseline -0.003 -8"><span class='ocrx_word' id='word_1_480' title='bbox 332 2867 366 2872; x_wconf 93' lang='lat'>——</span> <span class='ocrx_word' id='word_1_481' title='bbox 404 2853 433 2880; x_wconf 73' lang='grc'>9.</span> <span class='ocrx_word' id='word_1_482' title='bbox 470 2853 568 2888; x_wconf 80' lang='lat' dir='ltr'>utque</span> <span class='ocrx_word' id='word_1_483' title='bbox 602 2849 684 2880; x_wconf 81' lang='lat' dir='ltr'>idem</span> <span class='ocrx_word' id='word_1_484' title='bbox 717 2858 843 2888; x_wconf 80' lang='lat' dir='ltr'>semper</span> <span class='ocrx_word' id='word_1_485' title='bbox 877 2849 900 2881; x_wconf 93' lang='lat' dir='ltr'>C</span> <span class='ocrx_word' id='word_1_486' title='bbox 921 2850 944 2881; x_wconf 89' lang='lat' dir='ltr'>E</span> <span class='ocrx_word' id='word_1_487' title='bbox 962 2851 1006 2880; x_wconf 89' lang='lat' dir='ltr'>G:</span> <span class='ocrx_word' id='word_1_488' title='bbox 1032 2857 1157 2888; x_wconf 84' lang='lat' dir='ltr'>semper</span> <span class='ocrx_word' id='word_1_489' title='bbox 1179 2852 1277 2886; x_wconf 79' lang='lat' dir='ltr'>atque</span> <span class='ocrx_word' id='word_1_490' title='bbox 1300 2848 1384 2879; x_wconf 83' lang='lat' dir='ltr'>idem</span> <span class='ocrx_word' id='word_1_491' title='bbox 1409 2849 1433 2880; x_wconf 95' lang='lat' dir='ltr'>O</span> <span class='ocrx_word' id='word_1_492' title='bbox 1461 2865 1494 2870; x_wconf 91' lang='lat'>-</span> <span class='ocrx_word' id='word_1_493' title='bbox 1536 2847 1675 2878; x_wconf 80' lang='lat' dir='ltr'>alterum</span> <span class='ocrx_word' id='word_1_494' title='bbox 1705 2846 1791 2885; x_wconf 80' lang='lat' dir='ltr'>quod</span> <span class='ocrx_word' id='word_1_495' title='bbox 1821 2845 1929 2885; x_wconf 81' lang='lat' dir='ltr'>adfert</span> <span class='ocrx_word' id='word_1_496' title='bbox 1959 2845 2087 2884; x_wconf 83' lang='lat' dir='ltr'>opinio-</span> 
     </span>
    </p>
   </div>
   <div class='ocr_carea' id='block_1_8' title="bbox 330 2895 2087 3336">
    <p class='ocr_par' dir='ltr' id='par_1_10' title="bbox 330 2895 2087 3336">
     <span class='ocr_line' id='line_1_44' title="bbox 330 2895 2087 2938; baseline -0.003 -7"><span class='ocrx_word' id='word_1_497' title='bbox 330 2909 402 2931; x_wconf 86' lang='lat' dir='ltr'>nem</span> <span class='ocrx_word' id='word_1_498' title='bbox 424 2909 534 2932; x_wconf 85' lang='lat' dir='ltr'>sensus</span> <span class='ocrx_word' id='word_1_499' title='bbox 556 2900 695 2930; x_wconf 81' lang='lat' dir='ltr'>rationis</span> <span class='ocrx_word' id='word_1_500' title='bbox 717 2908 834 2938; x_wconf 61' lang='lat' dir='ltr'>expers</span> <span class='ocrx_word' id='word_1_501' title='bbox 858 2902 882 2931; x_wconf 77' lang='grc' dir='ltr'>Α</span> <span class='ocrx_word' id='word_1_502' title='bbox 902 2901 926 2930; x_wconf 94' lang='lat' dir='ltr'>G</span> <span class='ocrx_word' id='word_1_503' title='bbox 946 2900 969 2931; x_wconf 87' lang='lat' dir='ltr'>E</span> <span class='ocrx_word' id='word_1_504' title='bbox 988 2899 1030 2929; x_wconf 79' lang='lat' dir='ltr'>V:</span> <span class='ocrx_word' id='word_1_505' title='bbox 1058 2898 1199 2930; x_wconf 76' lang='lat' dir='ltr'>atterum</span> <span class='ocrx_word' id='word_1_506' title='bbox 1224 2899 1361 2938; x_wconf 81' lang='lat' dir='ltr'>(ceteris</span> <span class='ocrx_word' id='word_1_507' title='bbox 1388 2897 1537 2935; x_wconf 83' lang='lat' dir='ltr'>omissis)</span> <span class='ocrx_word' id='word_1_508' title='bbox 1563 2897 1606 2932; x_wconf 81' lang='lat' dir='ltr'>B3</span> <span class='ocrx_word' id='word_1_509' title='bbox 1644 2896 1785 2926; x_wconf 84' lang='lat' dir='ltr'>alterum</span> <span class='ocrx_word' id='word_1_510' title='bbox 1815 2896 1913 2935; x_wconf 82' lang='lat' dir='ltr'>affert</span> <span class='ocrx_word' id='word_1_511' title='bbox 1942 2895 2087 2934; x_wconf 81' lang='lat' dir='ltr'>opinioni</span> 
     </span>
     <span class='ocr_line' id='line_1_45' title="bbox 332 2943 2086 2988; baseline -0.003 -8"><span class='ocrx_word' id='word_1_512' title='bbox 332 2959 438 2981; x_wconf 75' lang='lat' dir='ltr'>sensus</span> <span class='ocrx_word' id='word_1_513' title='bbox 471 2950 609 2980; x_wconf 84' lang='lat' dir='ltr'>rationis</span> <span class='ocrx_word' id='word_1_514' title='bbox 643 2957 761 2988; x_wconf 64' lang='lat' dir='ltr'>expers</span> <span class='ocrx_word' id='word_1_515' title='bbox 782 2949 961 2981; x_wconf 74' lang='lat' dir='ltr'>Boethius:</span> <span class='ocrx_word' id='word_1_516' title='bbox 990 2948 1130 2979; x_wconf 82' lang='lat' dir='ltr'>alterum</span> <span class='ocrx_word' id='word_1_517' title='bbox 1154 2948 1298 2986; x_wconf 81' lang='lat' dir='ltr'>opinioni</span> <span class='ocrx_word' id='word_1_518' title='bbox 1315 2955 1425 2978; x_wconf 80' lang='lat' dir='ltr'>sensus</span> <span class='ocrx_word' id='word_1_519' title='bbox 1447 2946 1589 2978; x_wconf 82' lang='lat' dir='ltr'>rationis</span> <span class='ocrx_word' id='word_1_520' title='bbox 1612 2953 1728 2985; x_wconf 58' lang='lat' dir='ltr'>expers</span> <span class='ocrx_word' id='word_1_521' title='bbox 1751 2945 1848 2984; x_wconf 85' lang='lat' dir='ltr'>affert</span> <span class='ocrx_word' id='word_1_522' title='bbox 1873 2944 1913 2979; x_wconf 83' lang='lat' dir='ltr'>O;</span> <span class='ocrx_word' id='word_1_523' title='bbox 1945 2943 2086 2975; x_wconf 84' lang='lat' dir='ltr'>alterum</span> 
     </span>
     <span class='ocr_line' id='line_1_46' title="bbox 333 2995 2082 3038; baseline -0.003 -9"><span class='ocrx_word' id='word_1_524' title='bbox 333 2999 481 3038; x_wconf 83' lang='lat' dir='ltr'>opinione</span> <span class='ocrx_word' id='word_1_525' title='bbox 506 2998 854 3037; x_wconf 71' lang='lat' dir='ltr'>(comprehenditur),</span> <span class='ocrx_word' id='word_1_526' title='bbox 894 3006 994 3038; x_wconf 80' lang='lat' dir='ltr'>quam</span> <span class='ocrx_word' id='word_1_527' title='bbox 1025 2998 1123 3037; x_wconf 82' lang='lat' dir='ltr'>affert</span> <span class='ocrx_word' id='word_1_528' title='bbox 1155 3004 1265 3027; x_wconf 87' lang='lat' dir='ltr'>sensus</span> <span class='ocrx_word' id='word_1_529' title='bbox 1287 2997 1427 3028; x_wconf 83' lang='lat' dir='ltr'>rationis</span> <span class='ocrx_word' id='word_1_530' title='bbox 1449 3004 1569 3036; x_wconf 76' lang='lat' dir='ltr'>expers</span> <span class='ocrx_word' id='word_1_531' title='bbox 1601 2996 1678 3027; x_wconf 86' lang='lat' dir='ltr'>Car.</span> <span class='ocrx_word' id='word_1_532' title='bbox 1706 2995 1757 3026; x_wconf 87' lang='lat' dir='ltr'>Fr.</span> <span class='ocrx_word' id='word_1_533' title='bbox 1784 2995 2018 3026; x_wconf 75' lang='lat' dir='ltr'>Hei-mannus.</span> <span class='ocrx_word' id='word_1_534' title='bbox 2047 3010 2082 3015; x_wconf 96' lang='lat'><strong>—</strong></span> 
     </span>
     <span class='ocr_line' id='line_1_47' title="bbox 331 3042 2081 3086; baseline -0.005 -6"><span class='ocrx_word' id='word_1_535' title='bbox 331 3050 383 3080; x_wconf 71' lang='lat'>⁴2.</span> <span class='ocrx_word' id='word_1_536' title='bbox 411 3052 535 3080; x_wconf 82' lang='lat' dir='ltr'>remota</span> <span class='ocrx_word' id='word_1_537' title='bbox 560 3044 599 3079; x_wconf 66' lang='grc' dir='ltr'>Α.2</span> <span class='ocrx_word' id='word_1_538' title='bbox 622 3047 654 3079; x_wconf 89' lang='lat' dir='ltr'>in</span> <span class='ocrx_word' id='word_1_539' title='bbox 679 3057 747 3079; x_wconf 86' lang='lat' dir='ltr'>ras.</span> <span class='ocrx_word' id='word_1_540' title='bbox 776 3065 810 3069; x_wconf 89' lang='lat'>—</span> <span class='ocrx_word' id='word_1_541' title='bbox 840 3047 891 3079; x_wconf 72' lang='lat'>⁴3.</span> <span class='ocrx_word' id='word_1_542' title='bbox 918 3048 974 3086; x_wconf 85' lang='lat' dir='ltr'>qui</span> <span class='ocrx_word' id='word_1_543' title='bbox 998 3050 1028 3078; x_wconf 84' lang='lat' dir='ltr'>et</span> <span class='ocrx_word' id='word_1_544' title='bbox 1051 3045 1185 3086; x_wconf 83' lang='lat' dir='ltr'>aliquod</span> <span class='ocrx_word' id='word_1_545' title='bbox 1209 3046 1233 3074; x_wconf 93' lang='lat' dir='ltr'>G</span> <span class='ocrx_word' id='word_1_546' title='bbox 1253 3044 1278 3074; x_wconf 72' lang='lat' dir='ltr'>V</span> <span class='ocrx_word' id='word_1_547' title='bbox 1306 3061 1339 3066; x_wconf 96' lang='lat'>—</span> <span class='ocrx_word' id='word_1_548' title='bbox 1373 3045 1424 3077; x_wconf 70' lang='grc'>44.</span> <span class='ocrx_word' id='word_1_549' title='bbox 1458 3046 1570 3076; x_wconf 85' lang='lat' dir='ltr'>eadem</span> <span class='ocrx_word' id='word_1_550' title='bbox 1594 3048 1640 3076; x_wconf 84' lang='lat' dir='ltr'>est</span> <span class='ocrx_word' id='word_1_551' title='bbox 1667 3046 1692 3075; x_wconf 86' lang='lat' dir='ltr'>A</span> <span class='ocrx_word' id='word_1_552' title='bbox 1721 3044 1744 3075; x_wconf 92' lang='grc' dir='ltr'>Β</span> <span class='ocrx_word' id='word_1_553' title='bbox 1773 3043 1832 3084; x_wconf 81' lang='lat' dir='ltr'>(est</span> <span class='ocrx_word' id='word_1_554' title='bbox 1870 3042 2081 3083; x_wconf 87' lang='lat' dir='ltr'>superscr.):</span> 
     </span>
     <span class='ocr_line' id='line_1_48' title="bbox 330 3091 2080 3137; baseline -0.005 -7"><span class='ocrx_word' id='word_1_555' title='bbox 330 3098 442 3130; x_wconf 85' lang='lat' dir='ltr'>eadem</span> <span class='ocrx_word' id='word_1_556' title='bbox 477 3105 557 3129; x_wconf 72' lang='lat' dir='ltr'>(om.</span> <span class='ocrx_word' id='word_1_557' title='bbox 589 3098 646 3137; x_wconf 89' lang='lat' dir='ltr'>est)</span> <span class='ocrx_word' id='word_1_558' title='bbox 682 3098 769 3136; x_wconf 48' lang='lat' dir='ltr'>GM</span> <span class='ocrx_word' id='word_1_559' title='bbox 805 3102 849 3129; x_wconf 83' lang='lat' dir='ltr'>est</span> <span class='ocrx_word' id='word_1_560' title='bbox 882 3098 995 3130; x_wconf 85' lang='lat' dir='ltr'>eadem</span> <span class='ocrx_word' id='word_1_561' title='bbox 1024 3096 1090 3128; x_wconf 89' lang='lat' dir='ltr'>EO</span> <span class='ocrx_word' id='word_1_562' title='bbox 1129 3112 1162 3118; x_wconf 92' lang='lat'>—</span> <span class='ocrx_word' id='word_1_563' title='bbox 1203 3094 1310 3133; x_wconf 83' lang='lat' dir='ltr'>adque</span> <span class='ocrx_word' id='word_1_564' title='bbox 1347 3104 1438 3126; x_wconf 90' lang='lat' dir='ltr'>corr.</span> <span class='ocrx_word' id='word_1_565' title='bbox 1478 3096 1512 3126; x_wconf 86' lang='lat' dir='ltr'>in</span> <span class='ocrx_word' id='word_1_566' title='bbox 1551 3098 1649 3134; x_wconf 83' lang='lat' dir='ltr'>atque</span> <span class='ocrx_word' id='word_1_567' title='bbox 1684 3094 1707 3124; x_wconf 88' lang='lat' dir='ltr'>B</span> <span class='ocrx_word' id='word_1_568' title='bbox 1749 3111 1782 3116; x_wconf 86' lang='lat'>—</span> <span class='ocrx_word' id='word_1_569' title='bbox 1824 3093 1857 3124; x_wconf 89' lang='lat' dir='ltr'>id</span> <span class='ocrx_word' id='word_1_570' title='bbox 1895 3091 2080 3124; x_wconf 75' lang='lat' dir='ltr'>8¹13sz</span> 
     </span>
     <span class='ocr_line' id='line_1_49' title="bbox 331 3140 2085 3187; baseline -0.005 -7"><span class='ocrx_word' id='word_1_571' title='bbox 331 3157 405 3180; x_wconf 85' lang='lat' dir='ltr'>eam</span> <span class='ocrx_word' id='word_1_572' title='bbox 442 3150 482 3178; x_wconf 79' lang='grc' dir='ltr'>Α“-’</span> <span class='ocrx_word' id='word_1_573' title='bbox 519 3149 563 3187; x_wconf 83' lang='lat' dir='ltr'>(iu</span> <span class='ocrx_word' id='word_1_574' title='bbox 599 3150 729 3186; x_wconf 84' lang='lat' dir='ltr'>rasura)</span> <span class='ocrx_word' id='word_1_575' title='bbox 770 3149 808 3179; x_wconf 81' lang='lat'>132</span> <span class='ocrx_word' id='word_1_576' title='bbox 848 3166 880 3170; x_wconf 83' lang='lat'>—</span> <span class='ocrx_word' id='word_1_577' title='bbox 912 3148 1068 3187; x_wconf 86' lang='lat' dir='ltr'>proponit</span> <span class='ocrx_word' id='word_1_578' title='bbox 1102 3144 1209 3177; x_wconf 86' lang='lat' dir='ltr'>CEG</span> <span class='ocrx_word' id='word_1_579' title='bbox 1249 3161 1282 3166; x_wconf 94' lang='lat'>—</span> <span class='ocrx_word' id='word_1_580' title='bbox 1320 3144 1470 3184; x_wconf 68' lang='lat' dir='ltr'>exempla</span> <span class='ocrx_word' id='word_1_581' title='bbox 1516 3143 1614 3181; x_wconf 81' lang='lat' dir='ltr'>B¹V.</span> <span class='ocrx_word' id='word_1_582' title='bbox 1657 3143 1804 3181; x_wconf 68' lang='lat' dir='ltr'>evemplo</span> <span class='ocrx_word' id='word_1_583' title='bbox 1844 3144 1877 3173; x_wconf 85' lang='lat' dir='ltr'>et</span> <span class='ocrx_word' id='word_1_584' title='bbox 1913 3140 2085 3181; x_wconf 75' lang='lat' dir='ltr'>exemplar</span> 
     </span>
     <span class='ocr_line' id='line_1_50' title="bbox 333 3191 2084 3229; baseline -0.005 0"><span class='ocrx_word' id='word_1_585' title='bbox 333 3207 422 3229; x_wconf 87' lang='lat' dir='ltr'>corr.</span> <span class='ocrx_word' id='word_1_586' title='bbox 450 3197 472 3228; x_wconf 84' lang='lat' dir='ltr'>B</span> <span class='ocrx_word' id='word_1_587' title='bbox 504 3215 535 3218; x_wconf 89' lang='lat'>—-</span> <span class='ocrx_word' id='word_1_588' title='bbox 567 3197 615 3227; x_wconf 82' lang='grc'>15.</span> <span class='ocrx_word' id='word_1_589' title='bbox 641 3205 712 3228; x_wconf 85' lang='lat' dir='ltr'>eam</span> <span class='ocrx_word' id='word_1_590' title='bbox 735 3199 760 3228; x_wconf 81' lang='grc' dir='ltr'>Α</span> <span class='ocrx_word' id='word_1_591' title='bbox 783 3198 805 3228; x_wconf 84' lang='grc' dir='ltr'>Β</span> <span class='ocrx_word' id='word_1_592' title='bbox 824 3197 847 3228; x_wconf 84' lang='grc' dir='ltr'>Ε</span> <span class='ocrx_word' id='word_1_593' title='bbox 867 3197 922 3227; x_wconf 78' lang='lat' dir='ltr'>V¹:</span> <span class='ocrx_word' id='word_1_594' title='bbox 950 3205 989 3228; x_wconf 89' lang='lat' dir='ltr'>ea</span> <span class='ocrx_word' id='word_1_595' title='bbox 1014 3197 1038 3227; x_wconf 93' lang='lat' dir='ltr'>G</span> <span class='ocrx_word' id='word_1_596' title='bbox 1058 3195 1098 3225; x_wconf 61' lang='grc' dir='ltr'>ΥΞ</span> <span class='ocrx_word' id='word_1_597' title='bbox 1124 3212 1158 3216; x_wconf 88' lang='grc'>-</span> <span class='ocrx_word' id='word_1_598' title='bbox 1193 3194 1244 3224; x_wconf 77' lang='grc'>49.</span> <span class='ocrx_word' id='word_1_599' title='bbox 1271 3203 1313 3225; x_wconf 83' lang='lat' dir='ltr'>an</span> <span class='ocrx_word' id='word_1_600' title='bbox 1339 3198 1430 3224; x_wconf 84' lang='lat' dir='ltr'>ortus</span> <span class='ocrx_word' id='word_1_601' title='bbox 1453 3195 1493 3225; x_wconf 85' lang='lat' dir='ltr'>sit</span> <span class='ocrx_word' id='word_1_602' title='bbox 1516 3203 1559 3224; x_wconf 90' lang='lat' dir='ltr'>an</span> <span class='ocrx_word' id='word_1_603' title='bbox 1583 3193 1624 3224; x_wconf 88' lang='lat' dir='ltr'>ab</span> <span class='ocrx_word' id='word_1_604' title='bbox 1648 3195 1673 3224; x_wconf 85' lang='grc' dir='ltr'><strong>Α</strong></span> <span class='ocrx_word' id='word_1_605' title='bbox 1692 3193 1716 3224; x_wconf 85' lang='grc' dir='ltr'>Ε</span> <span class='ocrx_word' id='word_1_606' title='bbox 1734 3194 1759 3224; x_wconf 90' lang='lat' dir='ltr'>G</span> <span class='ocrx_word' id='word_1_607' title='bbox 1777 3192 1805 3223; x_wconf 90' lang='lat' dir='ltr'>V</span> <span class='ocrx_word' id='word_1_608' title='bbox 1829 3209 1871 3214; x_wconf 97' lang='lat'>—</span> <span class='ocrx_word' id='word_1_609' title='bbox 1898 3191 1950 3223; x_wconf 75' lang='lat'>20.</span> <span class='ocrx_word' id='word_1_610' title='bbox 1989 3193 2032 3221; x_wconf 88' lang='lat' dir='ltr'>est</span> <span class='ocrx_word' id='word_1_611' title='bbox 2054 3192 2084 3220; x_wconf 87' lang='lat' dir='ltr'>et</span> 
     </span>
     <span class='ocr_line' id='line_1_51' title="bbox 333 3239 2084 3287; baseline -0.005 -9"><span class='ocrx_word' id='word_1_612' title='bbox 333 3247 465 3287; x_wconf 84' lang='lat' dir='ltr'>quando</span> <span class='ocrx_word' id='word_1_613' title='bbox 504 3245 539 3278; x_wconf 78' lang='lat' dir='ltr'>B&#39;</span> <span class='ocrx_word' id='word_1_614' title='bbox 576 3263 609 3268; x_wconf 97' lang='lat'>—</span> <span class='ocrx_word' id='word_1_615' title='bbox 648 3247 700 3277; x_wconf 66' lang='lat'>2¹.</span> <span class='ocrx_word' id='word_1_616' title='bbox 733 3247 814 3276; x_wconf 83' lang='lat' dir='ltr'>talia</span> <span class='ocrx_word' id='word_1_617' title='bbox 849 3254 940 3277; x_wconf 89' lang='lat' dir='ltr'>corr.</span> <span class='ocrx_word' id='word_1_618' title='bbox 982 3254 1023 3276; x_wconf 86' lang='lat' dir='ltr'>ex</span> <span class='ocrx_word' id='word_1_619' title='bbox 1061 3245 1130 3275; x_wconf 84' lang='lat' dir='ltr'>alia</span> <span class='ocrx_word' id='word_1_620' title='bbox 1154 3244 1177 3274; x_wconf 93' lang='lat' dir='ltr'>B</span> <span class='ocrx_word' id='word_1_621' title='bbox 1221 3261 1253 3266; x_wconf 87' lang='lat'>—-</span> <span class='ocrx_word' id='word_1_622' title='bbox 1296 3244 1347 3274; x_wconf 68' lang='lat'>22.</span> <span class='ocrx_word' id='word_1_623' title='bbox 1372 3252 1545 3283; x_wconf 77' lang='lat' dir='ltr'>sensusque</span> <span class='ocrx_word' id='word_1_624' title='bbox 1568 3243 1591 3275; x_wconf 91' lang='lat' dir='ltr'>C</span> <span class='ocrx_word' id='word_1_625' title='bbox 1614 3243 1637 3274; x_wconf 87' lang='lat' dir='ltr'>E</span> <span class='ocrx_word' id='word_1_626' title='bbox 1663 3244 1706 3274; x_wconf 92' lang='lat' dir='ltr'>G:</span> <span class='ocrx_word' id='word_1_627' title='bbox 1732 3249 1842 3274; x_wconf 86' lang='lat' dir='ltr'>sensus</span> <span class='ocrx_word' id='word_1_628' title='bbox 1865 3241 1890 3273; x_wconf 92' lang='grc' dir='ltr'>Ο</span> <span class='ocrx_word' id='word_1_629' title='bbox 1917 3257 1951 3263; x_wconf 92' lang='grc'>-</span> <span class='ocrx_word' id='word_1_630' title='bbox 1977 3239 2084 3271; x_wconf 72' lang='lat' dir='ltr'>consi-</span> 
     </span>
     <span class='ocr_line' id='line_1_52' title="bbox 332 3293 1377 3336; baseline -0.005 -7"><span class='ocrx_word' id='word_1_631' title='bbox 332 3300 411 3329; x_wconf 83' lang='lat' dir='ltr'>dunt</span> <span class='ocrx_word' id='word_1_632' title='bbox 435 3299 459 3330; x_wconf 83' lang='lat' dir='ltr'>C</span> <span class='ocrx_word' id='word_1_633' title='bbox 478 3297 501 3329; x_wconf 87' lang='grc' dir='ltr'>Ε</span> <span class='ocrx_word' id='word_1_634' title='bbox 520 3300 563 3328; x_wconf 87' lang='lat' dir='ltr'>G:</span> <span class='ocrx_word' id='word_1_635' title='bbox 602 3296 779 3327; x_wconf 80' lang='lat' dir='ltr'>consistunt</span> <span class='ocrx_word' id='word_1_636' title='bbox 803 3296 852 3336; x_wconf 80' lang='lat' dir='ltr'>(in</span> <span class='ocrx_word' id='word_1_637' title='bbox 878 3303 987 3335; x_wconf 85' lang='lat' dir='ltr'>marg.</span> <span class='ocrx_word' id='word_1_638' title='bbox 1012 3302 1031 3326; x_wconf 87' lang='lat' dir='ltr'>a</span> <span class='ocrx_word' id='word_1_639' title='bbox 1054 3293 1188 3326; x_wconf 83' lang='lat' dir='ltr'>recenti</span> <span class='ocrx_word' id='word_1_640' title='bbox 1211 3301 1257 3325; x_wconf 90' lang='lat' dir='ltr'>m.</span> <span class='ocrx_word' id='word_1_641' title='bbox 1284 3293 1321 3333; x_wconf 74' lang='lat' dir='ltr'>V)</span> <span class='ocrx_word' id='word_1_642' title='bbox 1339 3293 1377 3325; x_wconf 94' lang='lat' dir='ltr'>O.</span> 
     </span>
    </p>
   </div>
  </div>
 </body>
</html>
