2249 3624
647 180 743 220 cst.
774 180 1014 220 vni-nt.
1053 177 1112 232 §§
1144 177 1337 219 25-30.
1789 174 1869 216 593

219 289 289 327 lx.
330 283 396 324 ⁶27.
439 285 522 324 Nec
554 298 663 324 nunc
696 285 865 338 quidem
899 286 1007 324 vires
1048 285 1242 324 desidero
1283 284 1565 324 adulescentis
1596 307 1650 313 —
1690 283 1724 323 is
1757 285 1867 323 enim

107 356 192 390 erat
221 350 338 389 locus
369 348 474 388 alter
504 347 554 386 de
589 349 698 387 vitiis
731 349 958 388 senectutis
989 371 1065 395 -‚
1099 362 1180 387 non
1205 348 1318 400 plus,
1343 360 1467 400 quam
1491 347 1738 386 adulescens
1762 349 1867 387 tauri

105 418 174 453 aut
205 411 416 464 elephanti
449 410 752 449 desiderabam.
814 410 935 458 Quod
968 417 1052 457 est,
1096 424 1145 449 eo
1187 411 1305 449 decet
1347 411 1404 449 uti
1447 416 1487 449 et
1529 409 1737 463 quidquid
1769 423 1867 462 agas

104 487 226 527 agere
259 486 331 526 pro
366 473 534 512 viribus.
590 472 707 520 Quae
741 473 851 511 enim
886 486 966 511 vox
999 479 1134 525 potest
1166 486 1256 511 esse
1290 474 1568 525 contemptior
1599 486 1723 526 quam
1749 472 1868 511 Milo-

104 538 167 576 nis
191 535 491 575 Crotoniatae?
525 536 596 587 qui
629 548 724 573 cum
759 536 839 574 iam
872 550 1002 575 senex
1035 542 1143 574 esset
1176 535 1440 588 athletasque
1474 550 1516 574 se
1550 541 1793 574 exercentes
1827 535 1900 573 ins

105 598 310 639 curriculo
343 597 514 643 videret,
546 598 761 648 aspexisse
796 599 970 637 lacertos
1003 612 1098 637 suos
1131 599 1281 637 dicitur
1312 598 1663 650 inlacrimansque
1687 598 1867 637 dixisse:

109 664 184 701 «At
214 660 256 699 hi
291 660 461 713 quidem
494 660 643 698 mortui
676 661 754 698 iam
788 667 921 699 sunt.»
977 662 1067 698 Non
1101 674 1198 698 vero
1231 667 1311 699 tam
1344 661 1410 700 isti
1443 675 1566 714 quam
1592 668 1633 700 tu
1661 661 1770 713 ipse,
1796 674 1870 698 nu-

105 724 252 777 gatori
315 723 460 775 Neque
493 722 603 761 enim
636 735 688 761 ex
722 729 759 760 te
792 736 987 775 umquam
1027 736 1070 762 es
1103 723 1370 769 nobilitatus,
1413 724 1484 762 sed
1518 737 1568 762 ex
1602 723 1798 762 lateribus
1832 728 1871 761 et

105 785 270 826 lacertis
304 785 397 824 tuis.
459 784 569 824 Nihil
602 784 698 822 Sex.
722 784 866 823 Aelius
900 784 1003 830 tale,
1040 785 1143 823 nibil
1178 785 1317 824 multis
1349 787 1470 825 annis
1502 793 1595 826 ante
1627 787 1686 825 Ti.
1713 786 1871 824 Corun-

105 848 269 894 canius,
314 847 416 886 nihil
450 846 574 885 modo
608 847 648 885 P.
674 847 869 893 Crassus,
902 860 923 886 a
957 847 1110 899 quibus
1143 848 1231 886 iura
1265 848 1424 887 civibus
1458 849 1921 900 praescribebanturzto

107 924 284 964 quorum
317 923 451 962 usque
483 909 534 948 ad
568 916 801 948 extremum
834 910 1026 962 spiritum
1051 915 1113 949 est
1138 916 1329 962 provecta
1354 912 1584 963 prudentia.
1631 909 1696 949 ⁵28.
1722 911 1873 950 Orator

105 979 246 1012 metuo
279 985 329 1011 ne
362 972 603 1024 languescat
634 977 874 1018 senectute;
908 979 970 1011 est
1002 973 1109 1011 enim
1144 986 1294 1012 munus
1317 973 1404 1011 cius
1437 987 1517 1012 non
1543 974 1698 1026 ingenii
1722 974 1872 1019 solum,

107 1036 179 1075 sed
212 1036 387 1074 laterum
421 1035 545 1074 etiam
579 1041 618 1074 et
651 1035 811 1074 virium.
864 1035 1044 1074 Omnino
1077 1049 1271 1075 canorum
1305 1036 1409 1075 illud
1433 1037 1473 1075 in
1497 1050 1598 1076 voce
1621 1036 1875 1089 splendescit

106 1098 229 1138 etiam
265 1097 406 1136 nescio
439 1110 523 1150 quo
556 1104 677 1149 pacto
709 1098 750 1137 in
783 1103 1019 1145 senectute,
1065 1098 1177 1151 quod
1210 1099 1404 1151 equidem
1446 1098 1581 1138 adhuc
1620 1112 1702 1138 non
1739 1098 1873 1145 amisi,

107 1167 147 1200 et
179 1160 329 1199 videtis
361 1172 509 1199 annos.
562 1160 642 1198 Sed
677 1166 813 1199 tamen
847 1166 909 1200 est
941 1161 1117 1200 decorus
1149 1161 1261 1200 senis
1294 1174 1429 1200 sermo
1462 1162 1627 1214 quietus
1660 1167 1700 1201 et
1731 1161 1924 1201 remis-⁴5

108 1237 191 1269 sus,
223 1222 406 1275 facitque
439 1235 640 1276 persaepe
672 1223 757 1276 ipsa
793 1223 871 1262 sibi
904 1221 1159 1262 audientiam
1193 1223 1336 1262 diserti
1370 1224 1481 1262 senis
1514 1229 1677 1276 compta
1704 1230 1745 1263 et
1766 1224 1874 1263 mitis

106 1286 250 1326 oratio.
303 1284 436 1332 Quam
470 1287 503 1325 si
535 1286 623 1337 ipse
657 1286 808 1339 exequi
842 1298 1047 1338 nequeas,
1079 1287 1216 1338 possis
1249 1292 1386 1325 tamen
1415 1286 1599 1339 Scipioni
1632 1287 1875 1339 praecipere

108 1354 148 1388 et
171 1347 326 1387 Laelio.
371 1346 478 1394 Quid
514 1349 624 1387 enim
658 1354 720 1387 est
752 1347 973 1387 iucundius
1005 1355 1221 1388 senectute
1253 1349 1406 1401 stipata
1438 1349 1586 1387 studiis
1618 1349 1875 1388 iuventutis?

108 1408 174 1450 ⁶29.
206 1412 268 1449 An
301 1423 352 1449 ne
385 1422 454 1449 eas
488 1410 658 1463 quidem
692 1411 799 1449 vires
832 1411 1038 1450 senectuti
1070 1411 1367 1464 relinquimus,
1409 1417 1453 1450 ut
1484 1411 1773 1450 adulescentes
1805 1411 1877 1450 do—

108 1479 218 1520 ceat,
251 1472 457 1519 instituat,
489 1473 538 1512 ad
573 1486 695 1512 omne
729 1471 857 1512 officii
891 1487 1040 1513 munus
1072 1474 1280 1513 instruat?
1312 1488 1396 1526 quo
1427 1474 1595 1527 quidem
1626 1486 1751 1525 opere
1775 1473 1876 1524 quid
1891 1481 1927 1509 20

110 1541 248 1589 potest
283 1548 374 1574 esse
407 1535 689 1587 praeclarius?
749 1535 851 1574 Mihi
885 1549 982 1575 vero
1017 1536 1089 1575 Cn.
1122 1542 1162 1575 et
1193 1537 1235 1576 P.
1260 1537 1478 1589 Scipiones
1521 1542 1561 1576 et
1591 1537 1657 1575 avi
1689 1537 1748 1576 tui
1780 1536 1876 1583 duo,

108 1599 153 1638 L.
176 1598 378 1637 Aemilius
411 1604 451 1638 et
482 1599 522 1638 P.
546 1596 788 1645 Africanus,
831 1599 1032 1638 comitatu
1065 1599 1268 1638 nobilium
1301 1600 1497 1639 iuvenum
1529 1599 1729 1639 fortunati
1761 1599 1878 1639 vide-

108 1661 286 1707 bantur,
331 1674 406 1700 nec
439 1661 512 1700 ulli
543 1661 745 1701 bonarum
777 1661 925 1700 artium
960 1662 1146 1714 magistri
1188 1675 1271 1701 non
1310 1662 1420 1701 beati
1454 1661 1647 1714 putandi,
1687 1662 1878 1715 quamvis

110 1724 411 1764 consenuerint
443 1724 549 1763 vires
582 1730 704 1777 atque
738 1724 982 1764 defecerint.
1032 1724 1120 1763 Etsi
1152 1725 1231 1764 ista
1262 1725 1352 1777 ipsa
1384 1724 1563 1764 defectio
1597 1724 1746 1764 virium
1777 1724 1879 1764 adu-

112 1786 337 1826 lescentiae
382 1786 490 1826 vitiis
527 1785 708 1826 eflicitur
751 1787 918 1839 saepius
960 1800 1085 1839 quam
1127 1788 1380 1835 senectutis3
1426 1787 1650 1826 libidinosa
1690 1787 1802 1826 enim
1841 1792 1929 1826 etQ-'³

107 1849 388 1902 intemperans
440 1847 728 1889 adulescentia
779 1850 947 1889 effetum
996 1863 1145 1903 corpus
1187 1849 1312 1889 tradit
1351 1850 1572 1890 senectuti.
1641 1847 1708 1888 30.
1750 1850 1880 1903 Cyrus

111 1911 283 1964 quidem
325 1911 436 1964 apud
470 1911 797 1964 Xenophontem
839 1925 889 1952 eo
930 1925 1149 1959 sermone,
1191 1926 1315 1966 quem
1354 1912 1538 1952 moriens
1577 1911 1743 1960 habuit,
1787 1926 1880 1952 cum

109 1973 335 2014 admodum
367 1987 498 2013 senex
530 1980 650 2021 esset,
685 1980 809 2027 negat
841 1988 885 2014 se
916 1988 1117 2027 umquam
1150 1975 1330 2014 sensisse
1363 1980 1622 2014 senectutem
1657 1988 1773 2014 suam
1806 1976 1881 2014 im-

109 2035 369 2075 becilliorem
400 2034 548 2075 factam
583 2049 708 2089 quam
741 2036 1027 2076 adulescentia
1058 2036 1218 2076 fuisset.
1270 2038 1358 2089 Ego
1391 2038 1436 2076 L.
1460 2036 1674 2076 Metellum
1708 2037 1879 2077 memini

109 2090 238 2152 puer,
279 2099 350 2152 qui
384 2112 478 2138 cum
510 2098 789 2152 quadriennio
821 2105 917 2152 post
947 2099 1123 2138 alterum
1157 2100 1419 2139 consulatum
1452 2099 1643 2153 pontifex
1674 2101 1880 2140 maximus
1894 2104 1931 2132 30

109 2161 240 2201 factus
272 2168 403 2208 esset,
437 2161 583 2214 viginti
616 2167 657 2200 et
688 2162 794 2201 duos
826 2175 958 2201 annos
991 2163 1029 2201 ei
1061 2162 1296 2201 sacerdotio
1329 2162 1531 2215 praefuit,
1564 2160 1620 2202 ita
1642 2159 1766 2201 bonis
1789 2174 1881 2201 esse

111 2224 271 2263 viribus
303 2229 491 2264 extremo
523 2229 713 2276 tempore
744 2225 905 2272 aetatis,
938 2230 983 2264 ut
1013 2224 1340 2264 adulescentiam
1364 2238 1449 2264 non
1471 2226 1718 2278 requireret.
1770 2223 1882 2263 Nihil

198 2409 228 2440 4,
247 2417 305 2439 nec
322 2409 400 2440 PR:
429 2417 468 2440 ne
491 2409 613 2440 BElS.
642 2409 820 2440 Sententia
847 2412 912 2447 est,
941 2411 975 2440 ut
999 2409 1083 2440 vidit
1100 2409 1300 2449 Lahmeyer
1325 2408 1446 2439 r'Jahrb,
1465 2409 1489 2448 s.
1506 2408 1616 2439 Philol.
1638 2408 1778 2443 LXXVI,
1796 2407 1881 2446 ⁴38):

111 2459 177 2491 Nec
201 2460 347 2491 desidero
370 2460 457 2491 vires
481 2460 573 2491 adul.
599 2469 687 2490 nunc
711 2461 859 2499 quidem;
887 2460 916 2491 si
934 2460 1057 2490 Cicero
1082 2459 1315 2498 ne--quidem
1339 2458 1498 2490 scrihere
1516 2457 1694 2493 voluIsset,
1721 2456 1882 2488 dixisset:

110 2518 151 2541 no
173 2510 259 2540 vires
283 2509 413 2548 quidem
436 2519 523 2540 nune
547 2510 703 2541 desidero.
732 2527 766 2531 —
794 2510 843 2541 his
865 2511 951 2541 enim
975 2510 1032 2541 ΕΡ
1056 2526 1100 2532 -
1125 2510 1153 2540 2.
1181 2509 1267 2540 alter
1290 2510 1437 2540 Diuitias
1460 2510 1483 2540 P
1511 2525 1546 2530 —-
1574 2508 1790 2538 adulescentis
1815 2506 1883 2538 E¹P

114 2576 149 2582 -
176 2560 267 2591 tauri
292 2560 316 2591 E
341 2559 421 2591 add.
442 2569 518 2600 sup.
540 2559 598 2591 lin.
624 2561 713 2591 uires
738 2576 772 2581 —
801 2560 830 2591 3.
858 2560 990 2599 elefanti
1014 2561 1051 2597 P,
1077 2560 1255 2599 elephantis
1279 2560 1389 2596 BRs,
1423 2558 1601 2598 elephantis
1623 2559 1711 2589 uires
1735 2559 1747 2590 l
1775 2576 1808 2580 —
1836 2559 1885 2589 uli

112 2610 200 2642 decet
223 2610 243 2641 S
268 2627 310 2632 —-
342 2610 501 2649 quicquid
525 2611 548 2641 C
584 2627 618 2631 —
653 2609 684 2642 4.
712 2610 933 2649 contempcior
955 2617 1022 2640 esse
1047 2610 1056 2639 l
1091 2626 1124 2630 —
1159 2610 1191 2640 5.
1217 2610 1382 2640 coloniate
1406 2610 1442 2640 Ρι
1470 2627 1503 2630 -
1537 2617 1602 2639 sese
1627 2609 1651 2639 E
1678 2625 1712 2630 —
1739 2608 1770 2639 7.
1796 2611 1881 2640 sunl.

113 2659 146 2692 C.
166 2660 239 2691 Nou
263 2661 288 2691 R
315 2676 350 2681 -—-
377 2659 408 2691 8.
427 2660 514 2691 enim
539 2668 608 2691 om.
628 2659 652 2690 E
681 2676 715 2681 —
742 2668 925 2698 numquam
944 2659 980 2689 E¹
1011 2675 1041 2680 -
1070 2658 1100 2689 9.
1120 2662 1234 2689 seoetus
1251 2658 1400 2689 aemilius
1418 2658 1442 2689 C
1471 2674 1505 2679 —
1535 2658 1581 2688 Ti.
1603 2658 1642 2688 P:
1672 2659 1749 2689 titus
1767 2657 1832 2698 (vel
1845 2659 1884 2696 t.)

113 2709 221 2740 BlRS
249 2726 282 2730 —
318 2710 370 2740 45,
398 2718 503 2740 annos
525 2718 613 2740 meos
635 2710 690 2740 sed
714 2710 738 2740 R
767 2727 801 2732 —
836 2710 972 2739 decorus
995 2711 1041 2739 est
1065 2708 1148 2743 RO;
1181 2708 1235 2738 sed
1259 2711 1366 2738 tamen
1390 2712 1434 2739 esc
1457 2708 1540 2738 senis
1563 2716 1668 2738 sermo
1693 2709 1819 2746 quietus
1844 2716 1885 2738 ac

112 2759 266 2790 remissus
289 2759 419 2790 Nonius
444 2768 477 2800 p.
494 2759 568 2797 383,
586 2758 626 2790 24
654 2774 688 2780 -
718 2759 770 2790 46.
795 2759 942 2799 facitque
961 2766 1119 2797 persaepe
1143 2758 1215 2796 ipsa
1238 2757 1297 2788 sibi
1323 2758 1492 2788 audientia
1517 2758 1661 2788 dissertis
1683 2758 1886 2789 sermonibus

113 2813 143 2841 et
164 2810 253 2840 mitis
275 2809 384 2839 oratio
414 2809 509 2840 idem
533 2818 566 2850 p.
586 2809 661 2847 343,
680 2808 720 2839 -23
758 2826 791 2829 —
832 2809 883 2839 Π.
908 2809 1100 2847 praecipere
1122 2807 1260 2846 scipioni
1285 2809 1296 2838 l
1332 2825 1365 2829 ——
1407 2807 1456 2838 ⁴8.
1483 2808 1569 2838 enim
1591 2811 1636 2839 est
1662 2808 1804 2840 EIPS:
1839 2810 1886 2839 est

113 2860 199 2891 enim
222 2859 298 2896 BR,
324 2862 369 2890 est
393 2868 463 2890 om.
485 2860 509 2890 O
537 2876 570 2881 —
601 2858 651 2890 1¹9.
679 2868 723 2889 an
748 2867 786 2889 ne
808 2858 867 2888 has
892 2856 1004 2894 ΕΗΒ,
1030 2857 1167 2888 annales
1191 2857 1315 2892 BE¹P‚
1341 2865 1385 2887 an
1408 2856 1490 2889 tales
1513 2857 1554 2893 S;
1580 2866 1624 2887 an
1647 2866 1687 2888 ne
1710 2858 1785 2888 illas
1808 2857 1885 2898 qui-

114 2910 186 2942 dem
216 2909 355 2941 videtur
383 2908 611 2940 scribendum
643 2917 722 2940 esse
761 2925 794 2930 -
833 2909 1049 2946 relinquimus
1079 2907 1127 2937 C:
1166 2906 1386 2945 relinquemus
1409 2907 1458 2938 O:
1497 2906 1539 2936 cs.
1566 2906 1728 2947 Madvigii
1753 2908 1881 2948 Opusc.

115 2959 162 2998 Il,
188 2958 228 2991 40
252 2977 295 2982 -
325 2960 544 2990 adulescentes
568 2960 626 2990 BP
651 2958 884 2998 (adulescentis
906 2959 930 2989 P
955 2959 1082 2993 corr.):
1117 2957 1333 2987 adolescentes
1358 2955 1488 2991 Eius,
1515 2956 1770 2988 adolescentulos
1793 2957 1818 2988 Ο
1846 2974 1880 2978 -

115 3009 168 3040 20.
192 3017 312 3039 munus
334 3009 433 3049 officii
456 3010 468 3039 1
495 3026 529 3030 —
559 3009 610 3039 21.
633 3008 784 3047 pulcrius
807 3009 819 3038 1
847 3025 882 3029 —
909 3010 938 3038 et
956 3007 1026 3038 ΘΝ.
1047 3009 1076 3037 et
1092 3006 1124 3036 P.
1145 3006 1214 3043 ΕΡ,
1242 3009 1270 3036 et
1287 3013 1388 3045 yneus
1414 3005 1538 3045 (yneius
1555 3006 1592 3042 R)
1617 3009 1646 3036 et
1667 3015 1701 3045 p.
1730 3006 1843 3045 (publii
1859 3007 1882 3045 1)

115 3058 222 3090 BIRS
250 3076 283 3081 —
310 3062 339 3089 et
355 3061 435 3090 ante
452 3059 485 3090 Ρ.
513 3067 582 3089 om.
604 3059 625 3089 P
652 3074 685 3078 —
715 3059 779 3088 duo
803 3058 835 3087 in
855 3057 879 3088 E
897 3058 1103 3097 punctatum
1133 3073 1164 3077 —-
1194 3056 1243 3086 22.
1264 3057 1448 3094 affricanus
1466 3055 1557 3093 Bis,
1576 3058 1613 3086 ut
1631 3055 1702 3087 lere
1722 3065 1880 3097 semper;

116 3109 280 3148 affranius
305 3108 328 3139 E
361 3125 396 3130 —
434 3108 487 3139 23.
512 3108 666 3148 magistri
691 3108 854 3138 bonarum
877 3108 1006 3137 arcium
1030 3106 1043 3136 1
1078 3123 1111 3127 —
1149 3106 1202 3137 ⁶24.
1229 3106 1414 3145 defecerunt
1439 3106 1475 3136 Ρι
1503 3122 1538 3127 —-
1571 3106 1645 3145 ipsa
1668 3107 1733 3137 ista
1757 3108 1792 3143 P,
1819 3106 1883 3138 sed

118 3156 242 3189 additis
266 3158 544 3198 transpositionis
568 3158 674 3197 signis
703 3173 735 3178 —
772 3157 824 3187 26.
851 3158 1007 3187 senectuti
1031 3157 1134 3186 tradit
1158 3157 1170 3186 l
1198 3173 1230 3177 —
1267 3156 1317 3186 27.
1345 3155 1482 3193 quidam
1507 3155 1530 3186 E
1559 3172 1592 3176 —
1625 3157 1835 3195 xenosontem
1860 3156 1883 3186 P

121 3224 156 3229 —
182 3208 458 3245 quemadmodum
483 3208 538 3239 ΕΡ
566 3210 615 3246 [ex
641 3216 739 3246 quom
756 3207 943 3245 admodum)
972 3223 1006 3227 —-
1040 3206 1092 3237 228.
1118 3209 1232 3236 senect.
1259 3214 1355 3236 suam
1379 3207 1512 3236 sensisse
1536 3206 1577 3242 R,
1605 3206 1668 3237 sed
1693 3207 1826 3237 sensisse
1851 3205 1883 3235 in

119 3264 229 3296 marg.
250 3266 295 3288 m.
314 3258 333 3288 Ξ
359 3256 560 3297 suppletum
586 3275 621 3279 —
648 3257 880 3288 inbecilliorem
905 3257 983 3288 BlR
1013 3274 1044 3278 —
1073 3256 1125 3287 29.
1144 3256 1267 3286 lucium
1290 3256 1334 3286 is
1362 3273 1396 3277 —
1424 3255 1475 3286 30.
1495 3264 1676 3286 maxumus
1699 3256 1742 3286 lS
1766 3274 1806 3278 —
1832 3255 1883 3288 32.

118 3305 245 3337 uiribus
267 3314 333 3336 esse
355 3306 430 3337 BIS
457 3323 492 3328 —
519 3307 706 3346 acquireret
729 3308 755 3338 R
781 3308 999 3348 (corruptum
1024 3314 1066 3338 ex
1091 3306 1301 3346 anquireret,
1327 3307 1365 3337 ut
1387 3305 1521 3337 hahent
1544 3305 1630 3337 dett.
1657 3306 1782 3347 pauci).

176 3364 293 3395 menno
319 3365 352 3395 τ.
373 3364 422 3397 iv,
1540 3365 1594 3407 38
