2249 3624
335 153 415 194 3⁶24
773 152 1197 193 TUSCULANARUM
1227 152 1665 193 DISPUTATIONUM

336 262 445 301 enim
483 261 587 300 haec
630 264 745 307 suut,
787 259 858 312 qui
900 265 1073 299 eventus
1113 258 1316 298 humanos
1358 257 1596 310 superiores
1637 270 1762 310 quam
1801 270 1900 298 suos
1939 258 2100 297 animos

335 337 425 364 esse
457 324 629 363 ducunt.

445 385 602 424 XXIX.
635 382 700 422 62.
734 383 825 432 Qua
858 398 900 423 re
934 384 1119 424 omnium
1153 383 1526 436 philosophorum,
1560 388 1605 422 ut
1635 389 1730 422 ante
1753 382 1862 430 dixi,
1894 396 1977 422 una
1997 381 2102 421 ratio

333 455 394 488 est
429 446 644 494 medendi,
686 452 731 485 ut
762 447 889 494 nihil,
922 447 1044 500 quale
1077 447 1129 485 sit
1159 444 1282 492 iilud,
1317 445 1430 498 quod
1462 445 1679 498 perturbet
1709 445 1912 492 animum,
1948 444 2022 484 sed
2054 444 2104 483 de

300 512 421 565 5ipsa
454 510 507 549 sit
538 509 850 562 perturbatione
883 508 1121 548 dicendum.
1170 508 1315 559 Itaque
1349 507 1526 559 primum
1558 508 1600 546 in
1623 508 1710 561 ipsa
1733 506 1977 559 cupiditate,
2012 519 2106 546 cum

331 574 372 613 id
404 573 539 612 solum
572 572 726 624 agitur,
761 578 804 611 ut
835 585 881 611 ea
915 570 1097 616 tollatur,
1131 582 1214 608 non
1246 575 1307 608 est
1335 569 1640 621 quaerendum,
1672 569 1827 609 bonum
1850 568 1953 608 illud
1977 581 2107 608 necne

332 638 402 684 sit,
435 635 549 689 quod
581 634 810 673 lubidinem
845 638 1026 678 moveat,
1060 631 1132 670 sed
1162 630 1306 670 lubido
1338 632 1429 684 ipsa
1461 632 1645 672 tollenda
1669 638 1750 680 est,
1783 638 1828 672 ut
1858 632 1959 679 sive,
1993 630 2105 684 quod

331 700 553 739 honestum
587 702 670 742 est,
702 695 742 734 id
767 696 818 734 sit
842 707 1047 734 summum
1081 690 1235 732 honum
1269 693 1356 732 sive
1389 693 1579 746 voluptas
1602 695 1689 733 sive
1711 695 1858 734 horum
1880 700 2107 747 utrumque

331 762 597 802 coniunctum
631 759 718 797 sive
749 757 825 796 tria
857 756 926 795 illa
960 768 1110 808 genera
1143 755 1360 802 bonorum,
1393 761 1545 803 tamen,
1578 757 1700 796 etiam
1734 757 1767 796 si
1792 757 1955 796 virtutis
1976 755 2108 809 ipsius

282 836 317 864 40
332 822 622 864 vehementior
651 819 861 872 adpetitus
893 818 958 864 sit,
993 817 1138 857 eadem
1173 817 1225 856 sit
1256 817 1446 857 omnibus
1469 818 1518 857 ad
1543 819 1837 858 deterrendum
1870 817 2106 858 adhibenda

331 887 479 926 oratio.
536 883 729 923 Continet
768 886 907 920 autem
940 894 1107 919 omnem
1140 879 1400 920 sedationem
1433 880 1558 919 animi
1592 880 1771 921 humana
1804 881 1843 919 in
1878 886 2103 932 conspectu

329 948 466 1002 posita
498 952 665 992 natura,
709 956 817 997 quae
849 956 933 994 quo
962 942 1126 981 facilius
1159 955 1355 995 expressa
1387 949 1601 990 cernatur,
1643 942 1892 996 explicanda
1925 948 1986 982 est
2017 955 2107 981 ora-

330 1012 443 1051 tione
475 1007 706 1048 communis
739 1005 924 1045 conditio
953 1005 1107 1058 lexque
1140 1005 1260 1044 vitae.
1322 1001 1387 1042 53.
1421 1005 1566 1057 ltaque
1600 1018 1682 1044 non
1715 1006 1805 1045 sine
1837 1017 1981 1051 causa,
2014 1016 2106 1044 cum

330 1073 519 1113 Orestem
551 1069 734 1111 fabulam
768 1068 937 1107 doceret
958 1066 1202 1119 Euripides,
1234 1067 1391 1119 primos
1424 1067 1495 1106 tris
1528 1080 1673 1107 versus
1707 1080 1923 1107 revocasse
1956 1066 2110 1106 dicitur

281 1149 316 1176 ,15
331 1137 524 1176 Socrates
541 1149 549 1173 z

554 1196 738 1248 Neque
773 1200 871 1234 tam
904 1193 1191 1232 terribilis
1226 1193 1329 1233 ulla
1361 1192 1521 1232 fando
1555 1193 1727 1232 oratio
1761 1200 1838 1233 est

554 1260 654 1298 Nec
686 1271 800 1297 sors
833 1270 925 1296 nec
957 1256 1033 1295 ira
1067 1255 1316 1295 caelitum
1350 1255 1614 1294 invectum
1650 1254 1856 1302 malum,

558 1321 702 1369 Quod
734 1333 837 1359 non
871 1325 1059 1359 natura
1090 1319 1316 1358 humana
1349 1317 1605 1370 patiendo
1639 1317 1856 1357 ecferat.

329 1388 401 1427 Est
432 1392 569 1425 autem
603 1383 716 1423 utilis
748 1382 798 1423 ad
838 1381 1178 1435 persuadendum
1220 1394 1287 1427 ea,
1329 1393 1435 1434 quae
1477 1379 1725 1427 acciderint,
1763 1380 1860 1420 ferri
1902 1387 1943 1420 et
1984 1394 2108 1433 posse

280 1456 369 1489 Qoet
411 1453 603 1501 oportere
645 1444 904 1484 enumeratio
946 1457 1111 1490 eorum,
1155 1443 1225 1496 qui
1266 1443 1462 1482 tulerunt.
1510 1443 1596 1483 Etsi
1639 1443 1912 1495 aegritudinis
1945 1444 2106 1483 sedatio

331 1518 371 1552 et
401 1512 596 1551 hesterna
631 1507 916 1561 disputatione
950 1506 1157 1560 explicata
1190 1512 1250 1545 est
1283 1512 1323 1545 et
1353 1506 1394 1544 in
1419 1504 1729 1545 Consolationis
1762 1505 1882 1552 libro,
1914 1519 2039 1559 quem
2064 1506 2105 1545 in

331 1574 468 1614 medio
493 1594 544 1599 ——
567 1584 651 1610 non
685 1570 795 1609 enim
826 1569 1037 1622 sapientes
1060 1582 1224 1608 eramus
1251 1591 1297 1595 —
1322 1580 1509 1607 maerore
1534 1574 1574 1607 et
1596 1568 1742 1608 dolore
1766 1568 2105 1621 conscripsimus,

331 1637 534 1691 quodque
568 1638 676 1672 vetat
717 1631 994 1685 Chrysippus,
1036 1631 1088 1670 ad
1130 1631 1308 1671 recentis
1350 1630 1468 1683 quasi
1501 1636 1684 1670 tumores
1717 1631 1843 1670 animi
1876 1630 2103 1670 remedium

269 1698 272 1700 ’
331 1698 546 1743 adhibere,
578 1696 618 1734 id
652 1708 727 1734 nos
758 1693 934 1734 fecimus
967 1700 1225 1747 naturaeque
1258 1694 1337 1732 vim
1371 1692 1606 1740 attulimus,
1640 1700 1682 1733 ut
1715 1693 1992 1746 magnitudini
2024 1707 2107 1733 me-

281 1772 317 1801 25
331 1761 496 1801 dicinae
529 1758 685 1798 doloris
718 1757 960 1809 magnitudo
993 1757 1257 1796 concederet.

443 1822 580 1862 XXX.
615 1819 680 1858 64.
724 1819 804 1859 Sed
846 1820 1120 1872 aegritudini,
1161 1820 1210 1858 de
1248 1833 1328 1872 qua
1360 1819 1458 1858 satis
1491 1825 1552 1858 est
1584 1818 1863 1872 disputatum,
1909 1817 2107 1859 finitimus

332 1893 393 1927 est
423 1891 576 1932 metus,
617 1884 667 1924 de
707 1898 790 1937 quo
822 1896 955 1935 pauca
987 1882 1163 1922 dicenda
1204 1889 1312 1922 sunt.
1367 1883 1440 1922 Est
1470 1882 1581 1921 enim
1613 1887 1769 1929 metus,
1811 1888 1856 1921 ut
1887 1882 2106 1935 aegritudo

331 1948 586 2003 praesentis,
633 1947 691 1986 sic
737 1946 806 1986 ille
850 1945 976 1985 futuri
1020 1945 1128 1985 mali.
1177 1945 1318 1998 ltaque
1364 1959 1446 1984 non
1489 1945 1590 1984 nulli
1630 1944 1905 1997 aegritudinis
1947 1952 2107 1999 partem

331 2012 540 2066 quandam
573 2016 728 2049 metum
761 2022 852 2048 esse
886 2008 1102 2055 dicebant3
1134 2007 1203 2047 alii
1235 2014 1373 2047 autem
1409 2015 1563 2048 metum
1597 2007 1934 2061 praemolestiam
1964 2008 2108 2062 appel-

282 2076 491 2122 3olabant‚
525 2073 637 2128 quod
672 2078 781 2112 esset
814 2071 933 2124 quasi
966 2070 1050 2110 dux
1083 2071 1382 2123 consequentis
1416 2071 1643 2111 molestiae.
1693 2070 1856 2118 Quibus
1888 2070 2015 2123 igitur
2045 2084 2108 2110 ra-

331 2138 517 2177 tionibus
552 2135 747 2175 instantia
780 2133 983 2181 feruntur,
1016 2132 1174 2172 eisdem
1208 2139 1535 2174 contemnuntur
1562 2133 1798 2187 sequentia.
1838 2134 1940 2173 Nam
1963 2133 2109 2173 viden-

333 2202 430 2240 dum
463 2206 525 2239 est
557 2200 597 2238 in
630 2198 835 2250 utrisque,
878 2210 929 2235 ne
962 2195 1061 2248 quid
1094 2195 1275 2243 humile,
1309 2197 1590 2243 summissum,
1623 2196 1763 2242 molle,
1796 2196 2107 2244 ecfeminatum,

330 2262 506 2302 fractum
549 2261 841 2311 abiectumque
873 2259 1087 2298 faciamus.
1146 2258 1225 2298 Sed
1260 2272 1513 2314 quamquam
1547 2261 1597 2300 de
1634 2260 1767 2314 ipsius
1800 2265 1933 2299 metus
1963 2259 2108 2299 incon-

333 2326 502 2372 stantia,
545 2322 838 2368 inbecillitate,
878 2322 1046 2361 levitate
1079 2320 1301 2361 dicendum
1335 2328 1421 2369 est,
1464 2329 1600 2362 tamen
1633 2321 1809 2362 multum
1842 2320 2014 2374 prodest
2045 2334 2107 2369 ea,

286 2399 441 2440 35quae
474 2391 727 2431 metuuntur,
760 2386 849 2437 ipsa
882 2390 1163 2424 contemnere.
1211 2384 1358 2438 Itaque
1390 2385 1477 2424 sive
1511 2398 1609 2425 casu
1633 2383 1785 2424 accidit
1807 2383 1894 2423 sive
1917 2383 2107 2431 consilio,

333 2449 626 2502 percommode
669 2447 821 2487 factum
856 2453 940 2494 est,
986 2447 1098 2500 quod
1132 2447 1190 2486 eis
1223 2447 1273 2486 de
1311 2447 1456 2495 rebus,
1499 2461 1606 2501 quae
1638 2447 1818 2486 maxime
1851 2452 2108 2493 metuuntur,

334 2514 383 2551 de
426 2519 556 2551 morte
597 2517 635 2550 et
677 2510 726 2549 de
771 2509 935 2557 dolore,
979 2510 1111 2563 primo
1156 2516 1195 2549 et
1237 2524 1445 2562 proxumo
1478 2510 1545 2550 die
1577 2511 1833 2563 disputatum
1868 2515 1941 2549 est.
1989 2509 2108 2557 Quae

334 2576 366 2614 si
398 2576 568 2629 probata
599 2579 717 2621 sunt,
749 2578 861 2612 metu
895 2586 1043 2624 magna
1076 2586 1127 2612 ex
1159 2579 1276 2626 parte
1308 2573 1471 2613 liberati
1506 2587 1663 2613 sumus.

417 2638 572 2677 XXXI.
598 2636 663 2676 65.
687 2639 743 2676 Ac
765 2636 815 2675 de
838 2635 1039 2675 malorum
1064 2635 1264 2688 opinione
1285 2635 1512 2675 hactenus:
1535 2634 1752 2674 videamus
1775 2648 1885 2674 nunc
1908 2634 1959 2673 de
1976 2634 2109 2673 bono-

289 2715 324 2740 ιω
336 2714 439 2746 rum,
462 2700 502 2738 id
524 2706 585 2739 est
602 2700 652 2738 de
670 2698 827 2738 laetitia
850 2704 890 2737 et
913 2698 964 2737 de
982 2697 1225 2750 cupiditate.
1260 2697 1360 2736 Mihi
1380 2698 1551 2750 quidem
1571 2697 1612 2735 in
1632 2702 1718 2736 tota
1739 2696 1899 2736 ratione
1918 2709 1978 2743 ea,
1998 2708 2107 2749 quae

335 2763 515 2815 pertinet
538 2762 588 2802 ad
611 2761 738 2801 animi
762 2759 1134 2813 perturbationem,
1153 2772 1236 2799 una
1257 2773 1323 2799 res
1346 2759 1514 2800 videtur
1530 2772 1697 2799 causam
1720 2758 1950 2806 continere,
1972 2757 2108 2798 omnis

422 2932 438 2961 ‘2
478 2931 587 2960 dicunt
612 2930 635 2960 C
664 2946 697 2950 —
727 2930 758 2959 9.
784 2929 892 2959 uirtus
914 2930 939 2959 R
968 2944 1000 2949 —
1032 2928 1083 2958 43.
1110 2937 1172 2957 mm
1199 2928 1266 2958 sine
1289 2936 1410 2963 causa,
1437 2936 1511 2958 cum
1537 2927 1658 2959 Orestis
1680 2927 1828 2966 fabulam
1853 2927 1981 2957 doceret
2003 2926 2106 2956 Euri-

328 2982 421 3020 pides
445 2980 641 3011 Priscianus
669 2979 721 3016 Vl,
750 2980 760 3009 1¹
777 2980 801 3015 i,
829 2979 881 3009 01.
912 2996 945 3001 -
976 2977 1026 3009 44.
1054 2977 1175 3008 diceret
1200 2977 1223 3008 C
1244 2994 1278 2999 -
1309 2978 1361 3009 46.
1388 2978 1500 3016 Neque
1523 2981 1591 3008 tam
1608 2977 1824 3017 --paliendo
1847 2977 1934 3016 ferat
1956 2976 2105 3008 Priscia-

333 3038 397 3061 nus
423 3029 466 3060 de
492 3028 613 3059 metris
631 3028 661 3063 ’2,
681 3030 733 3058 49.
758 3045 790 3048 -
818 3028 920 3067 fando
945 3027 1031 3058 ratio
1057 3027 1080 3058 C
1107 3028 1140 3057 et
1166 3027 1374 3058 Priscianus.
1397 3045 1431 3049 -—
1461 3028 1512 3059 47.
1539 3036 1594 3057 sor
1619 3026 1674 3060 G¹:
1699 3028 1769 3066 fors
1793 3027 1866 3058 G2R
1882 3027 1906 3058 B
1926 3043 1960 3048 —
1985 3027 2105 3057 inuen-

327 3075 399 3111 'lum
425 3080 449 3111 C
478 3096 511 3100 —-
541 3080 591 3110 43.
620 3086 683 3107 non
707 3086 775 3108 om.
798 3079 890 3108 61-
919 3078 969 3108 49.
997 3080 1107 3107 autem
1125 3076 1167 3107 C:
1195 3077 1293 3106 etiam
1320 3077 1344 3107 O
1368 3094 1396 3099 -
1428 3078 1480 3109 ⁶20,
1508 3078 1664 3108 tullerunt
1688 3078 1818 3109 GR1-
1847 3076 1898 3109 24.
1926 3077 2106 3108 attullimus

333 3130 395 3160 GR
423 3145 455 3150 —-
486 3131 519 3158 ut
543 3136 616 3158 cum
640 3129 898 3167 magnitudine·
916 3144 931 3149 —
948 3128 1134 3158 concederet
1160 3127 1289 3158 Nonius
1316 3135 1347 3167 p.
1369 3127 1443 3158 270.
1475 3144 1508 3149 —
1543 3127 1596 3159 28.
1622 3128 1670 3158 illi
1696 3128 1759 3158 GR
1789 3145 1822 3149 —
1850 3127 1902 3158 29.
1926 3135 2012 3166 prae
2033 3135 2106 3157 mo—

331 3179 425 3210 lestia
455 3179 478 3209 C
511 3195 545 3199 —
581 3178 633 3208 30.
661 3181 737 3208 esset
768 3176 934 3217 Bentley:
969 3180 1013 3208 est
1044 3177 1068 3208 C
1104 3194 1137 3198 —
1173 3175 1226 3207 40.
1260 3185 1299 3206 ea
1332 3177 1428 3215 quae]
1461 3186 1564 3216 eaque
1596 3178 1619 3208 R
1653 3195 1685 3199 —
1720 3176 1772 3208 41.
1796 3177 1960 3215 pertinent
1983 3176 2046 3206 GR
2073 3180 2105 3209 et

334 3235 521 3268 tsuperscr.
550 3228 611 3265 nel)
637 3227 672 3257 B.
708 3228 791 3258 Vide
817 3228 859 3259 ad
886 3229 940 3262 ΙΙΙ,
967 3229 1019 3260 31.
1048 3246 1080 3249 -
1106 3226 1370 3266 perturbationes
1394 3227 1419 3258 O
1445 3236 1507 3258 «ex
1533 3228 1732 3258 coniectura
1758 3225 1915 3258 Bentleii.
1943 3225 2106 3257 Omnium

334 3277 495 3309 codicum
521 3276 730 3316 scripturam
753 3276 1035 3316 perturbationem
1058 3279 1155 3309 recte
1182 3285 1199 3308 3
1225 3276 1440 3318 Wopkensio
1465 3279 1570 3317 atque
1596 3275 1639 3308 ab
1666 3275 1801 3309 Handio
1819 3276 1864 3317 (p.
1883 3275 1955 3315 448)
1981 3273 2107 3308 cleren-
