2249 3624
234 181 316 227 844
903 185 974 225 DE
1004 185 1072 225 RE
1103 184 1327 226 PUBLICA

234 297 472 332 commentus
502 299 571 339 est,
604 291 669 332 sed
698 292 868 331 sollertis
897 292 1043 331 somnii
1072 292 1304 331 rationabili
1333 291 1504 344 quadam
1533 291 1821 344 imaqinatione
1851 307 2005 348 compo-

233 356 333 403 suit,
365 356 542 395 videlicet
569 356 663 395 scite
692 355 920 406 siqnisicans
959 354 1085 401 haec,
1128 367 1236 408 quae
1268 353 1319 393 de
1350 354 1513 393 animae
1545 354 1858 397 immortalitate
1890 357 2004 398 dice-

234 422 380 457 rentur
409 418 631 470 caeloque,
674 430 760 456 non
801 417 1099 457 somniantium
1140 416 1493 470 philosophorum
1533 430 1625 457 esse
1664 425 1900 460 commenta
1930 434 2008 462 neo

233 478 395 520 fabulas
425 479 708 527 incredibiles,
741 492 843 532 quas
866 479 1061 532 Epicurei
1093 478 1299 526 derident,
1331 479 1402 518 sed
1436 478 1706 531 prudentium
1728 482 2007 524 coniecturas.

202 542 418 584 5Insinuat
452 544 675 594 Scipionem
719 543 858 588 illum,
915 543 983 593 qui
1027 542 1276 593 Karthaqine
1330 542 1542 594 subiuqata
1580 556 1791 595 coqnomen
1825 545 2009 597 familiae

228 607 380 657 peperit
409 605 663 659 Africanum,
695 605 788 644 huic
817 604 1017 656 Scipioni,
1048 604 1167 643 Pauli
1192 605 1298 655 filio,
1326 605 1490 656 suturas
1519 617 1545 644 a
1566 607 1808 658 propinquis
1837 608 2009 649 insidias

232 673 266 707 et
292 669 433 719 fatalis
462 674 584 708 metae
613 668 846 707 denuntiare
878 667 1140 714 curriculum,
1175 667 1277 719 quod
1305 668 1532 707 necessitate
1559 681 1818 709 numerorum
1844 671 1886 710 in
1905 672 2009 712 vitae

222 731 422 782 perfectae
451 736 629 782 tempora
657 735 882 777 coartetur,
918 731 1106 781 ponitque
1144 730 1258 769 illum
1297 731 1440 770 aetatis
1474 743 1568 770 suae
1605 732 1931 784 quinquaqesimo
1962 747 2009 774 ac

230 799 342 832 sexto
373 806 491 843 anno,
522 794 671 833 duobus
701 794 743 832 in
773 806 811 832 se
841 793 1067 832 coeuntibus
1097 794 1274 833 numeris
1304 793 1524 832 absolutam
1555 794 1662 833 caelo
1687 795 1877 841 animam,
1909 797 2010 836 unde

181 868 215 897 4ο
230 862 446 908 acceperat,
480 857 754 905 redditurum,
787 856 890 908 quod
920 862 955 895 et
983 856 1226 895 immortalis
1256 862 1352 895 esset
1381 857 1509 895 animi
1539 857 1755 908 mentisque
1785 858 2009 899 substantia

229 925 264 958 et
292 919 382 958 bene
411 921 567 959 meritis
595 921 639 960 de
670 933 712 959 re
739 919 843 971 publ.
871 920 1105 971 patriaeque
1135 919 1358 959 custodibus
1388 919 1503 958 lactei
1529 920 1672 958 circuli
1693 920 1826 960 lucida
1847 934 1894 961 ac
1914 934 2008 961 can-

227 982 322 1021 dens
350 983 541 1022 habitatio
578 983 794 1022 deberetur.
887 980 1158 1033 (Favonius
1189 981 1441 1034 Eulogius
1480 982 1627 1022 Comm.
1658 982 1710 1022 ad
1740 996 1865 1023 somn.
1897 984 2006 1036 Scip.

228 1057 321 1098 pag.
343 1041 437 1084 438.
471 1043 634 1098 Graev.)

342 1107 409 1146 IV.
457 1105 495 1147 4.
542 1109 629 1148 Non
667 1108 769 1147 nulli
807 1107 954 1152 nostri,
986 1113 1155 1158 propter
1193 1107 1388 1159 quoddam
1419 1107 1794 1158 praeclarissimum
1827 1107 2009 1160 loquendi

179 1181 349 1222 t5qenus
380 1175 414 1209 et
436 1177 604 1223 propter
633 1184 712 1210 non
741 1171 876 1218 nulla,
910 1183 1008 1222 quae
1038 1171 1233 1209 reraciter
1262 1171 1394 1215 sensit,
1428 1175 1606 1209 amantes
1637 1171 1843 1209 Platonem
1872 1171 2009 1210 dicunt

229 1245 317 1271 eum
346 1232 500 1284 aliquid
529 1234 654 1272 simile
682 1233 794 1272 nobis
824 1233 943 1272 etiam
972 1233 1017 1271 de
1049 1239 1297 1271 mortuorum
1335 1233 1624 1271 resurrectione
1656 1234 1832 1272 sensisse.
1898 1233 2012 1282 Quod

230 1294 384 1346 quidem
424 1295 482 1334 sic
521 1296 647 1347 tanqit
687 1296 729 1334 in
768 1295 882 1334 libris
919 1295 963 1334 de
1003 1295 1233 1347 republica
1267 1295 1439 1341 Tullius,
1482 1299 1527 1334 ut
1558 1308 1653 1334 eum
1686 1295 1838 1335 lusisse
1870 1295 2010 1348 potius

231 1369 355 1410 quam
389 1357 501 1410 quod
538 1356 608 1411 [id]
644 1372 789 1398 verum
822 1363 945 1404 esset,
978 1356 1169 1397 adfirmet
1201 1357 1341 1397 dicere
1375 1357 1572 1397 voluisse.
1632 1358 1780 1397 Indicit
1809 1359 1913 1398 enim
1942 1359 2012 1398 ho-

229 1420 375 1459 minem
404 1421 600 1460 reuixisse
630 1428 664 1460 et
694 1433 884 1460 narrasse
915 1421 1127 1473 quaedam,
1170 1434 1268 1472 quae
1298 1421 1520 1459 Platonicis
1550 1420 1887 1472 disputationibus
1916 1434 2008 1461 con-

180 1483 434 1535 eom-ucham.
497 1481 829 1536 (Augustinus
869 1483 913 1523 de
943 1484 1049 1522 civit.
1081 1484 1142 1522 dei
1174 1483 1315 1527 XXII,
1349 1481 1430 1534 ⁶28.)

343 1547 392 1586 V.
425 1545 462 1585 ὅ.
494 1547 543 1585 In
572 1547 646 1585 hoc
676 1553 805 1585 tamen
834 1546 892 1585 rel
922 1547 1098 1585 maxime
1128 1547 1259 1598 operis
1288 1546 1588 1585 similitudinem
1617 1546 1789 1585 servavit
1819 1546 2007 1594 imitatio,

231 1610 333 1663 quod
362 1623 450 1649 cum
472 1610 587 1648 Plato
618 1610 661 1647 in
689 1609 902 1647 voluminis
932 1608 999 1657 (de
1030 1621 1071 1648 re
1099 1607 1226 1660 publ.)
1259 1609 1505 1648 conclusione
1535 1621 1561 1647 a
1590 1608 1761 1660 quodam
1789 1610 1893 1649 vitae
1922 1610 2011 1649 red-

230 1673 328 1719 dito,
365 1685 483 1724 quam
514 1673 718 1724 reliquisse
747 1671 966 1718 videbatur,
1000 1672 1175 1711 indicari
1200 1672 1329 1723 saciat
1359 1672 1426 1723 qui
1457 1672 1508 1710 sit
1538 1677 1754 1710 exutarum
1779 1673 2010 1724 corporibus

231 1740 357 1774 status
386 1735 629 1780 animarum,
663 1735 815 1773 adiecta
846 1735 1018 1786 quadam
1048 1735 1312 1786 sphaerarum
1345 1734 1400 1773 rel
1421 1734 1595 1773 siderum
1615 1746 1694 1772 non
1715 1734 1844 1773 otiosa
1863 1735 2012 1774 descri-

181 1798 372 1850 25ptione,
406 1810 541 1837 rerum
568 1798 693 1850 facies
722 1810 801 1836 non.
831 1798 1046 1836 dissimilia
1076 1798 1307 1849 siqnificans
1337 1811 1361 1835 a
1385 1797 1568 1835 Tulliano
1591 1796 1774 1848 Scipione
1797 1809 1873 1848 per
1903 1798 2012 1849 quie-

232 1868 307 1900 tem
337 1861 411 1899 sibi
441 1861 593 1912 inyesta
621 1866 831 1899 narratur.
894 1859 1196 1911 (Macrobius
1235 1861 1277 1899 in
1307 1873 1433 1900 somn.
1469 1860 1576 1911 Scip.
1608 1859 1642 1909 I,
1676 1855 1713 1906 ¹l,
1745 1857 1773 1911 §
1796 1856 1852 1911 ⁶2.)

347 1924 415 1963 V[.
447 1921 485 1962 6.
518 1924 636 1962 Hunc
666 1923 843 1961 ordinem
867 1923 1020 1961 Tullius
1050 1935 1128 1961 non
1160 1924 1310 1962 minore
1341 1923 1488 1961 iudicio
1520 1935 1726 1961 reservans
1756 1935 1875 1974 quam
1905 1923 2012 1975 inqe-

231 1988 299 2026 nio
329 1992 508 2039 repertus
539 1992 606 2024 est.
666 1986 884 2039 Postquam
923 1986 967 2024 in
1007 1986 1116 2024 omni
1155 1986 1215 2024 rei
1246 1986 1427 2037 publicae
1466 1985 1546 2024 otio
1577 1997 1624 2024 ac
1652 1986 1807 2036 neqotio
1830 1986 2012 2037 palmam

231 2051 409 2090 iustitiae
438 2049 674 2101 disputando
705 2049 823 2095 dedit,
856 2061 996 2087 sacras
1025 2050 1315 2088 immortalium
1345 2049 1575 2087 animarum
1605 2048 1712 2086 sedes
1733 2054 1766 2086 et
1788 2049 2012 2088 caelestium

181 2120 219 2151 30
232 2126 385 2152 arcana
422 2113 627 2164 reqionum
666 2112 705 2150 in
744 2112 830 2163 ipso
862 2112 1124 2150 consummati
1154 2112 1285 2163 operis
1311 2111 1477 2163 fastiqio
1508 2111 1675 2157 locavit,
1723 2111 1903 2150 indicans
1933 2123 2009 2163 quo

232 2176 295 2215 liis
318 2175 625 2227 perveniendum
656 2175 711 2213 rel
734 2175 871 2226 potius
903 2175 1169 2213 revertendum
1202 2174 1268 2220 sit,
1304 2174 1372 2225 qui
1404 2186 1486 2212 rem
1508 2173 1711 2224 publicam
1732 2186 1820 2211 cum
1834 2174 2010 2224 pruden-

232 2239 305 2285 tia,
339 2239 506 2284 iustitia,
534 2238 768 2289 fortitudine
800 2250 846 2275 ac
878 2237 1142 2275 moderatione
1173 2237 1444 2275 tractaverint.
1492 2236 1566 2275 Sed
1596 2236 1660 2273 ille
1691 2235 1924 2274 Platonicus
1953 2249 2012 2274 se-

233 2307 433 2340 cretorum
464 2301 615 2339 relator
645 2301 709 2339 Er
740 2300 898 2351 quidam
931 2301 1086 2338 nomine
1113 2300 1212 2351 suit,
1244 2300 1403 2337 natione
1433 2298 1697 2350 Pamphylus,
1731 2299 1841 2337 miles
1869 2300 2007 2350 officio,

233 2365 300 2415 qui
331 2377 418 2402 cum
449 2363 676 2401 vulneribus
708 2364 747 2401 in
774 2363 926 2413 proelio
949 2363 1117 2413 acceptis
1140 2363 1260 2401 citam
1283 2362 1463 2412 effudisse
1483 2362 1592 2399 risus
1612 2361 1838 2400 duodecimo
1858 2360 2011 2399 demum

183 2431 219 2460 35
234 2426 294 2464 die
325 2426 428 2464 inter
458 2431 605 2464 ceteros
635 2438 714 2463 una
740 2430 963 2476 peremptos
992 2426 1132 2463 ultimo
1157 2430 1252 2463 esset
1274 2424 1530 2463 honorandus
1554 2425 1650 2475 iqne,
1674 2424 1802 2462 subito
1823 2436 1889 2462 seu
1909 2436 2013 2462 rece-

226 2494 299 2540 pta
330 2489 467 2527 anima
497 2501 562 2527 seu
593 2493 754 2531 retenta,
787 2487 977 2538 quidquid
1007 2488 1174 2526 emensis
1211 2488 1316 2526 inter
1346 2493 1554 2538 utramque
1583 2487 1707 2525 ‘citam
1728 2486 1861 2525 diebus
1882 2491 2013 2536 eqerat

233 2550 453 2597 videratie,
495 2555 697 2602 tamquam
721 2550 925 2601 publicum
949 2551 1156 2600 professus
1188 2550 1380 2588 indicium
1410 2549 1582 2588 humano
1612 2549 1747 2600 qeneri
1776 2549 2011 2587 enuntiavit.

235 2612 351 2650 Hanc
377 2612 554 2664 fabulam
587 2613 723 2652 Cicero
765 2613 852 2651 licet
891 2612 937 2650 ab
974 2612 1143 2650 indoctis
1174 2613 1290 2663 quasi
1319 2614 1404 2663 ipse
1434 2612 1519 2650 ‘ceri
1549 2611 1729 2650 conscius
1757 2611 1884 2649 doleat
1913 2611 2012 2649 irri-

236 2687 342 2722 sam,
387 2674 609 2725 exemplum
646 2681 776 2713 tamen
812 2675 976 2712 stolidae
1016 2674 1331 2724 reprehensionis
1367 2674 1498 2712 vitans
1537 2673 1713 2711 eoecitari
1749 2677 2014 2711 narraturum

185 2742 221 2772 40
236 2748 353 2788 quam
384 2737 616 2775 reviviscere
647 2737 801 2775 maluit.
863 2737 952 2774 VH.
985 2734 1024 2774 7.
1059 2737 1115 2775 :lc
1138 2737 1259 2787 prius
1289 2749 1405 2787 quam
1438 2736 1584 2775 somnii
1608 2735 1723 2773 cerba
1744 2734 2010 2781 consulamus,

236 2799 476 2838 enodandum
510 2799 619 2837 nobis
650 2805 731 2845 est,
775 2813 799 2838 a
830 2812 904 2851 quo
935 2811 1072 2850 qenere
1102 2799 1304 2837 hominum
1338 2799 1494 2837 Tullius
1530 2803 1722 2837 memorat
1760 2798 1815 2836 vel
1845 2797 2014 2836 irrisam

235 2861 415 2900 Platonis
443 2861 620 2910 fabulam
652 2863 707 2900 rel
739 2875 784 2900 ne
815 2862 890 2900 sibi
924 2861 1021 2899 idem
1052 2862 1202 2899 eveniat
1242 2873 1320 2899 non
1350 2862 1491 2900 rereri.
1553 2861 1631 2900 Nec
1662 2860 1766 2898 enim
1794 2860 1856 2898 his
1884 2859 2013 2899 ‘verbis

234 2922 315 2960 vult
346 2922 559 2972 inperitum
591 2924 728 2975 vulqus
758 2924 944 2974 ititelleqi,
977 2923 1042 2962 sed
1071 2936 1192 2973 qenus
1221 2924 1425 2962 hominum
1446 2924 1530 2962 reri
1549 2924 1737 2974 iqnarum
1758 2922 1826 2961 sub
1840 2922 2012 2973 peritiae

236 2986 503 3031 ostentatione,
535 2988 675 3038 quippe
705 3000 801 3038 quos
832 2992 865 3025 et
896 2986 1031 3037 leqisse
1062 2985 1161 3023 talia
1191 2991 1225 3023 et
1255 2986 1306 3024 ad
1327 2985 1681 3037 reprehendendum
1702 2984 1901 3023 animatos
1920 2996 2010 3022 con·

326 3173 355 3203 3.
382 3183 444 3203 non
473 3182 540 3203 om.
562 3173 639 3205 cod.
676 3191 710 3196 —-
748 3175 798 3205 ⁴¹8.
827 3175 913 3214 quod
937 3175 970 3204 id
994 3173 1049 3204 cd.
1071 3175 1146 3205 Par.
1172 3173 1251 3203 1836
1278 3172 1380 3209 (nulla
1407 3173 1584 3213 adscripta
1609 3173 1804 3212 varietate),
1831 3172 1910 3204 cod.
1937 3173 2012 3204 Fri-

240 3224 315 3261 sing
354 3226 459 3260 (nunc
479 3223 625 3258 Mon-<1011
653 3225 685 3254 et
712 3223 819 3254 ssamb
841 3234 846 3254 τ
874 3225 906 3254 id
931 3227 1014 3263 (om.
1035 3224 1130 3262 quod}
1159 3222 1236 3253 cod.
1260 3226 1494 3262 Augustanus,
1520 3224 1555 3253 id
1578 3224 1664 3263 quod
1688 3222 1790 3261 vulgo
1816 3223 1851 3252 et
1875 3221 1921 3255 O:
1949 3230 2013 3253 nos

239 3273 273 3302 id
297 3271 500 3303 inclusimus
538 3288 571 3292 —
611 3281 677 3303 esse
702 3273 804 3304 codd.
826 3275 893 3305 inei
922 3291 956 3296 -
986 3273 1035 3305 24.
1063 3274 1193 3303 adiecta
1215 3272 1264 3303 liis
1288 3273 1391 3304 codd.
1419 3273 1549 3313 aliquot
1584 3290 1617 3295 —
1653 3272 1706 3304 32.
1733 3274 1963 3303 tractaverunt
1987 3270 2013 3301 O

243 3337 277 3344 ·-
307 3321 358 3353 34.
386 3321 436 3352 die
459 3322 587 3353 demum
612 3323 647 3353 O.
