2249 3624
388 238 469 280 966
1121 239 1401 281 CICERONIS

389 344 599 383 tarchus
627 345 666 382 in
696 345 845 384 Crasso
873 357 908 382 c.
932 345 991 383 13.
1048 344 1132 380 Cum
1159 345 1369 380 incredibile
1393 347 1439 380 sit
1469 345 1670 381 Ciceronem
1694 347 1734 381 in
1760 347 1925 382 oratione
1948 352 2028 392 post
2053 346 2138 383 Idus

388 409 546 444 Martias
574 421 609 444 a.
640 420 673 445 u.
703 421 732 445 c.
767 409 858 446 710.
889 410 985 444 edita
1013 409 1078 443 hoc
1104 409 1209 443 modo
1239 407 1361 443 Crassi
1387 413 1418 442 et
1447 408 1610 443 Caesaris
1645 414 1832 455 tamquam
1867 410 2138 445 coniuratorum

387 474 599 507 mentionem
634 475 752 516 [acere
787 473 962 517 potuisse,
1002 471 1116 514 lianc,
1146 471 1188 505 de
1214 481 1287 515 qua
1315 471 1475 515 loquitur
1503 471 1734 513 Plutarchus,
1766 483 1810 507 ea·
1834 483 1982 507 numero
2008 466 2138 508 subdi-

387 536 557 570 liciarum
582 537 692 579 fuisse
718 540 991 571 consentaneum
1018 538 1080 568 est.
1152 533 1297 568 Fundus
1324 533 1401 568 scil.
1433 535 1540 568 totius
1567 536 1621 569 rei
1647 539 1724 570 erat
1751 537 1792 570 de
1822 534 1949 570 Crasso
1976 536 2015 570 in
2042 534 2135 572 Sall.

353 597 492 633 5Catil.
526 598 590 634 17.
620 604 651 634 et
676 598 760 638 48,
790 599 832 632 de
862 597 1011 632 Caesare
1037 597 1122 630 ibid.
1153 596 1218 631 49.
1277 595 1418 631 Bellum
1454 601 1572 631 autem
1599 602 1676 632 erat
1702 598 2049 634 declamatiunculae
2075 609 2138 633 ar-

384 666 606 706 qumentum:
638 659 707 698 «C.
728 657 850 697 Iulius
871 657 1024 697 Caesar
1043 662 1082 694 et
1100 656 1146 694 M.
1171 656 1346 694 Licinius
1366 656 1541 695 Crassus
1562 658 1849 698 coniurationis
1875 657 2135 698 insimulati».

924 856 971 916 C.
1031 856 1220 915 TITULI
1259 854 1603 915 ORATIONUM

1050 940 1469 983 DEPERDHARUM.

380 1060 481 1099 LII.
519 1072 591 1098 Plio
619 1070 761 1106 Aemo,
802 1059 943 1110 capitis
981 1070 1065 1108 reo,
1104 1056 1207 1097 duas
1247 1058 1451 1097 orationes
1490 1056 1631 1096 habuit
1665 1058 1746 1097 Cic.
1790 1057 1855 1108 (ad
1882 1058 1969 1096 Div.
1998 1057 2025 1096 l.
2053 1058 2131 1098 VII.

330 1128 365 1156 40
478 1135 542 1172 ep.
574 1123 653 1169 30.)

378 1185 440 1223 III.
478 1197 550 1223 PRO
580 1196 614 1224 C.
635 1195 819 1231 ANToNJo,
850 1182 1003 1229 collega
1027 1182 1237 1221 Ciceronis
1257 1182 1295 1220 in
1313 1182 1539 1221 consulatu.
1572 1183 1620 1230 (v.
1642 1195 1717 1234 pro
1736 1183 1849 1221 Dom.
1874 1195 1907 1221 c.
1933 1184 1989 1223 16.
2013 1184 2047 1233 ξ.
2070 1182 2132 1223 41.

476 1247 644 1285 Dionem
673 1246 789 1285 Cass.
821 1246 1032 1294 XXXVIII,
1065 1244 1137 1295 10.)

377 1310 439 1348 IV.
480 1322 551 1348 rizo
580 1321 741 1347 mummi
771 1321 972 1346 ARRETINA.
1005 1309 1090 1358 (pro
1120 1307 1293 1347 Caecina
1322 1319 1357 1345 c.
1389 1307 1450 1345 33.
1482 1307 1518 1357 ξ.
1551 1307 1627 1353 97.)

378 1372 422 1410 V.
464 1384 535 1410 PRO
564 1385 597 1411 P.
627 1382 791 1409 ascrrio.
827 1372 911 1422 (pro
942 1370 1078 1410 Caelio
1108 1382 1141 1408 c.
1176 1371 1233 1408 10.
1265 1370 1300 1419 ξ.
1333 1368 1407 1419 24.)

326 1439 360 1466 45
377 1435 437 1472 VI.
476 1447 548 1472 Pno
575 1446 595 1471 L
639 1445 844 1471 Amnum.
875 1434 960 1483 (pro
990 1432 1126 1472 Caelio
1155 1444 1188 1470 c.
1223 1432 1270 1481 1.)

375 1497 440 1534 VII
487 1497 529 1534 In
559 1496 712 1534 Senatu
739 1494 789 1533 de
821 1494 1044 1534 Consulatu
1071 1507 1158 1533 suo.
1190 1507 1229 1532 u.
1261 1507 1297 1531 c.
1326 1495 1411 1533 693.
1443 1493 1602 1532 Orator.
1632 1493 1668 1543 ἓ.
1699 1494 1761 1532 62.
1788 1491 1838 1532 ad
1867 1493 1984 1532 Attio.
2009 1493 2038 1542 I,
2071 1494 2130 1532 14.

475 1558 526 1597 ad
560 1569 681 1608 quam
721 1558 837 1595 Beier
875 1558 1053 1604 Schulth.
1086 1557 1193 1596 1828.
1224 1558 1269 1594 Ν.
1301 1557 1359 1595 20.
1389 1557 1514 1594 refert
1550 1555 1678 1594 verba
1720 1561 1881 1594 servata
1911 1568 1933 1594 a
1965 1555 2129 1602 Quintil.

474 1622 509 1669 9,
541 1621 574 1657 3.
605 1620 664 1658 45.
699 1617 794 1672 [cum
820 1633 874 1656 me
899 1633 965 1667 pro
993 1623 1173 1657 commum·
1199 1616 1327 1671 salute]
1367 1617 1573 1657 «dederim
1600 1617 1792 1669 periculis
1820 1617 2023 1666 omnibus,
2052 1617 2129 1656 ob-

474 1682 632 1721 tulerim
661 1682 831 1731 insidiis,
863 1682 1082 1720 obiecerim
1110 1682 1329 1720 invidiae»:
1369 1693 1474 1732 quae
1504 1693 1594 1719 cum
1623 1679 1780 1719 Nobbio
1811 1679 1905 1718 dedi
1935 1692 2058 1732 supra
2090 1681 2130 1719 in

322 1750 358 1778 20
472 1745 611 1795 fragm.
662 1747 792 1782 Contra
811 1752 902 1782 cont.
931 1746 1065 1782 Metelli
1092 1747 1128 1782 7.

370 1808 465 1845 VIII.
504 1820 577 1845 PRO
606 1820 750 1856 BESTIA,
780 1806 956 1845 ambitus
986 1819 1078 1855 reo,
1107 1818 1143 1845 a.
1176 1806 1214 1844 d.
1242 1806 1304 1844 ΙΙΙ.
1334 1804 1428 1844 Idus
1462 1804 1581 1843 Febr.
1613 1804 1705 1843 anni
1734 1805 1818 1843 698.
1849 1816 1890 1855 p.
1922 1805 1966 1844 U.
1995 1817 2030 1844 c.
2064 1805 2128 1855 (ad

471 1871 517 1916 Q.
549 1870 674 1908 Fratr.
707 1869 730 1907 l.
762 1870 806 1907 II.
838 1881 901 1920 ep.
934 1871 968 1906 3.
999 1868 1104 1907 adde
1134 1868 1304 1919 Philipp.
1335 1868 1399 1906 XI.
1432 1882 1465 1905 c.
1496 1869 1552 1916 5.)

370 1933 436 1970 IX.
476 1945 547 1970 PRO
577 1942 730 1970 emmo
761 1943 902 1978 GALL03
933 1944 966 1970 a.
1002 1933 1086 1970 699.
1117 1944 1155 1982 p.
1188 1931 1231 1970 U.
1263 1943 1297 1970 c,
1330 1929 1401 1980 (ad
1427 1931 1514 1969 Div.
1547 1929 1573 1968 l.
1605 1930 1668 1968 VII
1713 1942 1778 1981 ep.
1812 1930 1858 1980 1.)

370 1995 418 2032 X.
455 2007 526 2033 PRO
555 2007 593 2032 Μ.
625 2006 761 2033 c1sl>1o.
794 1996 877 2045 (pro
907 1993 1042 2032 Plano.
1071 2006 1105 2031 c.
1138 1994 1212 2042 31.)

320 2057 433 2095 25X1.
475 2069 547 2095 rizo
576 2069 609 2094 L.
643 2068 824 2095 commo.
878 2057 986 2095 Haec
1028 2056 1153 2094 oratio
1193 2055 1357 2094 biennio
1399 2060 1492 2093 ante
1534 2056 1581 2093 M.
1618 2055 1828 2094 Ciceronis
1872 2054 2127 2094 consulatum

471 2118 605 2157 habita
636 2124 708 2156 est.
766 2120 832 2166 (Q.
865 2118 948 2157 Cic.
980 2117 1030 2156 de
1058 2118 1173 2156 Petit.
1207 2119 1328 2157 Cons.
1359 2130 1393 2155 c.
1425 2118 1475 2166 5.)

369 2182 450 2220 XII.
492 2194 563 2220 PRO
592 2193 733 2219 cmsso
763 2180 862 2219 dixit
889 2181 928 2218 in
957 2186 1122 2229 senatu3
1155 2193 1189 2218 a.
1209 2183 1296 2219 700.
1318 2193 1356 2231 p.
1380 2181 1424 2218 U.
1456 2192 1490 2218 c.
1526 2179 1588 2229 (ad
1617 2180 1702 2218 Div.
1735 2179 1758 2218 l.
1793 2180 1821 2218 Ι.
1854 2192 1919 2230 ep.
1949 2180 1984 2216 9.
2018 2180 2054 2230 ξ.
2075 2180 2127 2228 7.)

369 2245 468 2282 XIII.
500 2245 602 2282 XIV.
644 2256 717 2282 pao
747 2256 780 2281 Ρ.
807 2255 1051 2292 DOLABELLA,
1091 2243 1235 2294 capitis
1273 2254 1364 2291 reo;
1401 2255 1435 2281 a.
1465 2246 1550 2282 704.
1584 2254 1622 2293 p.
1655 2243 1698 2281 U.
1730 2255 1763 2281 c.
1797 2242 1861 2293 (ad
1892 2242 1978 2280 Div.
2009 2241 2034 2280 l.
2064 2242 2124 2280 III.

470 2318 533 2357 ep.
567 2306 639 2355 10.)

318 2372 355 2402 30
369 2369 452 2406 XV.
492 2381 564 2407 PRO
591 2379 735 2415 nnuso;
767 2379 801 2405 a.
832 2368 921 2404 ¹700.
954 2379 992 2417 p.
1024 2366 1068 2405 U.
1101 2378 1134 2404 c.
1168 2365 1232 2416 (ad
1259 2368 1335 2404 Att.
1366 2366 1427 2404 IV.
1460 2378 1523 2417 ep.
1553 2367 1625 2414 15.)

369 2431 469 2468 XVI.
510 2443 581 2469 PRo
610 2441 762 2477 msss103
794 2442 827 2468 a.
859 2430 945 2467 700.
974 2441 1013 2479 p.
1047 2429 1090 2467 U.
1124 2442 1159 2466 c.
1190 2428 1254 2478 (ad
1280 2431 1359 2467 Att.
1387 2428 1411 2466 l.
1443 2429 1506 2467 IV.
1539 2441 1602 2480 ep.
1639 2429 1711 2478 15.)

369 2493 471 2530 XVII
524 2505 597 2531 PRo
628 2505 665 2538 Q.
695 2503 826 2540 mcclo,
856 2491 948 2529 furti
976 2503 1058 2529 reo.
1092 2491 1245 2540 (Fragm
1293 2492 1403 2529 Orat.
1434 2491 1474 2528 in
1503 2496 1592 2540 toga
1623 2490 1830 2538 candida.)

369 2555 501 2592 XVIII.
541 2567 613 2593 Pno
643 2566 678 2592 c.
707 2566 860 2592 musrio.
893 2554 952 2595 (in
983 2554 1095 2591 Verr.
1125 2554 1212 2590 Act.
1243 2553 1288 2591 II.
1318 2552 1388 2591 lib.
1418 2554 1444 2591 1.
1478 2566 1511 2591 c.
1545 2554 1606 2593 53.
1639 2553 1673 2603 ξ.
1710 2553 1806 2603 239.)

374 2619 387 2652 Γ·
406 2617 473 2654 IX.
516 2629 588 2654 rao
618 2628 788 2654 selmona
819 2627 966 2661 innisum,
997 2614 1172 2653 ambitus
1199 2627 1291 2663 reo;
1322 2627 1357 2653 a.
1378 2627 1418 2665 p.
1441 2616 1483 2654 U.
1507 2627 1540 2654 c.
1564 2615 1648 2654 694.
1681 2614 1745 2665 (ad
1763 2617 1843 2653 Att.
1873 2614 1897 2653 Ι.
1921 2616 1965 2653 11.
1989 2627 2051 2666 ep.
2077 2616 2125 2665 1.)

320 2683 355 2710 35
369 2680 455 2717 XX.
498 2692 570 2717 vno
600 2690 633 2716 c.
666 2690 863 2717 omnmo.
896 2679 963 2724 (Q.
994 2677 1078 2716 Cic.
1107 2677 1158 2715 de
1188 2678 1272 2715 Pet.
1304 2678 1426 2716 Cons.
1458 2690 1492 2716 c.
1522 2679 1579 2726 5.)

370 2742 473 2778 XXI.
511 2754 558 2779 DE
587 2752 677 2778 mer.
708 2753 744 2777 v,
774 2740 860 2788 περὶ
888 2742 1118 2789 ἀμνηστία..
1145 2739 1185 2776 in
1214 2744 1359 2778 senatu
1386 2739 1525 2779 habita
1554 2740 1670 2778 tertio
1701 2744 1793 2790 post
1812 2739 2002 2778 Caesaris
2028 2752 2125 2778 cae.-

469 2802 561 2840 (lem
591 2802 669 2840 die.
729 2802 826 2851 (Dio
855 2802 986 2851 XLIV,
1016 2802 1090 2850 63.)

370 2865 489 2901 XXII.
528 2877 600 2902 PRO
629 2876 664 2902 c.
696 2876 843 2902 risone.
877 2864 971 2913 (Cic.
1002 2875 1074 2914 pro
1103 2862 1245 2902 Flacco
1275 2875 1308 2901 c.
1340 2863 1414 2912 39.)

371 2926 506 2963 XXIII.
542 2939 614 2964 PRO
644 2939 816 2965 rorumo
845 2938 1037 2973 Limne,
1066 2938 1085 2964 a
1118 2937 1197 2976 quo
1227 2925 1368 2963 Cicero
1404 2930 1546 2976 postea
1574 2924 1732 2963 Antonii
1762 2925 1967 2976 permissu
1994 2925 2124 2963 inter-

322 2992 357 3020 40
472 2988 598 3026 sectus
630 2994 703 3026 cst.
765 2988 861 3037 (Val.
894 2989 997 3026 Max.
1028 2987 1053 3026 l.
1083 2988 1129 3025 V.
1161 3000 1195 3025 c.
1227 2989 1260 3025 3.
1290 2987 1362 3025 Int.
1394 2988 1439 3035 4.)

371 3050 508 3086 XXIV.
543 3062 580 3087 ix
611 3063 831 3088 neroxssxm
861 3061 1075 3090 rnovmcm,
1125 3050 1232 3087 llaec
1260 3049 1385 3087 oratio
1416 3062 1494 3087 una
1526 3055 1629 3087 este
1654 3048 1959 3088 Consularibus.
2002 3049 2122 3088 Cice-

472 3111 556 3148 roni
586 3111 739 3149 consuli
769 3112 951 3150 sortienti
985 3111 1217 3149 Macedonia
1253 3111 1459 3161 provincia
1488 3110 1707 3161 obtigerat,
1741 3111 1913 3149 Antonio
1942 3110 2121 3161 collegae

472 3172 611 3211 Gallia.
666 3173 790 3211 liuius
825 3173 912 3211 loco
949 3172 1225 3211 Macedoniam
1266 3173 1406 3211 Cicero
1446 3172 1647 3222 collegae,
1686 3178 1729 3211 ut
1758 3178 1916 3224 gratum
1954 3173 2118 3222 faceret,

472 3240 687 3282 concessit,
719 3240 757 3272 ot
783 3236 913 3285 ipsam
942 3247 1084 3273 rursus
1108 3234 1274 3273 Galliam
1302 3240 1444 3284 postea
1472 3234 1629 3272 Metello
1653 3234 1799 3274 Celeri.
1852 3235 1909 3273 Eo
1936 3239 2119 3285 tempore

324 3300 359 3330 45
472 3296 577 3335 dicta
607 3303 668 3334 est
696 3296 794 3335 haec
822 3297 962 3335 oratio.
993 3296 1060 3341 (ad
1087 3299 1166 3335 Att.
1195 3296 1220 3334 1.
1251 3297 1296 3335 II.
1327 3308 1392 3347 ep.
1425 3297 1459 3334 1.
1490 3297 1526 3346 ξ.
1555 3298 1613 3345 2.)
