2249 3624
266 205 348 247 9118
989 201 1059 240 DE
1090 198 1315 240 LEGIBUS

267 312 525 354 dissentiam.
584 310 639 350 M.
682 309 776 348 Non
813 307 962 354 facies,
1005 305 1177 354 Quinte.
1236 306 1341 345 Nam
1382 317 1459 357 ego
1499 303 1543 343 in
1583 304 1663 344 ista
1693 317 1785 343 sum
1818 305 2038 352 sententia,

269 389 353 430 qua
382 380 422 414 te
452 372 581 413 fuisse
613 384 779 424 semper
809 369 916 417 scio,
948 368 1052 408 nihil
1082 373 1128 408 ut
1156 366 1285 407 fuerit
1314 366 1357 406 in
1389 365 1596 418 suffragiis
1627 379 1728 406 voce
1760 366 1934 414 melius,
1966 365 2041 406 sed

270 439 515 492 optinerene
546 435 627 475 iam
660 435 871 487 possimus
903 430 1131 471 videndum
1164 434 1239 469 est.
1299 426 1366 468 34.
1403 428 1451 478 Q.
1486 429 1627 482 Atqui,
1659 428 1799 476 frater,
1828 428 1940 469 bona
1969 434 2042 469 tua

269 501 391 540 venia
433 498 635 545 dixerim,
676 497 756 536 ista
797 494 1006 535 sententia
1045 491 1228 532 maxime
1268 497 1309 531 et
1346 490 1454 531 fallit
1484 491 1698 544 imperitos
1731 496 1772 531 et
1802 491 1921 531 obest
1951 504 2043 532 sae-

235 562 440 617 5pissime
481 561 540 600 rei
582 560 799 614 publicae,
843 571 936 598 cum
979 555 1142 609 aliquid
1182 568 1327 595 verum
1368 559 1408 594 et
1437 559 1596 593 rectum
1629 567 1721 594 esse
1753 553 1928 602 dicitur,
1969 553 2042 594 sed

270 624 464 677 optineri,
498 623 540 662 id
572 627 647 669 est,
680 620 827 661 obsisti
860 632 985 673 posse
1016 617 1173 671 populo
1204 622 1394 670 negatur.
1453 616 1637 656 Primum
1669 616 1780 656 enim
1812 617 2042 664 obsistitur,

269 700 362 727 cum
393 686 529 738 agitur
560 696 730 731 severe;
773 682 925 722 deinde
968 681 1008 721 vi
1049 680 1229 734 opprimi
1269 679 1312 718 in
1343 678 1456 718 bona
1487 691 1612 718 causa
1642 684 1705 718 est
1736 679 1884 719 melius
1916 692 2042 733 quam

270 749 404 789 malae
436 748 599 788 cedere.
661 746 764 794 Quis
805 751 945 786 autem
985 757 1067 785 non
1105 743 1233 782 sentit
1263 755 1430 782 omnem
1462 742 1751 781 auctoritatem
1783 741 2044 795 optimatium

270 811 529 852 tabellariam
562 810 698 862 legem
730 808 982 848 abstulisse?
1014 819 1139 860 quam
1172 804 1354 858 populus
1387 803 1493 843 liber
1523 817 1754 857 numquam
1777 803 2043 851 desideravit,

219 874 381 914 widem
414 887 641 927 oppressus
675 871 891 911 dominatu
923 883 969 910 ac
1002 869 1188 923 potentia
1224 866 1460 920 principum
1492 866 1708 918 flagitavit.
1766 867 1913 920 ltaque
1951 880 2044 919 gra-

270 937 387 976 viora
425 935 581 976 iudicia
621 936 671 975 de
712 933 1016 988 potentissimis
1058 930 1302 971 hominibus
1345 934 1512 968 exstant
1550 930 1664 968 vocis
1696 943 1819 982 quam
1850 929 2042 969 tabellae.

271 998 405 1047 Quam
438 997 490 1037 ob
523 1011 609 1037 rem
653 996 907 1049 suffragandi
950 995 1079 1034 nimia
1122 992 1252 1033 libido
1296 992 1337 1030 in
1380 1004 1465 1031 non
1503 991 1624 1031 bonis
1657 992 1793 1031 causis
1825 990 2044 1044 eripienda

268 1061 349 1101 fuit
380 1061 643 1115 potentibus,
686 1073 771 1099 non
803 1059 961 1098 latebra
993 1057 1131 1097 danda
1162 1055 1348 1109 popule,
1390 1056 1432 1094 in
1465 1067 1548 1107 qua
1585 1054 1706 1094 bonis
1737 1054 2043 1107 ignorantibus,

271 1123 372 1178 quid
415 1124 593 1176 quisque
634 1122 830 1167 sentiret,
873 1119 1027 1161 tabella
1070 1121 1268 1159 vitiosum
1312 1117 1540 1158 occultaret
1579 1118 1835 1170 suffragium.
1897 1118 2043 1171 Itaque

222 1187 338 1227 asisii
369 1186 523 1225 rationi
555 1199 692 1239 neque
725 1186 833 1224 lator
865 1184 1087 1237 quisquam
1113 1188 1176 1222 est
1196 1183 1390 1221 inventus
1413 1193 1490 1219 nec
1512 1185 1657 1219 auctor
1677 1193 1874 1233 umquam
1895 1180 2043 1223 honus.

383 1248 492 1287 XVI.
535 1247 602 1288 35.
648 1249 753 1288 Sunt
795 1248 905 1286 enim
938 1252 1134 1299 quattuor
1164 1245 1278 1296 leges
1309 1242 1576 1287 tabellariae,
1618 1255 1794 1295 quarum
1826 1242 1961 1294 prima
1992 1243 2043 1284 de

270 1310 580 1363 magistratibus
622 1309 884 1350 mandandis.
954 1309 1014 1347 Ea
1055 1313 1117 1347 est
1158 1307 1360 1353 Gabinia,
1402 1305 1486 1344 lata
1525 1305 1576 1344 ab
1617 1305 1786 1344 homine
1824 1305 1966 1357 ignoto
2004 1311 2045 1346 et

272 1373 456 1413 sordido.
518 1374 667 1413 Secuta
708 1372 878 1412 biennio
922 1376 1017 1424 post
1060 1370 1200 1410 Cassia
1243 1374 1306 1408 est
1347 1368 1398 1408 de
1442 1367 1587 1420 populi
1619 1367 1812 1415 iudiciis,
1861 1381 1884 1407 a
1914 1369 2045 1409 nobili

271 1435 443 1474 homine
475 1435 580 1483 lata,
620 1437 664 1474 L.
690 1435 854 1480 Cassio,
898 1433 971 1473 sed
1003 1455 1056 1462 —
1098 1446 1197 1486 pace
1230 1431 1413 1471 familiae
1445 1430 1623 1470 dixerim
1665 1452 1716 1458 —
1759 1430 1988 1472 dissidente
2020 1445 2045 1472 a

222 1505 258 1535 20
272 1498 392 1537 bonis
423 1504 551 1551 atque
583 1498 719 1538 omnis
750 1496 1017 1537 rumusculos
1049 1495 1263 1549 popularis
1295 1506 1419 1533 aurae
1451 1498 1698 1545 aucupante.
1747 1492 1948 1533 Carbonis
1982 1500 2046 1534 est

273 1561 394 1600 tertia
427 1560 477 1600 de
509 1561 703 1600 iubendis
735 1560 897 1611 legibus
929 1573 975 1599 ac
1008 1557 1219 1605 vetandis,
1252 1557 1442 1596 sediiiosi
1474 1562 1601 1609 atque
1633 1556 1800 1608 inprobi
1834 1557 1947 1604 civis,
1979 1557 2044 1597 cui

272 1636 325 1662 ne
356 1623 513 1664 reditus
545 1624 712 1678 quidem
752 1623 802 1662 ad
842 1623 974 1662 bonos
1007 1622 1182 1661 salutem
1216 1633 1239 1660 a
1269 1620 1392 1659 bonis
1425 1620 1562 1673 potuit
1594 1618 1769 1658 adferre.
1841 1616 1907 1657 36.
1950 1619 2041 1659 Uno

272 1686 315 1725 in
345 1697 498 1738 genere
528 1687 710 1739 relinqui
743 1686 961 1725 videbatur
990 1685 1105 1724 vocis
1138 1682 1403 1735 suffragium,
1446 1682 1558 1735 quod
1595 1682 1685 1734 ipse
1719 1681 1886 1721 Cassius
1919 1696 2042 1722 exce-

274 1754 412 1800 perat,
456 1749 775 1801 perduellionis.
844 1747 967 1787 Dedit
1006 1747 1102 1786 huic
1147 1759 1320 1799 quoque
1360 1744 1518 1784 iudicio
1562 1744 1603 1784 C.
1639 1743 1803 1783 Caelius
1845 1744 2042 1784 tabellam

222 1819 258 1848 25
275 1811 515 1865 doluitque,
562 1811 700 1865 quoad
742 1809 867 1857 vixit,
909 1823 974 1856 se,
1018 1814 1061 1848 ut
1104 1809 1358 1862 opprimeret
1400 1809 1441 1847 C.
1475 1807 1706 1860 Popilium,
1746 1806 1941 1846 nocuisse
1983 1808 2043 1847 rei

273 1875 482 1927 publicae.
544 1876 596 1914 Et
636 1887 738 1913 avus
780 1874 951 1926 quidem
988 1877 1132 1911 noster
1171 1871 1376 1923 singulari
1417 1871 1569 1909 virtute
1611 1870 1653 1908 in
1685 1869 1765 1908 hoc
1798 1870 2044 1923 municipio,

274 1937 411 1990 quoad
445 1938 571 1984 vixit,
612 1937 765 1976 restitit
796 1937 848 1975 M.
873 1935 1085 1981 Gratidio,
1128 1935 1246 1973 cuius
1287 1934 1328 1972 in
1361 1932 1626 1972 matrimonio
1660 1944 1871 1978 sororem,
1912 1932 2044 1971 aviam

275 2006 478 2047 nostram,
518 2000 719 2046 habebat,
751 1999 902 2039 ferenti
935 1999 1071 2050 legem
1104 1996 1391 2036 tabellariam:
1434 1995 1645 2034 excitabat
1677 1994 1787 2033 enim
1821 1994 1971 2033 ssuctus
2001 1994 2044 2033 in

275 2063 477 2116 simpulo,
510 2068 555 2102 ut
585 2062 764 2109 dicitur,
797 2061 1019 2107 Gratidius,
1055 2073 1160 2112 quos
1191 2064 1288 2111 post
1319 2056 1427 2098 filius
1459 2058 1548 2097 eius
1583 2054 1770 2110 [Marius]
1804 2057 1847 2096 in
1876 2058 2043 2109 Aegaeo

223 2130 260 2160 30
276 2126 474 2166 excitavit
514 2125 630 2165 mari.
700 2126 758 2164 Ac
799 2130 943 2163 nostro
985 2123 1156 2177 quidem
1198 2135 1296 2169 avo,
1338 2135 1430 2161 cum
1470 2134 1536 2160 res
1577 2125 1688 2160 esset
1727 2119 1779 2159 ad
1818 2133 1863 2159 se
1895 2119 2043 2167 delata,

363 2337 393 2367 4,
414 2336 659 2367 dissentientium
677 2335 698 2365 Β
727 2351 761 2355 -
789 2330 851 2364 istc}
869 2334 892 2364 Β
919 2350 953 2354 -
981 2333 1012 2363 2.
1040 2341 1106 2372 qua.
1131 2333 1201 2363 teA
1228 2339 1348 2362 rasura
1375 2339 1415 2361 ex
1442 2333 1563 2370 quante
1589 2346 1624 2351 -
1649 2329 1715 2368 fuis
1737 2330 1766 2360 is
1787 2330 1985 2369 sesemperss
2005 2347 2040 2352 —

272 2387 359 2427 fierit
381 2382 421 2417 A¹
459 2402 492 2407 —
533 2385 562 2416 3.
590 2386 775 2423 optinet-ene
799 2385 865 2414 ium
890 2384 1051 2422 possimus
1074 2382 1280 2421 scripsimus
1307 2382 1497 2420 praeeunte
1517 2378 1704 2418 Madvigio:
1731 2382 1877 2418 optinere
1894 2381 2045 2420 (optineri

274 2437 299 2468 B
325 2436 429 2475 corr.)
455 2444 500 2466 an
521 2438 657 2474 possunt
680 2435 756 2470 AB.
784 2434 923 2465 obtineri
947 2442 989 2463 αιι
1014 2433 1114 2471 possit
1140 2432 1176 2462 O.
1217 2432 1265 2462 De
1291 2431 1413 2460 vitioso
1437 2439 1479 2460 αη
1506 2430 1539 2460 in
1564 2429 1712 2460 lectione
1738 2428 1868 2469 vulgari
1893 2439 1924 2461 v.
1945 2430 2044 2461 Mad-

275 2487 353 2526 vigii
385 2486 512 2525 opusc.
540 2485 578 2521 11,
599 2484 680 2522 ¹163,
720 2486 778 2524 qui
810 2484 883 2523 ipse
914 2482 1142 2514 scribendum
1174 2489 1253 2513 esse
1288 2480 1457 2512 coniecit:
1493 2481 1548 2510 sed
1573 2480 1754 2518 optinerine
1777 2480 1845 2509 iam
1865 2480 1978 2518 possit.
2005 2496 2040 2501 —

275 2536 369 2574 atqui
393 2534 604 2573 Feidhuegel
630 2536 663 2565 et
688 2533 806 2565 Halm:
845 2535 926 2572 quia
949 2535 995 2568 A„
1030 2542 1096 2572 qua
1119 2533 1163 2569 Β,
1195 2532 1249 2562 sed
1275 2529 1338 2567 (vei
1357 2528 1570 2569 quamquam)
1597 2531 1772 2563 Goerenz.
1805 2537 1874 2559 om.
1895 2529 1919 2560 Ο
1948 2546 1981 2551 -
2009 2528 2041 2561 4.

273 2586 370 2627 fallat
394 2586 417 2616 B
458 2602 492 2606 —
530 2586 584 2615 sed
618 2584 703 2615 obest
726 2586 764 2622 A,
801 2584 855 2614 sed
879 2583 967 2614 obem
992 2584 1016 2613 B
1055 2599 1090 2604 ——
1132 2582 1162 2612 ὅ,
1190 2589 1266 2611 uere
1289 2583 1318 2610 et
1342 2583 1380 2617 A,
1419 2588 1476 2610 uer
1501 2583 1529 2610 et
1554 2579 1576 2610 Β
1614 2595 1648 2600 -
1687 2579 1717 2610 6.
1745 2578 1889 2617 optinere
1914 2579 1987 2617 (obt.
2005 2579 2042 2619 B)

275 2637 339 2668 AB
372 2654 413 2658 ——
448 2635 478 2666 7.
516 2635 548 2665 ri
572 2643 642 2665 om.
671 2634 692 2664 Β
733 2651 767 2655 -—
806 2633 943 2672 obprimi
966 2631 1006 2663 Αι
1045 2649 1079 2653 -
1120 2631 1151 2663 8.
1178 2630 1263 2661 male
1288 2633 1311 2660 Α
1350 2646 1384 2650 —-
1423 2630 1558 2660 caedere
1581 2629 1642 2659 AB
1683 2646 1716 2650 —-
1753 2629 1825 2667 quis
1850 2629 2040 2660 Manutius:

276 2686 332 2723 qui
355 2686 417 2717 ΑΒ
457 2701 491 2706 -
530 2685 561 2715 9.
598 2683 774 2714 tabellaria
807 2683 874 2722 lege
909 2682 1089 2713 abstulisset
1112 2683 1150 2719 A,
1188 2679 1365 2711 tabellaria
1397 2679 1481 2719 tegio
1511 2678 1674 2709 obtulisset
1697 2678 1721 2708 B
1758 2694 1792 2699 —
1833 2678 1883 2708 40.
1911 2677 2044 2716 obpres-

276 2744 330 2765 sus
353 2734 393 2766 Αἱ
425 2752 459 2756 -
498 2735 550 2765 Μ.
588 2741 675 2763 vocis
698 2731 901 2763 Turnebus:
935 2739 1028 2761 uoces
1052 2730 1116 2761 ΑΒ
1155 2746 1189 2751 -
1228 2732 1356 2766 quauta
1391 2729 1491 2759 bellae
1513 2729 1577 2759 AB
1617 2746 1650 2750 —
1691 2728 1742 2758 ⁴2.
1769 2735 1871 2768 quam
1904 2727 1942 2758 ob
1974 2736 2044 2758 rem

277 2784 485 2824 suffragandi
521 2784 624 2813 nimia
647 2784 673 2813 A
709 2783 744 2813 in
781 2790 847 2812 ras.
877 2780 993 2812 habet.
1034 2799 1068 2803 -
1108 2780 1160 2811 113.
1199 2779 1298 2809 bonus
1323 2778 1551 2818 ignorantibus
1574 2778 1597 2808 B
1636 2793 1670 2798 —-
1710 2777 1762 2807 2¹4.
1798 2776 1916 2807 sentire
1939 2777 1980 2808 Al
2003 2794 2039 2799 —

276 2834 487 2865 occultareeis
511 2833 534 2863 B
573 2849 606 2853 —
651 2833 699 2863 15.
728 2832 856 2861 ratione
881 2832 904 2861 B
941 2848 982 2853 —-
1019 2830 1069 2861 46.
1097 2829 1261 2860 tabellarii
1285 2837 1469 2868 aequarum
1492 2828 1516 2858 B
1555 2845 1590 2850 —
1629 2827 1679 2857 47.
1709 2826 1778 2856 alta-
1802 2825 1842 2856 ab
1867 2827 1890 2857 B
1917 2843 1952 2848 —
1987 2828 2039 2859 118.

277 2884 368 2915 casia
393 2883 415 2913 B
446 2900 477 2904 —
503 2882 624 2921 populo
649 2885 687 2918 A,
714 2881 777 2912 sed
796 2890 884 2912 corr.
907 2889 952 2911 m.
970 2881 1000 2911 i.
1029 2896 1063 2900 —
1090 2880 1220 2910 iudiciis
1246 2879 1354 2909 Bake:
1382 2878 1503 2908 iudicio
1528 2878 1553 2907 is
1576 2877 1613 2914 Β,
1639 2876 1785 2906 iuditiois
1807 2879 1846 2913 Α,
1872 2876 1991 2907 iudicio
2016 2878 2041 2909 O

280 2951 313 2957 -—
344 2932 395 2963 49.
422 2933 457 2963 L.
477 2932 577 2963 tassio
603 2932 625 2963 B
664 2949 698 2953 -
738 2931 790 2962 ΞΟ.
817 2939 925 2961 omnes
949 2930 973 2960 O
1008 2947 1042 2951 —
1082 2928 1290 2959 rzmmsculus
1315 2929 1337 2958 B
1365 2944 1398 2949 -—
1425 2927 1598 2966 popularis
1622 2934 1728 2956 aurae
1752 2925 1860 2956 Bake:
1884 2926 2043 2964 populari

276 2984 407 3014 ratione
430 2985 455 3013 Α
473 2983 534 3013 ΒΟ
562 2999 593 3004 -
624 2984 806 3020 accupante
830 2981 854 3011 B
882 2998 916 3002 —
945 2980 996 3010 21.
1023 2980 1126 3010 tercia
1150 2980 1174 3009 A
1204 2994 1237 2999 —
1267 2978 1454 3008 deiuuendaes
1477 2977 1500 3007 B
1529 2993 1561 2997 -
1591 2976 1677 3006 ciues
1701 2975 1760 3005 AB
1786 2992 1828 2997 —
1852 2974 1904 3005 23.
1924 2974 2042 3007 uidebei

279 3036 316 3069 Α,
341 3032 458 3063 uicteba
484 3034 506 3063 Β
543 3049 576 3053 -
615 3033 747 3063 causius
771 3032 793 3062 B
822 3048 856 3053 —
883 3032 1082 3068 eoeceperant
1107 3028 1129 3058 Β
1168 3045 1201 3049 --
1242 3027 1292 3059 2⁵..
1321 3037 1361 3058 .c.
1381 3027 1499 3058 coelius
1524 3026 1586 3056 ΑΒ
1619 3042 1652 3046 -
1682 3025 1734 3055 25.
1762 3024 1847 3062 quod
1869 3024 1913 3054 ad
1935 3027 1976 3054 Αἱ
2003 3042 2038 3046 -

279 3084 365 3124 quod
389 3083 509 3113 adimit
534 3083 556 3112 Β
585 3098 618 3103 -
645 3090 676 3112 se
701 3080 915 3121 Stephanus:
942 3080 995 3110 scd
1019 3081 1043 3110 Α
1059 3079 1082 3109 Β
1122 3095 1156 3099 -
1195 3078 1228 3108 C.
1248 3078 1406 3116 Popilium
1430 3076 1644 3116 Stephanus:
1673 3084 1712 3105 .c.
1730 3074 1888 3113 populum
1911 3074 1974 3104 ΑΒ
2004 3091 2037 3096 -

278 3132 424 3163 nocuisse
448 3132 591 3162 Davies:
617 3132 798 3162 nocuissent
823 3132 847 3161 Α
864 3131 885 3161 Β
911 3147 950 3152 —-
976 3129 1028 3159 27.
1056 3127 1285 3167 quodadduaeit
1308 3130 1333 3158 Α
1350 3127 1372 3157 Β
1416 3144 1449 3148 -—
1492 3125 1543 3156 28.
1569 3123 1729 3154 habebant
1751 3123 1815 3154 AB
1850 3139 1883 3144 ——
1923 3124 2042 3164 fluctus

279 3183 319 3214 H.
346 3182 540 3212 Ferrarius:
567 3182 661 3221 fletus
684 3182 747 3212 AB
786 3197 821 3202 —
860 3180 911 3211 ⁶29.
938 3179 1067 3211 Marius
1092 3186 1160 3208 om.
1181 3180 1206 3208 Α
1246 3195 1278 3200 -
1322 3178 1353 3207 in
1377 3184 1513 3216 aeyreco
1537 3175 1561 3206 B
1599 3191 1635 3196 —
1674 3173 1725 3204 30.
1752 3180 1817 3203 auo
1839 3181 1913 3203 cum
1937 3173 2041 3203 Lam—

278 3231 400 3263 binus:
434 3230 490 3269 qui
513 3238 587 3261 cum
610 3232 692 3267 ΑΒ,
719 3239 784 3261 auo
808 3238 878 3260 om.
899 3230 923 3261 O
955 3246 989 3251 —
1029 3229 1073 3259 ad
1103 3236 1136 3258 se
1159 3228 1222 3258 AB
1248 3227 1390 3265 vitiose,
1418 3228 1453 3257 ut
1477 3225 1633 3256 videtur:
1668 3223 1711 3254 ad
1733 3225 1882 3253 senatum
1904 3221 2040 3262 Madvig

281 3299 315 3304 —
345 3280 487 3312 delatam
512 3280 545 3319 (i.
565 3288 594 3310 e.
622 3280 734 3311 delata
756 3280 815 3319 M.)
840 3276 934 3310 A¹ssz
976 3278 1085 3309 delata
1108 3276 1198 3308 A2O.
