2249 3624
564 169 654 212 Lm.
676 171 726 212 ΙΙ.
765 171 862 212 Cu».
884 171 1193 212 XXI-XXII.
1232 170 1293 225 §§
1314 168 1359 211 5³1
1380 170 1509 212 —56.
1851 168 1931 212 899

166 295 311 324 cavere
340 279 558 325 noluisset,
590 278 787 318 admonet
818 278 917 317 iuris
949 278 1166 318 consultus
1198 278 1265 317 hic
1299 278 1467 331 quidem
1501 279 1587 331 ipse
1620 280 1794 326 Mucius,
1829 294 1932 332 pon-

167 344 269 386 tifex
299 343 423 389 idem,
453 347 498 381 ut
529 341 665 380 minus
698 341 832 393 capiat
864 354 987 393 quam
1011 341 1204 379 omnibus
1227 340 1451 380 heredibus
1475 341 1745 394 relinquatur.
1797 343 1932 394 Super

168 406 361 448 dicebant
401 403 473 458 qui
516 403 617 454 quid
660 403 839 455 cepisset
878 402 1097 454 adstringi.
1168 404 1325 442 Rursus
1365 404 1492 442 sacris
1534 404 1773 443 liberantur.
1844 404 1932 442 lloc

169 483 266 510 vero
299 467 402 507 nihil
434 465 484 505 ad
517 462 776 518 pontificium
811 465 890 510 ius,
923 471 985 504 set
1018 480 1038 503 c
1072 465 1210 504 medio
1244 472 1306 504 est
1338 468 1425 504 iure
1458 466 1581 512 civili,
1615 472 1657 505 ut
1690 479 1760 518 per
1790 479 1860 504 aes
1893 471 1933 504 et

168 532 313 572 libram
345 527 541 568 heredem
576 527 812 566 testamenti
846 527 1011 566 solvant
1043 533 1081 566 et
1114 527 1260 566 eodem
1294 527 1385 566 loco
1420 542 1481 566 res
1514 528 1588 574 sit,
1632 528 1750 580 quasi
1784 541 1831 567 ea
1863 536 1961 580 [ηε-5

167 593 290 633 cunia
322 591 456 643 legata
486 602 569 628 non
604 595 736 635 esset,
771 590 803 627 si
838 589 892 635 is,
926 590 992 628 cui
1027 589 1207 641 legatum
1242 595 1323 635 est,
1356 589 1581 642 stipulatus
1614 596 1675 629 est
1708 590 1746 629 id
1782 592 1932 643 ipsum,

166 653 278 708 quod
319 652 499 705 legatum
541 657 624 700 est,
667 658 711 691 ut
752 665 800 691 ea
840 652 1015 704 pecunia
1056 666 1109 691 ex
1140 652 1415 704 stipulatione
1448 652 1669 699 debeatur,
1716 653 1853 705 sitque
1885 666 1933 692 ea

165 730 246 757 non
285 731 302 753 :i
327 732 346 751 ᾗ

275 777 342 818 54.
378 793 397 813 s
423 794 445 813 sve
480 778 645 818 doctum
677 775 891 815 hominem
925 789 1045 821 sane,
1089 776 1207 815 cuius
1239 776 1318 815 suit
1349 777 1484 815 Attius
1517 777 1826 830 perfamiliaris,
1861 778 1931 817 sed

164 854 363 888 mensem,
396 840 536 887 credo,
569 845 801 878 extremum
833 838 947 884 anni,
980 844 1024 877 ut
1058 844 1217 878 veteres
1249 838 1540 886 Februarium,
1573 841 1630 879 sic
1663 840 1729 879 hic
1760 842 1933 879 Decem·
1948 846 1982 873 s¹0

163 903 278 943 brem
313 903 582 956 sequebatur.
643 901 790 940 Hostia
831 906 968 939 autem
1010 901 1191 940 maxima
1230 906 1469 954 parentare,
1513 902 1681 955 pietatis
1720 916 1811 942 esse
1847 900 1932 956 [ad-

163 963 365 1018 iunctum]
401 965 585 1018 putabat.

276 1028 409 1067 XXII.
455 1025 522 1065 55.
571 1026 655 1066 Iam
697 1030 811 1065 tanta
851 1025 998 1078 religio
1039 1030 1100 1064 est
1139 1025 1481 1078 sepulchrorum,
1522 1033 1567 1066 ut
1598 1033 1713 1067 extra
1745 1042 1861 1068 sacra
1894 1034 1934 1068 et

165 1096 331 1145 gentem
364 1090 506 1130 inferri
538 1088 599 1128 fas
632 1094 785 1140 negent
817 1101 933 1134 esse,
965 1087 1092 1139 idque
1123 1088 1235 1140 apud
1268 1089 1444 1128 maiores
1477 1096 1644 1129 nostros
1675 1092 1722 1129 A.
1745 1092 1933 1144 Torqua-

164 1160 230 1194 tus
270 1154 312 1193 in
351 1158 475 1205 gente
515 1150 689 1204 Popillia
724 1150 939 1190 iudicavit.
1000 1151 1085 1188 Nec
1118 1164 1215 1189 vero
1247 1156 1329 1190 tam
1361 1149 1594 1198 denicaleS,
1636 1166 1743 1205 quae
1776 1167 1798 1192 a
1830 1167 1931 1192 nece
1953 1158 1984 1185 ¹5

165 1215 399 1270 appellatae
432 1220 550 1261 sunt,
593 1214 690 1266 quia
722 1213 750 1265 ’ξ-
782 1212 1018 1252 residentur
1050 1213 1227 1259 mortui,
1260 1226 1386 1266 quain
1420 1219 1655 1254 ceterorum
1688 1216 1930 1256 caelestium

166 1278 295 1332 quieti
329 1277 418 1317 dies
449 1276 580 1316 feriae
610 1276 948 1321 nominarentur,
988 1274 1069 1313 nisi
1103 1275 1282 1314 maiores
1314 1288 1408 1322 eos,
1449 1276 1518 1328 qui
1552 1290 1604 1316 ex
1635 1277 1710 1316 hac
1744 1279 1825 1318 vita
1858 1280 1933 1318 mi-

164 1345 377 1394 grassent,
416 1339 459 1378 in
490 1339 664 1378 deorum
697 1351 870 1377 numero
904 1349 994 1376 esse
1027 1335 1273 1375 voluissent.
1334 1338 1413 1376 Eas
1445 1338 1485 1376 in
1520 1352 1592 1378 eos
1624 1339 1711 1378 dies
1744 1341 1932 1380 conferre

164 1404 252 1449 ius,
284 1407 328 1441 ut
358 1401 489 1453 ipsius
522 1413 659 1453 neque
692 1400 885 1453 publicae
917 1399 1046 1438 feriae
1077 1398 1173 1444 sint,
1208 1404 1378 1452 totaque
1410 1399 1534 1440 huius
1565 1402 1667 1440 iuris
1699 1404 1932 1455 conpositio

164 1461 417 1518 pontificalis
448 1476 642 1516 magnam
673 1464 916 1514 religionem
940 1460 1325 1513 caerimoniamque
1347 1461 1545 1502 declarat.
1594 1464 1740 1516 Neque
1764 1478 1931 1504 necesse
1948 1471 1982 1498 20

167 1533 231 1568 est
261 1525 434 1566 edisseri
467 1539 490 1565 a
521 1526 662 1573 nobis,
704 1538 812 1579 quae
844 1524 940 1564 finis
971 1523 1163 1562 funestae
1194 1522 1400 1570 familiae,
1434 1524 1545 1577 quod
1578 1538 1708 1577 genus
1739 1527 1932 1566 sacrificii

165 1589 260 1630 Lari
295 1585 571 1642 [verbecibus]
607 1586 697 1634 fiat,
740 1600 864 1641 quem
905 1586 956 1626 ad
997 1586 1167 1625 modum
1209 1599 1254 1625 os
1297 1592 1519 1638 exceptum
1561 1593 1669 1627 terra
1712 1595 1934 1641 optegatur

166 1664 361 1706 quaeque
392 1651 435 1690 in
468 1663 592 1703 porca
623 1655 835 1689 contracta
866 1649 957 1689 iura
988 1649 1093 1695 sint,
1128 1661 1212 1701 quo
1246 1654 1432 1700 tempore
1463 1650 1634 1702 incipiat
1665 1651 1933 1704 sepulchrum

167 1727 260 1755 esse
291 1720 333 1754 et
362 1713 567 1764 religione
598 1718 801 1752 teneatur.
863 1710 928 1750 56.
961 1714 1017 1751 Ac
1042 1711 1142 1750 mihi
1178 1712 1347 1764 quidem
1379 1712 1716 1765 antiquissimum
1750 1713 1935 1766 sepultu-

259 1852 288 1882 t.
314 1851 398 1880 iuris
419 1848 565 1880 consulto
590 1848 613 1879 C
644 1866 676 1870 —
704 1848 835 1878 munius
858 1848 894 1883 B,
921 1857 1040 1878 munus
1063 1848 1139 1885 All,
1167 1847 1230 1879 sed
1254 1849 1280 1878 A
1307 1856 1386 1878 cum
1412 1849 1422 1878 i
1446 1856 1522 1888 sup.
1550 1847 1606 1879 lin.
1645 1866 1679 1870 —
1716 1849 1746 1879 ⁶2.
1772 1850 1936 1889 relinquat

166 1902 191 1933 B
221 1919 255 1924 -
281 1900 528 1940 superdicebant
554 1901 575 1929 A
617 1916 648 1919 —
688 1898 717 1929 3.
745 1899 800 1937 qui
825 1898 903 1937 quid
928 1899 1118 1929 Manutius:
1146 1897 1302 1937 qzu'cquid
1326 1898 1406 1935 Allv
1433 1900 1508 1936 quic
1533 1898 1554 1928 Β
1594 1915 1628 1919 -
1667 1900 1886 1940 adstrinyilur
1910 1903 1935 1932 A

171 1969 206 1974 —-
232 1952 319 1982 sacri
344 1951 367 1982 C
409 1968 442 1972 -
480 1949 510 1980 4,
538 1949 589 1979 ius
611 1952 655 1979 set
679 1949 821 1988 scripsi:
855 1949 907 1978 ius
930 1952 959 1979 el
983 1949 1007 1979 A
1024 1949 1045 1978 B
1062 1948 1104 1981 Ο,
1140 1948 1219 1977 ines!
1244 1948 1270 1978 H
1310 1965 1344 1969 -
1381 1957 1396 1978 e
1421 1949 1526 1978 medio
1552 1949 1574 1978 B
1600 1957 1691 1979 corr.
1719 1958 1758 1979 ex
1783 1950 1937 1981 liaemedo

171 2018 207 2023 —
231 2002 375 2041 peraesit
398 1998 447 2033 B¹,
472 2008 551 2038 pere
574 1999 615 2029 sit
640 1999 680 2036 H,
708 2007 764 2029 aes
787 2002 816 2029 et
840 2000 865 2029 A
892 1998 923 2028 in
950 2006 1017 2029 ras.
1046 1997 1153 2028 hahet
1191 2015 1225 2019 —
1264 1999 1294 2028 5.
1322 1997 1459 2028 liberam
1483 1995 1519 2028 13¹
1557 2015 1592 2019 -
1630 2001 1823 2028 testamenta
1847 2000 1870 2030 B
1899 2017 1933 2021 —

167 2051 294 2083 soluerit
318 2048 357 2081 13¹
382 2067 415 2071 —
447 2050 476 2080 6.
503 2050 678 2089 stipulatus
700 2052 745 2080 est
770 2057 839 2080 om.
860 2049 883 2079 B
923 2066 955 2070 —
996 2049 1026 2079 7.
1055 2047 1150 2087 quod]
1177 2056 1241 2087 quo
1266 2047 1290 2078 C
1318 2063 1352 2069 -
1380 2047 1411 2078 8.
1440 2048 1628 2084 Lacunam,
1656 2056 1746 2086 quae
1772 2052 1850 2088 post
1874 2058 1938 2080 uon

168 2101 203 2132 in
227 2098 392 2131 omnihus
417 2098 520 2130 codd.
549 2100 620 2136 est,
655 2097 845 2129 Lambinus
870 2106 911 2128 ex
938 2097 1112 2129 Plutarchi
1138 2099 1286 2137 quaesit.
1314 2097 1411 2127 Rom.
1441 2106 1471 2137 p.
1494 2096 1555 2128 iii
1580 2097 1635 2128 ed.
1656 2098 1764 2136 Wytt.
1792 2101 1868 2137 aut,
1903 2102 1939 2130 ut

167 2151 243 2191 ipse
268 2150 330 2185 ait,
358 2158 398 2180 ex
424 2149 582 2188 margine
608 2148 739 2179 codicis
764 2148 895 2187 antiqui
921 2147 971 2178 sia
997 2146 1163 2187 explevit:
1197 2147 1302 2184 sitque
1325 2155 1362 2176 ea
1391 2147 1512 2181 (eadem
1537 2146 1592 2176 ed.
1614 2148 1733 2179 Lamb.
1754 2150 1847 2187 4566)
1874 2159 1939 2180 non

167 2200 309 2240 alligata
332 2198 449 2229 saeris.
502 2199 598 2229 Venio
621 2207 709 2228 nune
734 2197 832 2236 (nunc
856 2206 926 2228 0111.
946 2196 1067 2228 Lanib.
1089 2197 1182 2236 1566)
1208 2196 1251 2226 ad
1276 2196 1423 2226 manium
1450 2197 1536 2231 iura,
1563 2205 1648 2234 quae
1671 2198 1814 2229 maiores
1838 2200 1940 2229 noslri

167 2253 197 2282 et
225 2247 462 2288 sapientissime
493 2248 703 2279 instituerunt
734 2251 761 2278 et
792 2246 1032 2286 reliyiosissime
1062 2246 1243 2277 coluerunt.
1292 2245 1473 2276 Februario
1496 2248 1605 2276 autem
1628 2254 1745 2284 iriense,
1779 2249 1834 2286 qui
1863 2252 1940 2280 lunc

167 2302 335 2331 extremus
359 2297 440 2327 anni
462 2298 580 2328 mensis
602 2301 693 2336 erat,
726 2297 866 2328 moi-luis
892 2297 1068 2335 parentari
1091 2296 1283 2326 voluerunt:
1323 2295 1409 2333 quod
1432 2297 1538 2325 tamen
1564 2295 1605 2325 D.
1626 2296 1765 2329 Brutus.
1797 2301 1831 2327 ul
1855 2299 1940 2328 scri-

166 2352 261 2389 ptum
284 2356 306 2378 a
330 2347 469 2377 Sisenna
493 2350 537 2378 esi
562 2349 611 2385 (ut
629 2363 665 2369 --
681 2350 726 2377 est
751 2355 820 2377 om.
842 2347 876 2376 1..
898 2346 1006 2383 1566),
1034 2345 1203 2376 Decembri
1225 2346 1334 2383 [acere
1357 2344 1478 2374 solebat
1525 2345 1624 2375 Cuius
1648 2354 1705 2384 eqo
1730 2346 1777 2376 rei
1804 2355 1940 2377 causam

168 2408 244 2431 cum
265 2406 392 2429 mecum
416 2406 620 2436 quaererem,
645 2398 787 2428 Brutum
811 2397 1013 2436 reperiebam
1037 2397 1160 2427 idcireo
1186 2405 1207 2426 a
1230 2403 1321 2425 more
1344 2395 1512 2424 maiorum
1535 2395 1711 2425 discessisse
1727 2394 1817 2434 (num
1834 2398 1942 2427 Sisen-

169 2457 250 2480 nam
270 2448 364 2478 video
386 2456 535 2486 causam,
569 2457 629 2478 eur
652 2450 680 2479 is
705 2448 768 2485 (ille
792 2446 913 2478 Lamb.
935 2447 1028 2483 1566)
1053 2450 1144 2476 velus
1169 2446 1351 2476 institutum
1376 2453 1437 2474 non
1462 2444 1618 2480 servarit,
1645 2444 1826 2485 ignorare).
1852 2446 1942 2476 Bru-

173 2503 243 2531 tum
272 2501 384 2529 autem
407 2499 574 2528 maiorum
598 2497 782 2527 institutum
805 2500 924 2526 temere
947 2496 1126 2534 neglexisse
1152 2506 1213 2526 non
1238 2498 1272 2534 fi!
1296 2495 1376 2525 milii
1400 2495 1467 2524 reri
1490 2493 1603 2524 simile.
1643 2494 1794 2531 (Brutum
1810 2513 1855 2518 --
1874 2497 1943 2527 reri

171 2548 276 2580 simile
299 2555 368 2578 om.
390 2548 425 2577 L.
449 2547 557 2586 4566.)
585 2563 618 2567 —
647 2546 678 2576 9.
706 2546 816 2576 accius
841 2546 881 2583 H,
908 2547 1014 2576 actius
1037 2546 1100 2576 ΑΒ
1130 2563 1162 2566 -
1196 2547 1246 2576 it).
1274 2555 1299 2575 st
1323 2545 1373 2574 liic
1397 2544 1561 2574 december
1586 2543 1609 2573 C
1638 2560 1673 2565 —-
1703 2545 1712 2574 l
1728 2545 1753 2574 l.
1776 2546 1891 2583 pietati
1917 2546 1941 2576 O

173 2607 256 2631 cum
279 2597 474 2638 Stephano;
514 2603 578 2626 nos
609 2596 801 2625 adiunctum
832 2597 869 2625 ut
900 2594 1074 2634 glossema
1100 2604 1178 2626 cuni
1206 2595 1308 2625 Bakio
1334 2593 1538 2624 inclusimus
1573 2610 1614 2614 —
1648 2597 1726 2624 esset
1750 2594 1776 2624 ll
1815 2611 1849 2617 —
1888 2595 1940 2627 213.

172 2651 274 2681 extra
298 2648 341 2678 C:
375 2648 491 2677 eaetera
517 2646 541 2676 Ο
567 2653 648 2675 cum
675 2645 815 2675 Pearcio
841 2646 953 2684 (extra
977 2652 1075 2674 saera
1100 2652 1297 2682 quemquam
1321 2643 1437 2680 inferri
1463 2642 1564 2679 Bake)
1600 2660 1632 2662 —
1668 2642 1717 2673 li.
1747 2646 1943 2682 utorquatus

173 2698 198 2730 B
214 2700 241 2731 H
265 2696 341 2738 (sed
360 2696 385 2727 Η
404 2699 474 2733 tos)¹
503 2696 583 2725 nota
607 2695 846 2734 praenominis
872 2694 904 2724 in
930 2696 954 2724 A
981 2702 1082 2725 erasa
1107 2695 1159 2724 cst
1186 2709 1219 2714 —
1250 2694 1301 2723 45.
1320 2692 1458 2730 Popillia
1483 2700 1564 2722 nos:
1588 2693 1725 2730 popillia
1746 2690 1796 2725 ΑΙ,
1818 2694 1943 2732 Popilia

175 2748 252 2780 A²B
268 2747 334 2778 ΗΟ
370 2762 405 2766 —
445 2746 525 2775 ante
555 2753 613 2775 uec
645 2745 676 2774 in
703 2746 725 2774 A
759 2743 849 2774 duae
875 2746 992 2774 tresve
1018 2742 1137 2773 literae
1164 2751 1285 2773 erasae
1325 2759 1359 2763 —
1397 2745 1467 2771 tam
1492 2741 1652 2771 deuii-ales
1676 2742 1939 2774 ltanconnetus:

174 2797 339 2829 landelica
362 2795 417 2826 lex
439 2795 517 2831 AH,
544 2797 612 2825 tam
637 2794 755 2824 delicta
780 2794 881 2831 (corr.
901 2793 1013 2832 defice)
1039 2792 1095 2822 lea:
1119 2793 1142 2823 B
1180 2810 1220 2814 —
1256 2800 1360 2830 quaea
1386 2799 1443 2821 nee
1467 2799 1503 2820 ea
1529 2791 1695 2829 appellala
1722 2795 1764 2828 A,
1791 2802 1874 2830 quae
1898 2802 1939 2823 an

174 2856 216 2879 ea
239 2845 425 2885 appellante
448 2844 471 2874 B
509 2860 544 2864 —
586 2843 636 2874 46.
663 2844 847 2874 residenlur
868 2843 991 2873 mortui
1017 2841 1151 2873 (moritui
1177 2841 1216 2878 ll)
1242 2842 1286 2873 C:
1325 2841 1510 2870 residenlur
1533 2840 1671 2870 mortuis
1695 2840 1884 2872 Salmasius
1909 2846 1942 2873 ρῑ

177 2897 215 2935 0,
240 2896 403 2927 residetur
418 2893 557 2924 vmortuis
580 2892 784 2929 Lambinus=
812 2901 878 2931 qua
902 2892 1041 2922 resident
1066 2891 1187 2921 mortui
1213 2890 1383 2925 Davisius,
1410 2889 1489 2928 quia
1513 2889 1659 2920 residunt
1676 2892 1796 2922 mortui
1822 2892 1943 2922 Manu—

177 2946 261 2984 tius,
295 2946 374 2984 quia
397 2943 538 2974 resident
554 2944 676 2972 mortui
695 2941 897 2981 Marquardt
914 2941 1027 2979 Antiq.
1050 2941 1085 2971 R.
1106 2940 1160 2975 Ν,
1180 2940 1252 2976 256,
1273 2940 1350 2978 quia
1371 2940 1437 2969 neci
1455 2939 1571 2968 dentur
1589 2939 1705 2969 Christ
1719 2956 1752 2960 —
1774 2949 1839 2978 qua
1858 2941 1884 2971 H
1905 2958 1937 2962 -

179 2994 232 3025 47.
256 2995 464 3025 nominarent
490 2992 517 3023 H
551 3008 585 3013 ——
622 2992 672 3023 ⁴8.
698 3000 772 3022 cum
794 2992 862 3030 fere
886 2988 937 3027 ΑΙ,
963 2991 1092 3029 confere
1116 2992 1172 3024 ,λ’-’ς
1199 2987 1317 3019 malini
1342 2987 1487 3027 conferri
1525 3005 1558 3008 —
1598 2988 1650 3018 1¹9.
1677 2990 1727 3019 ius
1749 2992 1795 3020 est
1819 2989 1939 3021 Lanib.

183 3059 219 3065 —
243 3046 280 3074 ut
303 3043 516 3074 Mommsen:
542 3044 578 3071 ut
602 3049 640 3072 ne
665 3041 703 3079 C,
728 3045 763 3070 ut
787 3049 891 3079 neque
914 3040 938 3070 O
964 3042 996 3070 et
1023 3040 1125 3080 pauci
1151 3039 1236 3069 dett.
1266 3055 1299 3059 —
1327 3038 1380 3068 20.
1405 3036 1603 3076 pontificalis
1626 3037 1777 3076 glossam
1797 3041 1937 3078 sapit-

181 3091 235 3122 2⁴.
259 3091 425 3130 familieq;
449 3099 550 3130 yenus
575 3091 600 3122 H
638 3108 672 3112 —
712 3090 764 3121 22.
790 3091 870 3121 Lari
897 3089 1104 3120 Lambinus:
1132 3089 1202 3118 lare
1227 3088 1287 3117 CO
1325 3104 1360 3108 —
1401 3086 1590 3116 ueruecibus
1613 3087 1664 3123 A'-',
1690 3087 1871 3118 uei-uicibus
1897 3089 1940 3123 1{;

184 3148 313 3172 nomen
337 3141 406 3171 iam
431 3139 568 3171 Davisio
593 3143 627 3170 et
651 3140 826 3179 Wagnero
852 3142 1056 3179 suspectum
1082 3138 1218 3169 inclusit
1244 3135 1451 3174 felcihuegei
1479 3153 1512 3156 —
1551 3139 1721 3174 exceptum
1743 3140 1834 3167 terra
1858 3138 1944 3167 Tur—

185 3187 298 3220 nebus
323 3188 423 3228 (cons.
449 3190 560 3221 Varro
586 3190 629 3221 de
655 3191 690 3221 L.
711 3191 745 3220 L.
775 3190 813 3228 V,
831 3189 849 3230 g
868 3189 935 3227 23):
977 3191 1131 3220 reiecluin
1156 3192 1263 3218 [errae
1289 3187 1326 3223 C,
1353 3184 1414 3216 sed
1440 3187 1489 3216 est
1515 3186 1547 3215 in
1573 3188 1598 3215 A
1623 3187 1777 3217 reieclutn
1801 3186 1832 3217 in
1859 3196 1939 3221 ras.;

185 3241 344 3269 resectum
367 3241 458 3270 terra
482 3240 507 3271 O
533 3248 614 3270 cum
638 3240 785 3271 Patricio
822 3255 856 3260 —
894 3239 947 3270 23.
973 3239 1144 3278 confracta
1169 3235 1210 3268 Αἵ
1223 3234 1260 3267 B²
1286 3252 1319 3257 —
1349 3237 1426 3273 quot
1446 3238 1582 3274 praeter
1606 3232 1665 3274 iffi)
1691 3236 1829 3275 incipiat
1851 3236 1879 3267 H
1905 3251 1940 3257 -

187 3285 240 3320 24.
266 3296 306 3319 ac
327 3288 517 3321 Manutius:
543 3289 588 3321 ad
610 3289 689 3329 ΑΗ,
715 3292 751 3320 at
773 3289 833 3320 ΒΟ
860 3305 895 3311 -
921 3288 1044 3329 sepulto
1067 3284 1118 3319 A&
