2249 3624
370 169 453 212 358
811 168 1241 210 TUSCULANARUM
1270 167 1708 210 DISPUTATIONUM

371 275 416 318 id
454 277 612 330 ipsum,
653 276 752 330 quia
791 274 912 315 dolor
950 274 1024 323 sit,
1067 287 1234 327 semper
1264 287 1356 314 esse
1385 273 1652 327 fugiendum,
1690 275 1831 330 itaque
1860 274 1939 316 hac
1968 290 2141 318 usurum

372 338 716 393 compensatione
747 338 998 392 sapientem,
1029 342 1076 376 ut
1107 342 1147 377 et
1177 336 1436 390 voluptatem
1466 336 1620 390 fugiat,
1653 337 1688 377 si
1721 351 1769 377 ea
1800 337 2001 378 maiorem
2027 338 2143 379 dolo-

370 413 459 440 rem
490 401 688 440 effectura
717 401 788 447 sit,
827 405 868 439 et
899 399 1088 439 dolorem
1119 399 1322 451 suscipiat
1351 400 1552 439 maiorem
1584 397 1836 440 efficientem
1873 400 2144 453 voluptatem,

372 463 597 516 omniaque
618 462 814 508 iucunda,
846 474 1101 514 quamquam
1133 474 1261 501 sensu
1291 461 1477 514 corporis
1507 461 1758 510 iudicentur,
1790 462 1841 502 ad
1864 462 2050 501 animum
2081 475 2145 501 re·

338 525 470 566 sferri
498 530 661 571 tamen3
693 522 760 562 96.
783 523 981 577 quocirca
1002 536 1155 577 corpus
1187 523 1370 576 gaudere
1401 528 1485 563 tam
1517 523 1603 571 diu,
1635 524 1732 564 dum
1763 530 2026 578 praesentem
2052 537 2146 563 sen-

369 588 466 629 tiret
495 587 772 641 voluptatem,
810 586 997 626 animum
1029 591 1070 626 et
1106 591 1372 639 praesentem
1410 586 1628 639 percipere
1658 587 1814 640 pariter
1844 600 1938 627 cum
1970 599 2146 639 corpore

370 655 412 691 et
440 650 679 703 prospicere
709 648 949 689 venientem
981 661 1058 688 nee
1087 649 1355 701 praeteritam
1388 650 1686 702 praeterfluere
1720 650 1880 697 sinere3
1911 650 1969 690 ita
1996 661 2148 703 perpe-

369 719 460 754 tuas
495 717 537 752 et
574 716 791 752 contextas
831 711 1066 764 voluptates
1106 711 1150 750 in
1190 710 1379 764 sapiente
1414 711 1504 751 fore
1549 725 1734 765 semper,
1775 726 1869 752 cum
1909 712 2145 767 expectatio

368 779 626 829 speratarum
658 774 922 827 voluptatum
952 786 1041 812 cum
1070 780 1360 827 perceptarum
1391 774 1592 814 memoria
1622 774 1879 828 iungeretur.

318 847 354 876 to
480 837 677 877 XXXIV.
710 835 777 875 97.
813 837 953 889 Atque
992 835 1058 875 his
1099 836 1250 876 similia
1288 836 1339 876 ad
1372 837 1528 877 victum
1560 838 1683 877 etiam
1715 837 2043 885 transferuntur,
2075 851 2147 878 ex-

366 905 648 954 tenuaturque
679 897 990 952 magnificentia
1021 904 1062 938 et
1091 904 1280 952 sumptus
1303 899 1540 953 epularum,
1573 899 1686 952 quod
1710 914 1839 953 parvo
1863 900 1977 940 cultu
1998 905 2148 941 natura

366 969 564 1005 contenta
595 964 658 1004 sit.
703 963 870 1002 Etenim
902 962 995 1015 quis
1025 961 1107 1001 hoc
1139 975 1225 1001 non
1257 962 1395 1009 videt,
1429 962 1648 1002 desideriis
1681 963 1820 1002 omnia
1851 964 1932 1003 ista
1953 962 2144 1003 condiri?

364 1026 514 1067 Darius
545 1026 588 1065 in
618 1024 718 1078 fuga
748 1038 843 1065 cum
875 1038 1029 1078 aquam
1061 1024 1270 1065 turbidam
1305 1030 1344 1064 et
1366 1024 1637 1065 cadaveribus
1666 1026 1926 1080 inquinatam
1957 1025 2146 1073 bibisset,

365 1089 534 1142 negavit
562 1102 764 1142 umquam
795 1101 839 1127 se
865 1087 1023 1127 bibisse
1045 1087 1297 1135 iucundius;
1331 1101 1561 1141 numquam
1584 1088 1782 1128 videlicet
1803 1089 1948 1129 sitiens
1970 1088 2146 1128 biberat.

316 1160 352 1189 45
365 1153 451 1192 Nec
481 1151 670 1191 esuriens
701 1151 967 1190 Ptolemaeus
999 1150 1164 1197 ederat3
1197 1150 1263 1189 cui
1287 1163 1379 1189 cum
1407 1151 1644 1203 peragranti
1666 1152 1900 1205 Aegyptum
1924 1151 2147 1191 comitibus

365 1228 449 1255 non
489 1213 729 1254 consecutis
769 1213 951 1253 cibarius
991 1213 1033 1252 in
1067 1225 1162 1252 casa
1202 1213 1323 1265 panis
1356 1213 1477 1252 datus
1509 1218 1639 1260 esset,
1679 1213 1781 1253 nihil
1813 1214 1948 1253 visum
1980 1218 2044 1253 est
2073 1213 2147 1253 illo

364 1289 472 1331 pane
503 1275 743 1316 iucundius.
790 1276 990 1316 Socraten
1020 1275 1179 1322 ferunt,
1211 1289 1302 1315 cum
1329 1288 1464 1329 usque
1486 1275 1538 1315 ad
1561 1288 1781 1329 vesperum
1806 1277 2040 1317 contentius
2061 1289 2148 1316 am-

363 1339 529 1380 bularet
570 1339 896 1393 quaesitumque
939 1343 1050 1378 esset
1090 1351 1142 1378 ex
1176 1351 1244 1385 eo,
1293 1352 1375 1391 qua
1405 1351 1449 1377 re
1482 1338 1522 1377 id
1554 1337 1733 1387 faceret,
1775 1339 2048 1392 respondisse
2089 1351 2147 1386 se,

365 1415 448 1457 quo
478 1401 628 1441 melius
660 1406 850 1448 cenaret,
883 1402 1089 1441 obsonare
1121 1401 1376 1440 ambulando
1408 1401 1575 1440 famem.
1626 1399 1693 1440 98.
1717 1401 1859 1450 Quid?
1891 1402 2045 1441 victum
2070 1401 2148 1441 La-

314 1474 352 1504 20
367 1465 734 1506 cedaemoniorum
764 1464 808 1504 in
841 1464 1016 1518 philitiis
1045 1477 1187 1504 nonne
1219 1463 1440 1504 videmus?
1473 1464 1550 1504 Ubi
1573 1478 1665 1504 cum
1688 1470 1890 1519 tyrannus
1913 1463 2149 1504 cenavisset

363 1527 614 1581 Dionysius,
645 1528 813 1580 negavit
844 1540 888 1567 se
920 1526 1011 1566 iure
1033 1527 1106 1566 illo
1130 1528 1264 1580 nigrO,
1296 1527 1409 1581 quod
1438 1540 1564 1566 cenae
1588 1533 1713 1580 caput
1735 1532 1843 1575 erat,
1876 1526 2144 1566 delectatum.

365 1592 473 1632 Tum
502 1590 558 1637 is,
591 1590 662 1643 qui
692 1590 766 1630 illa
797 1594 990 1630 coxerat:
1027 1590 1223 1630 «Minime
1251 1591 1424 1637 1nirum3
1458 1590 1725 1630 condimenta
1748 1590 1860 1630 enim
1881 1589 2144 1630 defuerunt.»

370 1654 514 1703 «Quae
546 1653 778 1693 tandem?n
813 1653 951 1706 inquit
983 1652 1066 1691 ille.
1118 1652 1285 1692 «Labor
1315 1653 1358 1691 in
1391 1659 1564 1700 venatu,
1597 1653 1737 1700 sudor,
1769 1666 1916 1693 cursus
1942 1652 1994 1692 ad
2016 1653 2148 1691 Euro-

365 1722 471 1763 tam,
501 1715 654 1763 fames,
687 1715 802 1764 sitis;
834 1715 899 1755 his
933 1715 1044 1754 enim
1076 1715 1201 1754 rebus
1224 1715 1654 1756 Lacedaemoniorum
1678 1716 1828 1769 epulae
1850 1715 2143 1755 condiuntur.»

313 1789 350 1819 ²25
365 1781 501 1832 Atque
531 1778 609 1819 hoc
639 1791 724 1817 non
756 1791 809 1818 ex
839 1778 1055 1818 hominum
1089 1791 1205 1818 more
1238 1778 1398 1826 solum,
1434 1779 1506 1818 sed
1540 1779 1664 1818 etiam
1698 1793 1750 1818 ex
1780 1778 1927 1818 bestiis
1958 1775 2147 1829 intellegi

363 1846 522 1896 potest,
571 1854 701 1895 quae,
738 1847 784 1881 ut
825 1841 1026 1895 quicquid
1069 1841 1275 1881 obiectum
1319 1848 1403 1887 est,
1446 1842 1559 1894 quod
1591 1842 1716 1881 modo
1749 1855 1772 1880 a
1802 1846 1949 1880 natura
1978 1853 2063 1880 non
2096 1841 2150 1880 sit

363 1905 567 1952 alienum,
609 1917 658 1943 eo
700 1909 923 1944 contentae
963 1917 1049 1943 non
1089 1910 1300 1958 quaerunt
1337 1905 1532 1957 amplius.
1591 1902 1656 1943 99.
1700 1904 1898 1944 Civitates
1941 1902 2148 1956 quaedam

363 1970 585 2010 universae
617 1980 733 2006 more
757 1967 901 2007 doctae
934 1967 1189 2020 parsimonia
1213 1966 1485 2014 delectantur,
1518 1974 1562 2007 ut
1585 1967 1636 2007 de
1659 1966 2002 2007 Lacedaemoniis
2021 1966 2148 2019 paulo

365 2037 462 2073 ante
494 2031 693 2071 diximus.
740 2030 959 2070 Persarum
991 2043 1014 2069 a
1046 2028 1328 2082 Xenophonte
1360 2031 1495 2070 victus
1527 2031 1766 2083 exponitur,
1802 2042 1908 2083 quos
1939 2034 2066 2081 negat
2096 2029 2148 2069 ad

311 2101 515 2149 aopanem
558 2092 756 2134 adhibere
788 2093 1014 2146 quicquam
1054 2098 1219 2145 praeter
1249 2093 1518 2132 nasturcium.
1577 2093 1842 2146 Quamquam
1875 2092 1908 2131 si
1942 2091 2148 2145 quaedam

364 2157 489 2198 etiam
535 2155 728 2196 suaviora
769 2161 917 2195 natura
963 2154 1198 2203 desideret,
1247 2169 1374 2209 quam
1423 2155 1553 2195 multa
1594 2169 1646 2195 ex
1692 2160 1802 2195 terra
1839 2155 2146 2206 arboribusque

365 2220 594 2274 gignuntur
634 2232 728 2258 cum
770 2218 892 2271 copia
929 2217 1043 2258 facili
1085 2223 1173 2258 tum
1204 2219 1405 2258 suavitate
1437 2218 1693 2271 praestanti!
1742 2217 1861 2258 Adde
1904 2217 2147 2264 siccitatem,

451 2399 483 2431 2.
509 2402 546 2430 ut
569 2401 600 2430 ec
623 2397 769 2430 Orellius
796 2399 838 2436 (in
858 2398 1116 2437 adnotatione):
1143 2402 1174 2430 et
1198 2400 1282 2430 GR:
1309 2402 1345 2429 ut
1369 2399 1433 2430 ΒΟ
1453 2416 1488 2420 -
1516 2398 1546 2430 4.
1573 2399 1717 2429 iocunda
1742 2399 1766 2429 G
1783 2399 1806 2429 R
1827 2416 1861 2420 —
1889 2398 1920 2428 9.
1943 2397 2150 2437 voluptatum

364 2457 439 2481 cum
461 2452 693 2487 perceptarum
719 2449 880 2480 memoria
899 2448 1053 2487 Madvig:
1079 2449 1289 2488 uoluplalum
1308 2453 1541 2489 perceptarum
1559 2449 1721 2480 memoria.
1739 2449 1762 2479 C
1778 2448 1820 2481 O:
1846 2448 2057 2486 uoluptatum
2069 2455 2150 2486 per-

365 2502 538 2539 ceptarum
570 2499 750 2530 memoriae
781 2498 849 2530 alii.
903 2500 1051 2539 «Neque
1086 2500 1221 2538 tempsere
1249 2500 1385 2530 remOre
1410 2500 1533 2531 Cicero
1559 2499 1643 2529 dixit
1669 2499 1744 2536 (etsi
1769 2495 1916 2528 Orellius
1939 2496 2148 2536 saepissime

365 2558 450 2581 vere
477 2547 669 2580 Tullianam
695 2549 786 2579 hanc
811 2550 1111 2580 constructionem
1137 2548 1235 2580 alteri
1254 2550 1403 2580 cessisse
1422 2551 1552 2585 narrat,
1580 2548 1801 2580 confundens
1820 2549 1951 2579 iunctus
1967 2546 2082 2584 aliqua
2099 2554 2147 2583 re,

368 2599 463 2640 quod
488 2600 522 2630 in
547 2598 621 2630 solo
646 2599 828 2640 participio
855 2598 992 2635 dicitur,
1019 2600 1054 2629 et
1077 2600 1213 2638 ianyere
1237 2607 1305 2629 rem
1321 2598 1370 2639 re)
1396 2607 1512 2638 neque
1538 2599 1570 2629 in
1596 2597 1809 2629 huiusmodi
1829 2596 1904 2628 loco
1923 2598 1958 2627 et
1973 2596 2147 2627 sententia

363 2649 500 2690 iunyere
522 2657 592 2680 rem
614 2649 698 2680 rei.»
725 2666 760 2670 —
796 2649 847 2680 40.
875 2652 1162 2686 eoetervuanturque
1187 2648 1211 2679 Ο
1239 2666 1274 2671 -
1304 2648 1355 2680 44.
1381 2650 1535 2679 sentienss
1559 2648 1596 2680 R¹
1623 2666 1657 2671 —
1694 2649 1745 2679 45.
1769 2647 1953 2687 ptolomeus
1977 2646 2001 2677 C
2029 2662 2064 2667 -
2092 2645 2145 2676 cui

363 2708 438 2731 cum
459 2700 688 2740 pereyrinanli
707 2716 754 2723 --
769 2708 835 2730 non
859 2700 978 2730 secutis
994 2700 1167 2729 —-1·isum
1190 2699 1245 2729 illo
1267 2708 1354 2737 pane
1378 2700 1554 2729 iucundius
1577 2700 1707 2730 Nonius
1733 2706 1752 2737 p
1785 2697 1837 2728 93.
1861 2714 1896 2719 —
1922 2704 1996 2727 oum
2020 2703 2148 2736 super-

365 2749 538 2788 scriptum
563 2748 673 2780 habet
695 2750 720 2780 R
748 2766 781 2770 —-
812 2749 864 2780 45.
892 2748 1028 2780 cibariis
1053 2749 1077 2779 C
1101 2765 1135 2769 —
1166 2750 1216 2779 47.
1243 2751 1401 2780 socraten
1419 2766 1468 2771 -—
1485 2749 1528 2779 ad
1544 2749 1673 2787 epirum
1689 2748 1873 2778 contentius
1888 2762 1935 2769 --
1953 2754 1995 2777 ea:
2011 2753 2060 2783 ea,
2087 2753 2148 2775 cur

364 2799 400 2829 id
419 2798 532 2837 facere
555 2800 686 2830 Nonius
711 2807 745 2840 p.
765 2799 841 2830 ⁶266.
870 2816 905 2820 —
939 2799 1109 2830 Socratem
1136 2798 1161 2828 O
1190 2816 1224 2820 —
1259 2799 1311 2829 49.
1339 2799 1500 2829 obsanare
1524 2799 1606 2829 GR:
1640 2805 1800 2836 opsonare
1825 2796 1849 2826 Ο
1877 2812 1912 2818 -
1948 2796 2001 2827 20.
2028 2803 2152 2826 caena-

364 2849 463 2880 uisset
487 2849 552 2879 GR
580 2866 615 2870 —
643 2849 695 2880 ⁶21.
723 2858 822 2880 caerae
845 2852 1006 2888 capuerat
1032 2848 1055 2880 C
1083 2865 1118 2870 —-
1145 2848 1198 2879 23.
1226 2848 1334 2879 Labor
1359 2849 1391 2879 ἱη
1414 2851 1537 2879 venalu
1561 2848 1642 2886 cet]
1676 2848 1751 2878 «Sic
1774 2850 1928 2889 codices,
1959 2851 2060 2892 quasi
2085 2859 2149 2881 ve-

365 2900 490 2931 nantes
508 2899 641 2929 tantum
661 2899 943 2935 Lacedaemonii,
971 2908 1039 2930 non
1058 2899 1141 2929 item
1159 2900 1356 2935 currentes,
1380 2898 1594 2929 sudaverint.
1623 2899 1746 2929 Cicero
1765 2900 1839 2931 sine
1857 2900 1965 2934 dubio
1983 2901 2139 2941 scripsit:

365 2948 475 2981 Labor
498 2947 532 2978 in
555 2952 694 2987 venam,
722 2957 838 2980 cursus
861 2950 905 2979 ad
928 2949 1106 2985 Eur-olam,
1133 2950 1244 2981 sudor,
1269 2949 1384 2988 sames,
1409 2950 1513 2979 suis.»
1540 2949 1595 2979 W.
1626 2966 1660 2970 —
1687 2951 1786 2980 sodor
1810 2952 1834 2981 G
1850 2950 1889 2982 R¹
1908 2969 1943 2974 -
1970 2952 2015 2982 ad
2037 2951 2150 2982 Euro-

364 3002 434 3031 tam
457 2996 623 3037 Bentley:
650 2998 690 3029 ab
714 3003 832 3030 eurota
856 3000 880 3031 C
909 3014 945 3021 -·
973 2998 1026 3030 2⁵..
1051 2999 1100 3030 his
1116 3000 1201 3030 enim
1216 3016 1263 3021 —-
1279 2999 1480 3029 condiuntur
1496 2998 1587 3030 delet
1607 3000 1697 3030 Bake
1714 2999 1735 3031 l.
1757 2999 1777 3032 l.
1797 3009 1831 3041 p.
1851 3001 1926 3032 443.
1946 3017 1981 3023 —-
2002 3000 2143 3038 aepulae

367 3048 433 3080 GR
460 3064 495 3069 ——
529 3047 582 3078 ⁶25.
609 3047 746 3088 intelligyi
774 3049 809 3080 h.
837 3048 858 3080 l.
893 3050 959 3080 GR
992 3066 1027 3071 -
1059 3050 1112 3080 26.
1140 3049 1306 3088 quicquid]
1340 3049 1388 3079 Cf.
1416 3049 1459 3079 lv
1490 3049 1507 3086 ξξ
1534 3048 1585 3080 42¹..
1624 3049 1761 3089 Madvig
1793 3050 1836 3081 ad
1865 3051 1936 3081 Cic.
1964 3049 2007 3081 de
2034 3049 2144 3081 Finib.

367 3107 402 3140 p.
430 3097 492 3129 655
518 3096 608 3137 (coll.
635 3107 668 3138 p.
696 3099 783 3137 879).
811 3099 861 3139 (ut
885 3099 1040 3138 quicquid
1064 3099 1221 3130 obiectum
1245 3101 1290 3129 est
1315 3108 1354 3129 ex
1381 3099 1585 3129 confusione
1612 3100 1762 3131 duarum
1788 3101 2088 3131 constructionum
2112 3101 2147 3132 in

368 3156 475 3181 unam
501 3147 650 3189 explicat
673 3148 875 3181 Ktihnerus:
904 3152 962 3180 «ut
986 3149 1115 3189 aliquid
1141 3148 1318 3179 obiectum
1338 3151 1408 3186 est,
1436 3149 1603 3189 quicquid
1628 3150 1727 3187 estad
1752 3168 1784 3172 -
1812 3151 1899 3189 quocl
1922 3150 1966 3181 B:
1993 3159 2056 3189 quo
2081 3151 2147 3182 GR

373 3215 408 3221 -
435 3198 531 3228 modo
556 3197 599 3238 [a]
625 3202 752 3229 natura
776 3199 800 3229 O
829 3216 864 3221 —
891 3199 942 3230 ⁶29.
972 3208 1052 3238 quos
1073 3202 1234 3239 uenat-ss
1252 3200 1459 3230 nasim-cizan
1484 3201 1613 3231 Nonius
1638 3209 1670 3241 p.
1690 3200 1764 3231 550.
1796 3217 1830 3222 --
1858 3199 1910 3231 30.
1936 3201 2145 3231 nasturcium

370 3248 395 3280 C
421 3249 456 3280 et
478 3248 627 3279 Nonius:
664 3249 865 3279 nasturtium
891 3250 928 3281 Ο.
964 3249 1015 3280 Cf.
1041 3257 1075 3290 p.
1104 3249 1177 3285 ⁴23,
1204 3248 1234 3279 6.
1265 3265 1298 3270 —
1334 3248 1386 3279 32.
1413 3257 1487 3279 cum
1512 3250 1556 3281 C:
1584 3252 1653 3280 tum
1678 3249 1702 3280 O
1729 3266 1770 3271 --
1790 3250 1976 3289 praestanli
2000 3249 2142 3281 Lambi-

367 3306 434 3331 nus
454 3307 460 3328 :
483 3298 694 3338 praestantia
719 3298 742 3330 C
759 3298 796 3330 O.
824 3298 1018 3340 «Equidem
1042 3307 1113 3331 non
1138 3298 1271 3339 dubito,
1299 3299 1382 3339 quin
1407 3300 1587 3340 postrema
1610 3298 1724 3331 littera
1749 3300 1845 3331 vocis
1865 3300 2077 3339 praestantia
2099 3307 2142 3331 ex
