2249 3624
251 198 333 242 892
972 201 1042 241 DE
1073 200 1296 242 LEGIBUS

249 305 317 347 36.
347 306 426 348 Att.
457 308 646 363 Excipis,
678 307 825 356 credo,
857 307 950 356 illa,
991 307 1141 362 quibus
1172 307 1251 360 ipsi
1285 306 1434 347 initiati
1467 320 1623 347 sumus.
1690 309 1749 349 M.
1790 309 1879 362 Ego
1910 324 2009 351 vero

250 370 472 424 excipiam.
542 373 644 412 Nam
685 371 785 410 mihi
829 384 920 410 cum
963 369 1093 410 multa
1131 370 1283 409 eximia
1324 369 1549 422 divinaque
1590 369 1787 411 videntur
1823 371 2012 412 Athenae

249 438 346 473 tuae
377 435 591 488 peperisse
622 439 749 487 atque
779 433 822 472 in
854 433 978 473 vitam
1009 432 1222 472 hominum
1254 432 1466 478 attulisse,
1502 437 1586 471 tum
1618 433 1720 473 nihil
1751 433 1900 474 melius
1929 434 2012 474 illis

251 497 481 550 mysteriis,
514 497 666 551 quibus
699 509 752 536 ex
783 495 935 549 agresti
969 496 1227 548 immanique
1258 495 1339 534 vita
1370 494 1525 534 exculti
1556 494 1607 534 ad
1638 495 1939 535 humanitatem
1973 500 2015 536 et

219 559 427 612 5mitigati
467 573 638 607 sumus,
684 558 888 612 initiaque
928 563 976 598 ut
1014 557 1306 611 appellantur,
1353 558 1409 597 ita
1449 571 1492 596 re
1532 571 1629 597 vera
1667 558 1872 611 principia
1905 559 2013 599 vitae

249 622 545 674 cognovimus3
576 635 715 675 neque
747 621 881 660 solum
916 634 1009 660 cum
1042 621 1199 660 laetitia
1231 620 1398 660 vivendi
1429 620 1636 660 rationem
1659 621 1908 674 accepimus,
1940 621 2013 661 sed

248 684 371 724 etiam
405 699 497 724 cum
531 697 603 738 spe
634 684 809 723 meliore
842 682 1061 722 moriendi.
1109 683 1218 731 Quid
1252 689 1390 723 autem
1414 683 1513 722 mihi
1537 683 1757 736 displiceat
1778 683 1819 722 in
1843 688 2015 723 noctur-

246 747 333 793 niS,
366 752 513 800 poetae
544 747 732 786 indicant
763 746 922 785 comici.
985 745 1078 793 Qua
1110 745 1280 784 licentia
1312 746 1468 785 Romae
1501 745 1596 784 data
1629 745 1828 798 quidnam
1863 746 2016 799 egisset

245 809 330 856 ille,
364 810 435 863 qui
467 810 507 848 in
541 806 787 849 sacrificium
819 809 1039 860 cogitatam
1072 807 1290 847 libidinem
1324 807 1479 855 intulit,
1513 820 1597 861 quo
1630 821 1682 847 ne
1704 808 2015 860 inprudentiam

193 871 416 925 mquidem
462 872 680 912 oculorum
721 871 830 910 adici
870 870 931 910 sas
971 870 1076 909 fuit?
1149 869 1230 909 Aa.
1276 870 1339 909 Tu
1379 882 1478 909 vero
1521 869 1640 908 istam
1684 870 1837 910 Romae
1879 871 2014 925 legem

245 940 415 988 rogato:
449 935 568 974 nobis
600 938 763 975 nostras
794 946 846 972 ne
879 933 1098 972 ademeris.

358 997 445 1036 XV.
484 995 551 1036 37.
593 998 647 1037 M.
686 995 747 1035 Ad
780 1000 944 1034 nostras
976 995 1102 1047 igitur
1133 1000 1338 1035 revertor:
1379 994 1530 1047 quibus
1562 994 1751 1047 profecto
1784 994 2016 1047 diligentis-

246 1058 350 1097 sime
395 1059 664 1099 sanciendum
710 1062 795 1104 est,
836 1062 882 1096 ut
922 1057 1140 1096 mulierum
1180 1056 1331 1096 famam
1373 1057 1597 1095 multorum
1638 1058 1770 1097 oculis
1802 1057 1875 1097 lux
1906 1057 2017 1097 clara

246 1121 476 1169 custodiat,
518 1122 822 1173 initienturque
866 1133 914 1159 eo
955 1120 1035 1159 ritu
1074 1118 1211 1158 Cereri
1253 1132 1334 1172 quo
1367 1120 1523 1158 Romae
1556 1118 1787 1159 initiantur.
1849 1120 1942 1169 Quo
1972 1121 2016 1160 in

194 1189 229 1219 45
247 1196 398 1236 genere
440 1184 702 1224 severitatem
748 1182 952 1222 maiorum
994 1186 1163 1221 senatus
1198 1186 1315 1220 vetus
1347 1182 1573 1221 auctoritas
1606 1182 1655 1220 de
1688 1183 2016 1223 Bacchanalibus

247 1251 287 1286 et
319 1247 538 1286 consulum
573 1246 758 1286 exercitu
791 1245 977 1284 adhibito
1011 1243 1202 1297 quaestio
1225 1244 1614 1298 animadversioque
1639 1245 1832 1285 declarat.
1879 1247 2016 1299 Atque

247 1309 386 1349 omnia
416 1315 632 1357 nocturna,
664 1322 716 1349 ne
747 1322 823 1348 nos
856 1308 1045 1348 duriores
1076 1307 1183 1346 forte
1216 1307 1443 1355 videamur,
1477 1307 1517 1346 in
1550 1307 1687 1346 media
1718 1307 1892 1348 Graecia
1921 1308 2017 1348 Dia-

247 1371 405 1424 gondas
445 1373 666 1412 Thebanus
707 1372 798 1424 lege
841 1376 1044 1424 perpetua
1086 1370 1267 1409 sustulit.
1336 1372 1474 1409 Novos
1516 1383 1615 1409 vero
1658 1369 1758 1410 deos
1800 1376 1841 1410 et
1879 1370 1922 1409 in
1952 1369 2016 1410 his

248 1435 437 1475 colendis
477 1441 705 1475 nocturnas
747 1433 1092 1486 pervigilationes
1132 1433 1190 1472 sic
1222 1432 1543 1485 Aristophanes,
1586 1430 1863 1472 facetissimus
1894 1438 2018 1485 poeta

196 1499 399 1538 20veteris
439 1497 699 1544 comoediae,
745 1502 895 1543 vexat,
942 1502 987 1534 ut
1027 1495 1136 1547 apud
1182 1508 1275 1533 eum
1321 1494 1522 1534 Sabazius
1566 1499 1606 1534 et
1647 1494 1815 1548 quidam
1847 1495 1917 1535 alii
1949 1494 2016 1534 dei

248 1560 456 1614 peregrini
496 1560 667 1600 iudicati
710 1572 731 1598 e
771 1559 938 1598 civitate
972 1558 1187 1596 eiciantur.
1249 1557 1442 1596 Publicus
1475 1562 1612 1596 autem
1647 1557 1843 1597 sacerdos
1871 1557 2017 1610 inpru-

250 1623 431 1663 dentiam
473 1623 647 1663 consilio
689 1622 898 1674 expiatam
940 1625 1052 1659 metu
1085 1619 1255 1666 liberet,
1297 1619 1511 1659 audaciam
1544 1620 1584 1659 in
1617 1618 1887 1659 admittendis
1920 1618 2017 1658 reli-

250 1686 444 1739 gionibus
476 1684 610 1725 foedis
644 1684 812 1724 damnet
842 1690 966 1736 atque
1000 1683 1166 1734 impiam
1199 1681 1369 1721 iudicet.

362 1746 428 1787 38.
460 1749 545 1787 Iam
577 1748 663 1787 ludi
695 1746 850 1801 publici
883 1746 1079 1799 quoniam
1113 1750 1208 1784 sunt
1240 1757 1364 1784 cavca
1397 1745 1596 1798 circoque
1627 1743 1759 1790 divisi,
1791 1743 1841 1783 ad
1868 1757 2017 1797 corpo-

197 1815 234 1844 95
250 1825 340 1851 rum
383 1811 633 1851 certationes
672 1823 792 1850 cursu
836 1814 876 1848 et
915 1808 1191 1862 pugillatione
1224 1808 1527 1860 curriculisque
1560 1820 1766 1860 equorum
1797 1819 1932 1860 usque
1963 1806 2015 1846 ad

252 1880 404 1913 certam
437 1873 653 1913 victoriam
687 1873 821 1911 circus
853 1871 1105 1910 constitutus
1138 1871 1202 1917 sit,
1235 1883 1360 1909 cavea
1392 1871 1442 1908 ad
1476 1875 1641 1909 cantum
1670 1882 1772 1909 voce
1794 1882 1841 1908 ac
1862 1869 2016 1909 fidibus

252 1941 292 1976 et
323 1937 455 1983 tibiis,
488 1936 585 1975 dum
618 1934 742 1974 modo
776 1947 824 1973 ea
857 1933 1070 1972 moderata
1103 1932 1197 1979 sint,
1230 1938 1273 1971 ut
1304 1932 1394 1984 lege
1427 1931 1734 1984 praescribitur.
1795 1930 2017 1971 Adsentior

253 1999 364 2038 enim
404 1998 565 2038 Platoni
608 1997 716 2036 nihil
757 2002 838 2036 tam
878 1995 999 2035 facile
1041 1995 1082 2033 in
1115 1994 1276 2034 animos
1308 1999 1475 2033 teneros
1506 1997 1632 2046 atque
1665 1993 1812 2033 molles
1843 1993 2016 2033 influere

255 2074 377 2115 quam
417 2061 553 2100 varios
594 2059 770 2100 canendi
811 2071 960 2106 sonOS‚
1003 2070 1177 2110 quorum
1219 2056 1297 2096 dici
1335 2056 1405 2096 vix
1447 2060 1584 2108 potest
1615 2060 1771 2108 quanta
1798 2055 1852 2095 sit
1881 2056 1944 2096 vis
1974 2056 2017 2096 in

341 2240 370 2271 3.
397 2241 430 2271 in
454 2241 557 2271 vitam
581 2238 771 2271 Lambinus
796 2240 830 2269 et
854 2238 872 2269 3
898 2236 1000 2268 codd.
1029 2236 1127 2267 dett:
1162 2236 1193 2265 in
1218 2236 1290 2265 uita
1315 2235 1375 2265 CO
1416 2252 1450 2256 —
1489 2235 1519 2265 7.
1548 2243 1603 2265 ore
1627 2234 1658 2265 in
1683 2234 1815 2265 meliore
1838 2235 1866 2266 A
1890 2235 1924 2265 in
1948 2243 2016 2266 ras.

255 2290 361 2321 habet
387 2308 420 2313 —
451 2291 505 2328 qui
531 2293 638 2320 aulem
665 2289 688 2320 C
718 2306 752 2310 —
780 2289 814 2319 in
838 2288 1007 2318 voclar-nis
1030 2285 1233 2317 Turnebus:
1260 2285 1445 2315 innocentes
1469 2285 1493 2316 C
1522 2300 1556 2306 —
1585 2284 1615 2315 9.
1642 2284 1689 2315 illi
1714 2284 1741 2315 H
1767 2300 1800 2304 —
1829 2283 1863 2314 in
1886 2284 1914 2315 A
1939 2292 2016 2325 sup.

252 2337 310 2370 lin.
340 2356 374 2361 —
409 2347 512 2378 quoq,·
537 2339 784 2379 inprudentiam
808 2339 834 2369 H
874 2355 908 2360 -—
949 2338 1000 2369 40.
1027 2337 1114 2367 adici
1135 2335 1197 2375 fas]
1222 2336 1349 2366 adicias
1374 2335 1445 2371 AB,
1472 2335 1606 2366 adalias
1630 2335 1656 2365 H
1685 2351 1718 2355 —-
1759 2334 1809 2364 44.
1836 2334 1966 2373 rogatio
1992 2334 2016 2365 C

257 2407 291 2411 —
318 2389 379 2420 ade
394 2390 519 2420 meritis
543 2390 569 2420 H
598 2407 631 2411 —
660 2390 711 2420 112.
738 2391 870 2419 nostras
893 2386 1024 2427 aliquot
1048 2385 1151 2417 codd.
1172 2385 1270 2415 dett:
1297 2387 1412 2415 nostra
1437 2384 1497 2415 CO
1526 2402 1558 2407 —
1587 2383 1639 2415 44.
1665 2384 1906 2421 inicienlurque
1930 2384 1955 2414 A
1980 2400 2016 2406 —

254 2447 317 2477 quo
337 2439 378 2477 (in
395 2441 476 2477 ras.)
495 2441 597 2470 ritum
614 2439 640 2469 H
669 2455 702 2460 —
733 2439 783 2469 45.
802 2438 894 2468 ueius
910 2438 932 2468 B
947 2437 971 2468 H
998 2453 1031 2457 —
1062 2436 1114 2467 46.
1134 2435 1280 2466 adhibila
1298 2437 1321 2466 Α
1344 2452 1377 2456 -
1405 2434 1650 2465 animaduersio
1668 2434 1692 2465 C
1715 2451 1747 2456 —
1776 2433 1827 2464 47.
1847 2433 2020 2473 Payondas

254 2489 424 2520 Meursius
442 2488 534 2520 lectt.
554 2490 620 2520 Att.
643 2489 696 2525 111,
713 2488 764 2519 23.
795 2505 828 2509 —
858 2487 908 2517 49.
928 2486 1195 2526 facetissumusss
1223 2501 1258 2507 —
1286 2484 1338 2515 20.
1365 2488 1469 2515 uexat
1492 2486 1515 2515 A
1543 2484 1574 2514 in
1598 2492 1667 2514 ras.
1691 2482 1810 2521 habet,
1835 2483 1934 2514 uioeat
1957 2483 2019 2514 BH

258 2555 293 2559 —
313 2541 348 2567 uc
364 2539 453 2576 apud
469 2547 541 2569 eum
558 2539 581 2569 B
608 2547 698 2569 corr.
718 2547 758 2569 ex
783 2538 854 2568 uita
869 2539 1004 2576 puteum
1031 2553 1066 2557 —
1092 2535 1247 2566 sabacius
1263 2534 1286 2566 C
1315 2551 1349 2555 —
1377 2535 1437 2573 dei]
1456 2535 1494 2565 de
1519 2534 1555 2570 C,
1582 2534 1630 2565 dii
1653 2534 1678 2564 O
1706 2551 1740 2555 —
1767 2533 1819 2563 Ἡ.
1836 2532 2021 2573 peregrinis

255 2584 294 2618 B2
307 2584 347 2618 Η2
374 2605 405 2609 -
433 2589 558 2619 iudicat
581 2597 613 2619 sc
639 2589 718 2628 (non
736 2587 790 2627 sel)
817 2588 840 2617 B
869 2604 903 2608 —
929 2595 945 2617 e
969 2586 1032 2616 cia.
1052 2586 1217 2616 eiciantur
1239 2586 1267 2615 A
1291 2585 1322 2615 in
1349 2592 1418 2615 ras.
1437 2583 1544 2615 habet
1571 2601 1604 2606 —
1633 2584 1685 2613 22.
1705 2583 1831 2614 consilii
1852 2586 2021 2622 expertem

254 2638 479 2669 Ruhnkenius
518 2656 552 2660 —
591 2638 624 2668 in
649 2637 858 2668 admittendis
881 2635 1075 2666 deteriores
1100 2633 1247 2673 aliquot:
1284 2634 1347 2664 incl
1372 2634 1570 2664 iizmitendas
1592 2634 1636 2668 Α,
1671 2633 1736 2663 inei
1760 2633 1958 2664 immutandis
1981 2633 2018 2672 B,

253 2689 329 2718 meti
352 2689 512 2719 mitfflzdas
537 2688 581 2724 H3
607 2688 641 2718 in
664 2687 838 2719 initiandis
861 2686 950 2716 coni.
971 2685 1061 2716 Bake
1089 2683 1254 2723 (debebat
1279 2683 1401 2714 saltem
1428 2684 1460 2714 in
1476 2683 1649 2720 initiando)
1677 2699 1711 2704 ——
1739 2682 1790 2713 23.
1807 2683 1920 2722 foedas
1937 2683 1961 2714 C
1982 2699 2016 2704 —

255 2738 429 2776 damafquc
448 2738 486 2775 Η,
513 2741 566 2768 net
589 2741 689 2777 alque
713 2739 738 2768 A
765 2737 797 2767 in
816 2744 883 2766 ras.
904 2734 1011 2765 habet
1038 2752 1071 2756 —
1098 2733 1151 2764 ¹24.
1172 2735 1326 2771 circaque
1351 2734 1376 2764 Η
1406 2751 1439 2755 -
1467 2733 1511 2763 ad
1532 2742 1620 2770 corp.
1641 2734 1834 2763 certationes
1851 2750 1898 2756 --
1914 2733 2022 2763 circus

254 2788 447 2817 constitutus
469 2787 510 2818 sil
533 2788 676 2827 scripsi:
703 2788 767 2817 sinl
789 2795 881 2824 corp.
908 2785 1103 2815 (erlationes
1118 2800 1135 2805 -
1152 2800 1168 2805 —
1186 2784 1273 2812 circo
1297 2783 1481 2814 constitutis
1505 2784 1550 2818 C;
1577 2783 1637 2812 sint
1662 2791 1750 2820 corp.
1779 2783 1956 2813 cerialione
1972 2798 2021 2804 --

255 2837 341 2866 circo
366 2837 529 2866 constituti
553 2837 595 2871 O;
621 2837 684 2867 sin!
708 2845 796 2874 corp.
813 2835 986 2866 certationi
1009 2850 1044 2855 ν-
1060 2834 1095 2863 in
1119 2833 1207 2863 circo
1231 2833 1398 2863 constiluli
1423 2832 1575 2871 Madvig:
1602 2833 1642 2862 sil
1666 2841 1755 2869 corp.
1783 2832 1957 2862 certationi
1973 2848 2020 2854 --

254 2886 360 2916 circus
383 2887 575 2916 constitutas
608 2883 836 2925 Fcldhuegel,
869 2885 903 2915 in
934 2883 1032 2915 cuius
1057 2883 1311 2913 commentario
1337 2891 1414 2922 pag⁴
1432 2882 1492 2913 490
1518 2890 1549 2911 v.
1579 2880 1795 2920 reliquorum
1821 2881 2021 2912 criticorum

1317 2931 1356 2958 lio

257 2972 446 3003 tentamina
474 2989 508 2994 —
536 2973 588 3003 25.
617 2971 667 3012 [et]
694 2972 718 3003 O
745 2989 779 2993 —
804 2971 1021 3011 pugillatione
1044 2970 1184 3009 scripsi:
1209 2970 1340 3009 puyilla
1361 2969 1580 3000 uelaclalionc
1602 2968 1662 2999 AB
1688 2968 1743 3007 (lio
1759 2972 1812 2999 est
1828 2976 1848 2999 a
1865 2976 1937 2999 sec.
1957 2976 2018 3006 m.‚

258 3047 290 3076 in
316 3047 339 3077 B
364 3054 404 3075 ue
429 3047 600 3076 mutatum
627 3047 657 3076 in
683 3046 745 3085 ne),
770 3046 898 3085 puqilla
921 3019 1138 3076 uelilctalione
1163 3044 1188 3074 ΙΙ
1215 3043 1241 3079 (l
1266 3045 1318 3070 est
1342 3043 1386 3070 ab
1412 3040 1490 3071 ead.
1511 3041 1589 3077 m.);
1611 3040 1827 3079 puyilalione„
1846 3040 2022 3072 luctatione

258 3096 301 3132 O;
334 3095 539 3134 pugnatione
562 3100 590 3126 el
613 3097 791 3127 luctatione
822 3096 978 3134 Madvig;
1025 3094 1124 3126 nobis
1156 3088 1293 3119 videtur
1324 3088 1424 3120 lectio
1457 3089 1625 3121 librorum
1658 3099 1699 3121 ex
1730 3090 1796 3120 hac
1826 3090 2017 3130 scriptura:

296 3145 342 3171 uel
361 3145 440 3171 lucia

255 3183 470 3223 pugillatione
493 3183 566 3212 orta
593 3191 695 3219 essm
732 3182 864 3217 glossa,
896 3179 934 3208 ut
957 3178 1097 3218 saepius
1121 3176 1248 3208 factum
1274 3177 1489 3214 invenimus,
1521 3184 1645 3207 verum
1668 3174 1880 3207 vocabulum
1905 3174 2018 3206 disse-

260 3235 376 3263 catum
402 3234 476 3267 est;
516 3240 546 3262 v.
575 3226 732 3267 exempla
765 3236 782 3257 a
815 3226 1029 3258 Buechelero
1060 3227 1092 3257 in
1127 3235 1216 3257 novo
1243 3234 1331 3256 nius.
1359 3226 1468 3257 Rhen.
1494 3226 1565 3262 X11,
1593 3225 1703 3265 p.467
1729 3225 1841 3256 allata.
1884 3242 1919 3247 —
1961 3224 2012 3255 26.

259 3291 363 3312 cauea
386 3282 429 3312 ad
452 3285 583 3312 camum
607 3277 748 3317 scripsi:
787 3286 890 3307 cauea
915 3280 1015 3307 cantu
1039 3277 1083 3312 C,
1109 3284 1227 3307 caveae
1250 3278 1366 3306 cantus
1389 3276 1414 3305 Ο
1455 3293 1488 3297 -
1525 3275 1596 3305 uice
1619 3283 1659 3306 ac
1682 3273 1767 3313 AB2',
1803 3275 1874 3306 uice
1896 3275 1940 3305 ad
1963 3270 2012 3312 13¹,

259 3332 366 3363 uicem
388 3331 415 3358 fl
443 3344 476 3349 -
501 3326 647 3367 fidelibus
671 3323 707 3358 Βι
733 3343 767 3349 -
794 3327 847 3358 27,
872 3327 968 3366 tybiis
993 3326 1029 3368 (is
1044 3335 1121 3368 sup.
1140 3325 1211 3365 lin.)
1235 3327 1262 3357 A
1291 3341 1324 3347 -
1352 3325 1404 3357 28.
1421 3324 1515 3366 sacili
1538 3324 1609 3366 (sic)
1633 3326 1661 3356 A
1677 3333 1753 3366 sup.
1772 3323 1830 3356 lin.
1849 3323 1968 3356 habet.
