2249 3624
594 208 690 248 CAP.
722 210 1025 252 xxi-xxa.
1056 210 1116 264 §§
1147 211 1341 254 75-80.
1763 214 1842 254 609

95 316 258 371 impulit
287 320 332 354 ut
362 314 418 354 ita
450 314 684 362 crederem,
724 315 794 356 sed
829 316 1022 357 nobilitas
1061 319 1182 357 etiam
1216 332 1467 358 sununorum
1501 320 1843 372 philosophorum

97 385 137 422 et
164 377 399 420 auctoritas.
462 375 529 416 78.
562 378 793 417 Audiebam
818 380 1092 432 Pythagoram
1118 381 1499 434 l‘ytlmgormsque,
1534 382 1690 420 incolas
1715 396 1845 434 pai-ue

94 448 281 488 nostros,
312 439 383 492 qui
415 445 556 479 essent
588 440 716 479 ltaliri
751 441 985 495 philosophi
1021 445 1228 495 quondam
1264 445 1483 490 nominati,
1518 459 1739 496 numquam
1772 444 1845 482 ‹lu-

94 504 246 544 bitasse
290 500 390 553 quin
434 515 486 540 ex
530 502 723 542 universa
763 511 900 543 mente
943 505 1083 544 diviua
1126 506 1327 544 delibatos
1369 508 1530 544 animos
1574 508 1847 544 haberemus:

94 563 483 605 demonstrabantur
525 564 624 602 mihi
667 572 880 616 praeterea
924 580 1030 619 quae
1074 568 1264 606 Socrates
1306 583 1500 620 supremo
1544 570 1649 607 xiim·
1688 570 1754 607 ilie
1796 568 1878 605 ‹les›

93 625 387 668 inmortalitate
420 625 653 664 animorum
688 626 968 674 disseruisset,
1002 630 1034 667 is
1067 631 1135 682 qui
1168 637 1276 669 esset
1309 632 1492 670 oninium
1518 632 1848 683 sapientissimus

93 688 296 742 Apollinis
328 688 497 726 oraculo
532 688 752 727 iudicatus.
815 690 926 737 Quid
961 692 1118 730 multa?
1152 693 1208 730 sie
1244 694 1339 731 milii
1375 694 1577 744 persuasi,
1610 695 1666 732 sii·
1699 694 1848 738 sentio,

94 764 183 792 cum
215 755 326 789 tanta
358 749 548 789 celeritas
581 751 813 790 animorum
848 753 919 798 sit,
964 760 1073 793 tauta
1108 755 1303 793 memoria
1342 755 1660 807 praeteritorum
1693 754 1850 794 futuro-

93 824 266 866 rumque
298 811 534 864 prudentia,
567 818 625 852 tot
656 820 765 852 artes
798 820 933 852 tantae
967 817 1179 859 scientiae.
1213 823 1268 855 tot
1302 816 1592 863 im‹›nt;1‚n‹›n
1619 832 1737 870 possi·
1762 832 1849 854 eam

93 881 295 921 naturam,
328 887 434 927 quae
467 888 531 913 res
564 888 633 914 eas
666 876 888 922 contineat,
924 890 1014 915 esse
1050 879 1288 924 mortalium
1320 893 1494 931 rumque.
1527 894 1690 931 semper
1722 880 1901 927 agite-io

93 944 158 978 tur
187 936 347 976 animus
380 950 455 976 nec
488 937 739 990 principium
773 945 907 977 motus
941 939 1103 985 habeat,
1136 940 1231 992 quia
1264 953 1306 978 se
1340 941 1427 993 ipse
1451 948 1632 985 moveat,
1657 956 1705 979 ue
1730 940 1851 978 linem

93 998 258 1054 quidem
296 996 537 1038 habiturum
577 1013 667 1039 esse
708 1006 867 1047 motus,
911 1002 1008 1054 quia
1051 1016 1273 1054 numquam
1315 1017 1358 1041 se
1399 1005 1485 1055 ipse
1518 1005 1567 1042 sit
1600 1004 1849 1049 1·eli‹·turus;

94 1068 133 1103 et
162 1075 252 1102 cum
284 1061 463 1114 simplex
494 1062 619 1101 animi
655 1069 797 1102 natura
839 1070 951 1102 esset
991 1077 1127 1116 neque
1166 1064 1335 1104 haberet
1376 1066 1414 1103 in
1453 1079 1496 1103 se
1529 1066 1750 1118 quiequam
1784 1064 1853 1103 ad-

94 1125 267 1164 mixtum
300 1123 439 1176 dispar
470 1125 534 1164 sui
567 1131 693 1178 atque
725 1124 943 1171 dissimile,
976 1139 1057 1164 nou
1093 1139 1213 1179 posse
1245 1140 1338 1165 eum
1372 1127 1523 1172 dividi,
1559 1128 1670 1180 quod
1704 1128 1736 1165 si
1771 1140 1852 1165 non

92 1186 253 1242 possit,
295 1199 376 1225 non
416 1199 538 1238 posse
579 1188 776 1233 interire,
824 1201 1061 1240 magnoque
1104 1201 1194 1227 esse
1236 1195 1480 1239 argumento
1522 1188 1709 1228 homiues
1750 1189 1906 1227 seii-eis

93 1249 292 1303 pleraque
323 1254 418 1288 ante
451 1261 574 1301 quam
607 1250 690 1288 nati
723 1250 824 1296 sint,
867 1249 980 1302 quod
1013 1250 1092 1288 iam
1127 1250 1266 1302 pueri,
1305 1264 1395 1289 eum
1429 1257 1539 1290 artes
1571 1250 1761 1289 difficiles
1795 1251 1856 1289 di-

94 1317 217 1357 scant,
251 1311 307 1351 ita
338 1310 530 1350 celeriter
560 1324 624 1350 res
655 1312 982 1351 innumerabiles
1015 1312 1232 1363 arripiant,
1265 1318 1309 1351 ut
1340 1326 1409 1352 eas
1443 1327 1524 1351 non
1559 1319 1642 1352 tum
1677 1314 1854 1365 primum

93 1373 282 1426 accipere
317 1373 556 1420 videantur,
589 1374 661 1413 sed
694 1374 903 1413 reminisci
936 1379 975 1413 et
1007 1374 1229 1413 recordari.
1291 1374 1402 1413 Haec
1434 1375 1615 1414 Platonis
1647 1375 1774 1413 ferm·

208 1436 339 1475 xxll.
381 1432 446 1474 79.
486 1435 607 1488 Apud
640 1436 965 1489 Xenophontem
1006 1442 1143 1475 autem
1185 1436 1367 1476 moriens
1410 1437 1538 1489 Cyrus
1586 1438 1715 1475 maior
1757 1437 1856 1476 haec

94 1497 220 1537 dicit:
267 1497 427 1537 «Nolite
460 1498 672 1544 arbitrari,
713 1512 735 1537 ο
769 1499 850 1538 mei
883 1499 1085 1537 carissimi
1119 1498 1213 1545 filii,
1250 1512 1338 1545 me,
1377 1512 1468 1538 cum
1501 1512 1522 1537 a
1554 1499 1671 1537 vobis
1704 1499 1857 1537 disces-
1872 1511 1907 1538 -20

94 1572 211 1607 sero,
242 1573 446 1613 nusquam
479 1566 551 1600 aut
583 1560 741 1600 nullum
772 1560 873 1600 fore.
933 1561 1017 1600 Nee
1049 1560 1182 1607 enim,
1223 1560 1319 1599 dum
1353 1574 1462 1599 eram
1496 1561 1729 1606 vobiscum,
1772 1561 1859 1599 ani-

94 1635 206 1662 mum
237 1635 374 1662 meum
410 1622 635 1670 videbatis,
669 1623 741 1663 sed
774 1636 869 1662 eum
901 1636 992 1662 esse
1025 1623 1066 1662 in
1098 1623 1177 1661 hoc
1209 1636 1385 1674 corpore
1418 1636 1469 1661 ex
1502 1623 1549 1661 iis
1583 1623 1723 1669 rebus,
1756 1636 1858 1675 quas

96 1683 302 1738 gerebam,
334 1684 660 1737 intellegebatis.
722 1686 911 1725 Eundem
944 1685 1069 1737 igitur
1100 1698 1191 1723 esse
1223 1684 1446 1731 ereditote,
1478 1685 1602 1724 etiam
1635 1686 1667 1724 si
1699 1685 1858 1723 nullum

97 1746 303 1786 videbitis.
362 1744 428 1786 80.
470 1748 555 1787 Nec
594 1760 692 1787 vero
734 1748 942 1787 clarorum
982 1747 1167 1786 virorum
1208 1752 1301 1800 post
1342 1753 1515 1785 mortem
1555 1747 1735 1786 honores
1769 1761 1860 1799 per-

97 1814 332 1856 manerent,
376 1811 409 1849 si
441 1809 544 1849 nihil
577 1824 719 1850 eorum
752 1810 936 1862 ipsorum
969 1810 1094 1849 animi
1126 1808 1360 1856 efficerent,
1404 1823 1486 1862 quo
1518 1810 1674 1849 diutius
1708 1824 1860 1849 memo-
1874 1820 1910 1848 -25

97 1871 198 1911 riam
232 1871 297 1911 sui
329 1876 581 1912 teneremus.
653 1872 756 1911 Mihi
788 1872 958 1925 quidem
990 1871 1232 1925 persuaderi
1265 1885 1489 1926 numquam
1523 1874 1657 1924 potuit
1687 1874 1861 1919 animos,

99 1932 195 1974 dum
227 1934 269 1973 in
301 1934 547 1987 corporibus
581 1940 721 1974 essent
752 1934 1019 1981 mortalibus,
1060 1934 1220 1981 vivere,
1263 1948 1356 1973 eum
1389 1935 1667 1974 excessissent
1707 1948 1757 1973 ex
1790 1936 1861 1981 eis,

99 1996 258 2045 emori;
300 2009 376 2036 nec
408 2010 507 2036 vero
540 2002 627 2036 tum
659 1997 845 2036 animum
878 2010 970 2035 esse
1002 1996 1290 2048 insipientem,
1324 2010 1414 2035 cum
1448 2010 1499 2035 ex
1531 1997 1745 2049 insipienti
1776 2010 1862 2036 cor-

98 2071 196 2112 pore
228 2059 450 2106 evasisset,
494 2059 569 2099 sed
610 2073 702 2099 cum
742 2059 854 2098 omni
891 2057 1152 2097 admixtione
1192 2058 1380 2110 corporis
1422 2056 1622 2098 liberatus
1664 2073 1790 2112 purus
1823 2064 1863 2098 et

98 2120 258 2174 integer
289 2134 381 2162 esse
413 2122 639 2173 coepisset,
670 2126 756 2160 tum
789 2133 880 2160 esse
911 2120 1154 2173 sapientem.
1215 2121 1350 2173 Atque
1382 2121 1530 2167 etiam,
1563 2135 1654 2160 cum
1685 2122 1862 2161 hominis
1877 2130 1911 2159 30

99 2189 244 2224 natura
274 2188 407 2224 morte
442 2182 698 2231 dissolvitur,
730 2188 962 2223 ceterarum
993 2195 1131 2221 rerum
1162 2183 1429 2235 perspicuum
1462 2189 1525 2222 est
1556 2196 1637 2236 quo
1670 2196 1863 2236 quaeque

101 2244 308 2293 discedat3
339 2245 496 2285 abeunt
526 2246 637 2285 enim
670 2245 770 2284 illuc
803 2245 956 2291 omnia,
988 2245 1099 2284 unde
1131 2250 1219 2284 orta
1249 2250 1362 2284 sunt:
1394 2246 1557 2284 animus
1588 2251 1725 2284 autem
1749 2245 1864 2284 solus

100 2320 176 2348 nec
215 2321 306 2349 cum
347 2307 467 2347 adest
505 2321 582 2347 nec
621 2321 714 2347 cum
755 2306 933 2347 discedit
971 2313 1154 2361 apparet.
1214 2307 1297 2346 Iam
1329 2320 1427 2346 vero
1460 2306 1607 2347 videtis
1640 2307 1742 2346 nihil
1774 2319 1864 2346 esse

187 2463 217 2494 ⁴.
242 2462 360 2502 inpulit
384 2462 394 2492 Ι
422 2478 458 2483 —
491 2461 591 2492 eliam
614 2460 713 2493 nobil.
740 2461 784 2499 E,
818 2461 917 2492 eliam
942 2469 1012 2493 om.
1033 2461 1056 2492 B
1092 2478 1127 2483 —
1162 2461 1192 2491 Ξ.
1220 2460 1442 2500 Pythayoram
1467 2462 1489 2492 P
1515 2461 1546 2492 in
1572 2469 1696 2501 marg..
1723 2461 1785 2492 sed
1810 2470 1862 2502 pr.

103 2519 149 2543 m.
178 2529 212 2534 —
233 2513 427 2553 pitagoram
445 2512 705 2552 pitagoreasque
730 2511 754 2541 R
783 2528 816 2532 —
843 2518 925 2549 pene
952 2511 975 2541 P
1003 2526 1037 2531 —
1065 2513 1192 2540 nostros
1214 2518 1295 2550 pene
1310 2510 1375 2549 ‘qui
1399 2519 1472 2540 cum
1495 2513 1597 2540 essent
1621 2510 1644 2541 E
1671 2527 1705 2532 ——
1733 2509 1764 2541 li.
1787 2512 1866 2548 quin

103 2559 156 2601 ex]
180 2561 235 2592 hie
259 2561 388 2593 desinit
411 2562 435 2592 P
471 2578 504 2582 —
537 2562 568 2592 5.
596 2561 646 2591 die
668 2561 758 2590 *uitae
782 2560 860 2590 BIS
894 2577 927 2581 —
962 2559 992 2590 6.
1020 2562 1093 2590 erat
1117 2560 1140 2590 E
1173 2576 1206 2580 —
1244 2560 1274 2590 7.
1301 2560 1401 2598 apoll.
1427 2560 1563 2590 oraculo
1589 2560 1646 2590 ER
1679 2560 1757 2599 (sed
1784 2561 1815 2590 in
1842 2561 1866 2591 R

104 2611 202 2650 apoll.
222 2613 255 2643 in
272 2620 381 2651 marg.
402 2610 482 2642 add.
506 2619 552 2641 m.
572 2611 622 2649 ⁹2):
650 2618 742 2641 orac.
759 2609 858 2648 apoll.
879 2608 993 2640 BlSO
1014 2625 1047 2629 —
1077 2610 1161 2647 Quid
1177 2609 1281 2639 mulia
1297 2609 1536 2648 --prudencia
1561 2609 1690 2640 Nonius
1716 2609 1865 2649 p.4i,33

106 2676 140 2682 -
162 2662 313 2699 persuasi
335 2660 414 2691 mihi
438 2661 515 2691 Bis
553 2677 586 2682 —-
624 2660 655 2691 8.
682 2660 723 2690 sit
745 2660 839 2690 celer.
867 2659 1056 2689 animorum
1081 2658 1105 2689 Ε
1134 2675 1167 2680 —
1202 2658 1393 2698 futurorum
1412 2659 1590 2697 prudentia
1614 2662 1642 2689 el
1665 2664 1753 2689 artes
1778 2660 1800 2690 Ε
1830 2677 1863 2680 -

105 2708 136 2739 9.
161 2711 282 2749 tantae]
300 2714 345 2742 ιοι
369 2710 407 2741 R¹
430 2727 473 2732 —
507 2709 726 2740 conscienciae
750 2708 774 2739 E
803 2726 838 2731 —
878 2708 930 2738 40.
956 2709 1095 2738 concinet
1121 2708 1179 2739 ER
1214 2725 1249 2729 —-
1288 2709 1299 2739 st
1312 2709 1339 2738 1.
1366 2709 1497 2738 animus
1520 2709 1664 2748 agileiur
1688 2708 1744 2739 ER
1774 2725 1806 2729 —
1834 2717 1867 2739 se

103 2759 171 2798 ipse
193 2760 291 2791 BIS:
323 2761 391 2799 ipse
413 2769 446 2791 se
468 2760 514 2798 R,
540 2760 648 2799 ipsum
672 2760 696 2790 E
736 2776 770 2780 -
807 2767 865 2789 nec
887 2759 985 2797 finem
1008 2758 1096 2788 [3125
1135 2775 1168 2779 —
1208 2757 1259 2789 ¹¹3.
1285 2760 1365 2788 esset
1386 2761 1511 2788 ‘nalura
1535 2759 1611 2788 Bis
1650 2775 1683 2779 —
1726 2757 1775 2789 14.
1801 2767 1865 2788 non

107 2816 174 2840 om.
192 2809 217 2840 E
244 2827 279 2832 —
314 2811 366 2841 45.
386 2810 490 2849 possit
514 2809 600 2840 dett.
620 2809 711 2839 mei:
734 2812 841 2847 posset
865 2808 1008 2839 Belus
1035 2825 1068 2829 -—
1104 2809 1207 2839 diuidi
1230 2818 1294 2839 non
1316 2817 1408 2847 posse
1430 2817 1616 2848 magnoque
1641 2808 1663 2838 B
1692 2824 1726 2829 —
1761 2817 1867 2847 argu-

106 2861 210 2888 mento
232 2867 297 2890 esse
321 2860 345 2891 E
374 2878 406 2882 —
436 2861 487 2892 46.
507 2861 570 2890 sin!
595 2860 650 2890 ΒΞ
668 2860 730 2890 etl
750 2867 841 2890 corr.
863 2859 874 2888 t
899 2867 959 2889 m.:
985 2862 1061 2889 sunt
1084 2857 1176 2890 E1¹R
1204 2876 1237 2880 —
1265 2858 1411 2898 difficiles
1434 2867 1503 2889 om.
1524 2860 1544 2888 5
1571 2875 1604 2879 -
1634 2858 1685 2889 18.
1704 2858 1867 2889 reminisci

107 2908 137 2936 et
159 2914 227 2938 om.
247 2907 271 2938 Ε
299 2926 332 2931 -
358 2909 502 2940 Platonis
524 2910 593 2948 fere
618 2908 700 2939 ER:
727 2908 818 2938 Plato
841 2912 948 2939 uester·
971 2908 1071 2944 Bis;
1097 2909 1189 2939 Plato
1213 2912 1320 2939 noster
1343 2907 1464 2938 Lamb.
1487 2925 1522 2929 —
1549 2907 1600 2938 49.
1626 2908 1736 2938 iiiaior
1752 2916 1821 2938 om.
1842 2907 1865 2937 Ε

109 2969 145 2977 —
171 2955 222 2987 20.
247 2965 266 2988 ο
288 2958 350 2989 mei
375 2959 417 2990 E:
445 2967 463 2990 ο
486 2959 532 2989 mi
556 2958 594 2995 S,
621 2966 639 2988 ο
661 2958 742 2988 mihi
766 2958 847 2988 BlR
875 2974 909 2980 —
935 2957 1103 2988 karissimi
1128 2958 1150 2989 B
1179 2975 1212 2979 —
1247 2958 1300 2988 2¹.
1328 2966 1429 2996 neque
1452 2958 1538 2988 enim
1563 2957 1586 2987 E
1614 2974 1649 2978 —
1676 2958 1728 2988 22
1755 2966 1796 2987 ac
1819 2957 1867 2986 liis

109 3003 217 3036 BIRS
243 3023 278 3029 —
304 3007 358 3040 24.
384 3009 554 3040 clarorum
577 3016 648 3038 om.
668 3007 692 3037 R
721 3024 754 3028 —
782 3007 834 3037 25.
862 3016 925 3046 quo
949 3008 1065 3037 iustius
1088 3008 1165 3038 Bis
1190 3024 1225 3028 —
1252 3008 1304 3038 QG.
1324 3009 1538 3038 retineremus
1555 3005 1651 3038 Oehl.
1675 3024 1707 3027 —
1736 3006 1866 3044 quidem

110 3060 178 3084 om.
205 3054 229 3086 E
259 3072 294 3078 —
327 3057 523 3097 persuaderi
546 3064 728 3095 numquam
758 3052 842 3086 1:¹1¹:
874 3064 1055 3096 numquam
1078 3056 1272 3095 persuaderi
1305 3056 1438 3086 [ir-'RS
1456 3056 1481 3085 O
1518 3072 1553 3077 -—
1595 3055 1647 3086 ΞΠ.
1674 3054 1867 3085 mortalibus

111 3107 209 3135 essent
232 3105 257 3136 R
294 3123 329 3129 —
369 3109 578 3139 excessissent
602 3107 624 3137 B
641 3107 650 3137 1
666 3108 709 3136 δι
745 3106 886 3136 eas-issent
910 3106 996 3141 ER,
1033 3105 1117 3137 dett.
1145 3106 1232 3143 mei,
1260 3106 1308 3140 O;
1347 3105 1390 3136 ct.
1412 3103 1502 3136 Lael.
1531 3104 1617 3144 5⁴3,
1645 3113 1694 3134 or.
1723 3114 1755 3144 p.
1776 3106 1863 3135 Sest.

114 3150 187 3191 §47
212 3155 296 3186 extr.
336 3173 371 3179 —-
406 3166 449 3188 ex
471 3158 520 3188 his
543 3156 614 3188 mei
651 3172 685 3176 —
723 3155 775 3186 28.
802 3156 887 3186 mori
910 3154 1031 3186 Duisb.
1062 3172 1096 3178 —
1133 3159 1209 3186 tunc
1233 3156 1311 3186 Bis
1338 3173 1373 3177 —
1406 3155 1458 3186 ΞΕ).
1485 3155 1634 3194 corporis
1657 3163 1725 3185 om.
1746 3155 1800 3184 135
1828 3172 1862 3176 -

114 3200 165 3232 3⁴.
189 3206 292 3235 morte
314 3214 383 3238 om.
403 3207 427 3238 E
455 3223 489 3229 —
519 3204 741 3246 perspicuum]
765 3205 821 3235 hie
845 3205 964 3245 incipit
987 3205 1015 3236 N
1038 3222 1081 3227 ——
1111 3205 1164 3236 32.
1190 3205 1333 3235 discedat
1359 3205 1392 3234 1:
1420 3205 1586 3235 discedant
1610 3204 1800 3235 BENRSO
1828 3219 1862 3224 —

115 3250 199 3282 onim
221 3260 290 3284 om.
308 3253 333 3285 E
360 3270 396 3277 -—
421 3255 534 3287 omnia
555 3255 633 3286 illuc
655 3252 680 3285 E
705 3252 800 3286 solus
817 3262 859 3286 ex
874 3255 963 3287 meis
989 3270 1025 3276 —
1051 3255 1181 3286 animus
1203 3262 1282 3286 uero
1306 3254 1331 3285 E
1357 3270 1391 3276 -
1419 3253 1470 3286 33.
1490 3253 1670 3286 discesserit
1693 3254 1756 3284 BS.

184 3317 300 3349 cinno
325 3319 359 3349 T.
378 3320 429 3351 iv.
1469 3314 1522 3357 39

2246 794 2249 841 —
2233 572 2249 773 ᾼ-ζΑ--ο’
2242 439 2249 551 οὴᾼσ-
2242 368 2246 422 ᾼυν
2239 212 2245 350 -4-““·

2234 830 2244 931 -e—a.
