2249 3624
640 147 726 186 Lm.
757 147 826 186 Ill.
869 146 963 186 Cin».
997 146 1063 184 vl.
1103 142 1162 196 §§
1198 140 1392 183 ἸΙ-(13.
1818 138 1899 178 279

133 252 356 292 Stultitiam
388 253 497 292 enim
529 258 779 291 censuerunt
807 253 1061 298 constantia,
1103 251 1142 290 id
1173 255 1235 289 est
1275 250 1476 296 sanitate,
1520 253 1734 288 vacantem
1777 259 1897 300 posse

130 319 267 354 tamen
310 315 416 354 tueri
451 315 778 354 mediocritatem
812 314 1042 353 officiorum
1076 319 1116 352 et
1148 313 1253 352 vitae
1286 325 1548 350 communem
1583 309 1735 348 cultum
1769 315 1896 361 atque

129 375 347 422 usitatum;
393 375 573 414 furorem
615 381 752 414 autem
795 390 886 415 esse
926 376 1000 414 rati
1040 381 1135 414 sunt
1176 375 1324 413 mentis
1367 373 1416 412 ad
1458 372 1598 412 omnia
1636 371 1893 410 caecitatem.

131 436 252 484 Quod
285 451 377 476 cum
412 438 543 476 maius
574 450 664 475 esse
698 437 889 476 videatur
921 450 1043 489 quam
1078 437 1259 482 insania,
1299 442 1434 474 tamen
1469 436 1559 473 eius
1592 433 1703 473 modi
1736 439 1814 479 est,
1855 438 1897 471 ut

127 498 243 537 furor
274 498 314 536 in
346 499 576 552 sapientem
610 499 757 538 cadere
791 501 941 552 possit,
975 514 1054 538 non
1080 500 1208 552 possit
1232 498 1406 537 insania.
1444 497 1524 535 Sed
1548 497 1648 536 haee
1669 496 1748 535 alia
1772 500 1928 548 quae-6

130 560 209 600 stio
242 565 324 598 est:
359 573 434 599 nos
465 561 515 599 ad
550 562 809 613 propositum
843 568 1112 600 revertamur.

244 622 310 660 Vl.
354 618 414 660 l2.
451 622 628 668 Cadere,
670 622 839 674 opinor,
880 624 919 662 in
953 624 1184 675 sapientem
1218 621 1525 673 aegritudinem
1559 621 1630 660 tibi
1665 619 1806 658 dixisti
1841 618 1899 656 vi-

130 684 233 723 deri.
285 684 332 723 A.
363 684 415 722 Et
446 697 546 722 vero
580 685 634 722 ita
669 684 879 723 existimo.
929 686 982 723 M.
1015 685 1250 723 llumanum
1285 684 1324 723 id
1349 683 1547 736 quidem,
1580 682 1689 735 quod
1724 683 1779 721 ita
1812 681 1900 720 exi-

128 747 285 786 stimas.
350 748 441 785 Non
484 747 591 785 enim
633 747 746 785 silice
789 747 874 785 nati
908 760 1072 791 sumus,
1115 746 1186 784 sed
1219 753 1280 785 est
1318 752 1466 784 natura
1512 746 1551 784 in
1593 745 1743 784 animis
1786 751 1900 783 tene-

131 822 216 848 rum
249 808 449 861 quiddam
482 814 606 860 atque
640 808 783 853 molle,
817 808 928 859 quod
962 808 1224 857 aegritudine
1254 808 1371 860 quasi
1406 813 1652 860 tempestate
1676 807 1950 859 quatiam-,io

128 871 211 909 Nec
250 869 428 909 absurde
472 871 647 910 Crantor
687 869 778 916 ille,
821 870 892 921 qui
934 871 973 909 in
1018 876 1154 908 nostra
1196 870 1418 908 Academia
1461 870 1522 908 vel
1568 870 1607 908 in
1647 869 1789 922 primis
1827 868 1902 908 suit

128 933 305 980 nobilis,
349 932 577 972 «Minime»
623 932 756 982 inquit
791 932 1033 971 «adsentior
1072 932 1142 978 iis,
1186 931 1257 983 qui
1301 933 1418 970 istam
1451 933 1592 971 nescio
1626 946 1751 985 quam
1783 931 1902 970 indo-

129 995 296 1034 lentiam
330 1008 479 1047 magno
513 1007 641 1046 opere
674 993 864 1039 laudant,
897 1006 1005 1046 quae
1038 1007 1112 1032 nee
1146 999 1281 1046 potest
1314 993 1397 1032 ulla
1430 1007 1520 1032 esse
1553 1007 1628 1033 nec
1663 993 1798 1032 debet.
1841 993 1899 1030 Ne

128 1063 324 1109 aegrotus
348 1056 447 1095 sim:
481 1056 513 1095 si
547 1056 638 1102 sim,
668 1056 741 1108 qui
770 1056 907 1094 fuerat
938 1069 1085 1095 sensus
1107 1055 1229 1100 adsit,
1262 1055 1350 1094 sive
1373 1061 1536 1094 secetur
1558 1056 1657 1108 quid
1683 1055 1768 1094 sive
1791 1053 1901 1094 avel-

128 1118 236 1158 latur
265 1132 288 1157 a
320 1132 505 1171 corpore.
563 1119 665 1157 Nam
706 1119 811 1157 istuc
844 1118 945 1157 nihil
979 1117 1121 1157 dolere
1153 1130 1236 1157 non
1268 1118 1359 1156 sine
1392 1130 1539 1169 magua
1576 1116 1767 1156 mercede
1803 1125 1951 1155 eon-45

128 1180 268 1232 tingit,
301 1181 559 1220 inmanitatis
592 1181 631 1219 in
665 1181 818 1226 animo,
850 1182 1035 1233 stuporis
1068 1180 1108 1219 in
1141 1193 1354 1233 corpore.»
1404 1176 1470 1218 ¹13.
1507 1179 1587 1218 Sed
1612 1179 1826 1218 videamus
1850 1191 1901 1216 ne

128 1242 231 1281 haec
262 1244 395 1282 oratio
428 1243 481 1282 sit
513 1244 728 1282 hominum
761 1242 1071 1282 adsentantium
1106 1248 1271 1282 nostrae
1309 1242 1573 1282 inbecillitati
1601 1247 1641 1281 et
1683 1241 1902 1293 indulgen-

217 1417 244 1446 t.
273 1416 455 1447 stultitiam
475 1433 487 1438 -
502 1433 517 1438 -
536 1416 722 1446 constantia
746 1415 810 1445 cod
852 1415 1060 1445 Vaticanus:
1089 1414 1237 1445 Stultitia
1254 1431 1270 1436 -
1285 1415 1574 1445 -inconstantiam
1599 1416 1623 1446 G
1640 1415 1692 1445 1³¹:
1722 1414 1905 1445 sinelicium

127 1467 445 1496 nim-«instantiam
470 1464 508 1496 ΗΕ
524 1466 557 1496 Β.
587 1465 754 1496 «Additur
780 1465 864 1495 ratio
891 1473 953 1494 cur
978 1465 1129 1494 maiores
1155 1464 1186 1494 in
1205 1463 1393 1494 duodecim
1421 1463 1545 1494 tabulis
1565 1472 1632 1495 non
1650 1466 1815 1501 insanum,
1841 1464 1904 1494 sed

125 1515 287 1554 furiosum
319 1515 499 1547 dominum
527 1524 604 1547 esse
635 1525 752 1546 reruni
779 1524 920 1546 suarum
947 1515 1142 1551 vetuerint,
1177 1522 1283 1554 quem
1311 1513 1425 1544 locum
1453 1515 1483 1545 in
1511 1514 1588 1545 cod.
1617 1515 1783 1546 Vaticano
1810 1515 1904 1544 recte

128 1566 296 1604 seriptum
331 1574 410 1597 esse
442 1567 523 1597 mihi
550 1566 698 1597 videtur.
738 1566 900 1596 Scribere
928 1566 1050 1596 Cicero
1083 1564 1213 1604 potuit:
1248 1563 1467 1594 Insaniam
1491 1565 1576 1594 enini
1599 1567 1794 1595 censuerunt
1815 1572 1907 1602 posse

128 1617 212 1647 litei-i
238 1617 305 1646 cet.
333 1615 472 1645 omissis
499 1614 615 1646 verbis
640 1617 823 1646 (numantia
842 1633 858 1638 -
875 1632 891 1637 -
909 1618 1099 1649 i·acantem;
1135 1613 1255 1645 maluit
1281 1614 1445 1644 insaniam
1471 1615 1513 1644 ita
1540 1615 1756 1654 significare,
1784 1617 1820 1644 ut
1845 1622 1907 1644 ea-

131 1665 211 1696 dem
237 1674 342 1705 opera
372 1664 402 1695 id
429 1664 691 1703 adiungeretur,
719 1666 811 1705 quod
840 1674 906 1695 non
933 1664 1136 1704 impediret,
1167 1671 1236 1702 quo
1262 1665 1377 1694 minus
1402 1664 1546 1695 insanus
1572 1667 1691 1704 posset
1717 1663 1906 1695 mediocri-

130 1716 236 1745 tatem
269 1714 463 1746 osticioruni
497 1716 603 1746 tueri:
639 1715 878 1745 stultitiam
909 1715 955 1754 [in
982 1723 1048 1754 qua
1079 1722 1223 1753 semper
1247 1713 1335 1743 inest
1362 1711 1432 1750 illa,
1461 1722 1566 1753 quam
1593 1722 1655 1744 nos
1681 1713 1830 1744 dicimus
1854 1711 1908 1742 in-

129 1765 277 1794 saniam:
313 1764 357 1794 ct'.
385 1764 476 1803 quod
509 1772 615 1804 supra
649 1766 724 1795 est:
769 1765 862 1795 Hanc
892 1764 1120 1799 insaniam,
1153 1771 1239 1802 quac
1268 1763 1412 1793 iuncta
1440 1763 1638 1793 stultitia
1670 1767 1759 1802 patet
1794 1762 1904 1793 latins.

132 1812 150 1852 g
183 1814 216 1843 ¹0
250 1821 361 1843 ornnes
395 1814 650 1853 insipientes
682 1823 760 1845 esse
793 1824 867 1844 non
903 1822 1036 1844 sanos.
1080 1812 1161 1843 ibid.
1197 1813 1450 1851 insipientia
1476 1813 1539 1851 (sit)
1567 1816 1664 1853 qnasi
1695 1813 1911 1844 insanitas

131 1863 314 1900 quin-stain,
341 1870 425 1901 quae
449 1867 491 1894 est.
519 1864 550 1900 (i.
576 1873 605 1894 e.
633 1863 769 1902 dicitur)
798 1862 980 1903 insania]
1006 1866 1219 1899 censuerunt,
1246 1865 1450 1898 constantia,
1477 1864 1511 1894 id
1534 1867 1580 1894 est
1604 1862 1654 1903 [Ξ
1672 1872 1754 1903 ergo
1781 1862 1906 1895 etiam}

133 1912 174 1943 cf.
205 1912 316 1943 Madv.
345 1913 386 1943 ad
416 1914 484 1944 rin.
513 1914 551 1949 lt,
579 1914 609 1944 6.
637 1915 672 1945 T.
702 1915 738 1945 1).
769 1915 821 1944 ill.
841 1914 880 1944 ⁶27
907 1913 1133 1953 aegyrititaine,
1164 1913 1195 1943 id
1219 1916 1265 1943 est
1286 1912 1432 1953 miseria]
1460 1915 1665 1951 sanitate,
1692 1914 1911 1943 'vaca-ntem

131 1962 186 2003 [ct.
215 1962 232 2001 ᾖ
257 1963 276 1993 9
301 1964 523 1993 sanitatem
555 1964 641 1994 enim
671 1965 861 1994 animorum
889 1964 1071 2003 positam
1103 1964 1136 1992 in
1160 1963 1402 2002 tranquillitate
1426 1963 1573 2000 quadam
1597 1962 1911 2000 constantiaque

129 2013 322 2043 censebant:
353 2013 415 2042 tiis
447 2012 571 2042 rebus
598 2016 766 2044 ‘trientem
797 2022 966 2044 raetiam
1000 2013 1211 2052 appellarunt
1240 2012 1461 2043 insaniam.
1500 2012 1554 2047 lV,
1581 2012 1622 2043 38
1647 2012 1777 2042 animus
1801 2011 1912 2040 conci-

130 2066 219 2093 tatus
235 2079 282 2084 --
301 2072 364 2092 non
389 2063 671 2092 constantiam
697 2063 801 2093 sotum
827 2063 1004 2100 amittit,
1030 2071 1144 2092 rerum
1168 2063 1269 2093 etiam
1293 2062 1528 2100 sanitatem]
1554 2077 1593 2091 z
1617 2061 1804 2097 stultitiam,
1831 2057 1912 2090 etsi

129 2113 334 2145 constantia,
361 2113 394 2142 id
418 2115 463 2142 est
486 2113 650 2150 sanitate,
676 2115 862 2143 vat-aret.
901 2112 1091 2151 Arclietypi
1117 2113 1288 2151 scriptura
1315 2111 1571 2141 inconstantiam
1597 2119 1637 2141 ex
1664 2109 1718 2141 illa
1744 2110 1821 2141 cod.
1845 2109 1912 2138 Ya-

132 2162 232 2192 ticani
260 2162 354 2192 nasci
383 2161 479 2192 facile
507 2163 635 2202 potuit,
663 2163 757 2199 sive,
786 2171 865 2193 cum
894 2164 972 2203 post
997 2166 1029 2192 nt
1048 2162 1169 2192 xitiose
1189 2162 1359 2202 scriptum
1379 2162 1471 2191 esset
1493 2161 1726 2197 inconstantia,
1754 2159 1913 2200 stupidus

132 2211 254 2251 aliquis
281 2211 462 2248 librarius,
497 2213 554 2252 qni
582 2215 725 2252 propter
749 2213 971 2243 interiectum
997 2216 1193 2243 censuerunt
1217 2212 1317 2251 sequi
1345 2210 1589 2250 praecedentis
1613 2210 1783 2240 stultitiam
1809 2218 1913 2249 prae-

133 2261 288 2292 dicatum
322 2263 504 2298 crederet,
543 2263 695 2293 correxit
728 2263 1003 2295 inconstantiam,
1040 2263 1132 2298 sixe,
1171 2270 1251 2292 cum
1286 2260 1384 2300 lapsu
1419 2260 1541 2291 calami
1572 2260 1700 2290 factum
1725 2254 1913 2289 constantia

134 2315 247 2346 esset.
285 2311 434 2342 eandem
461 2311 505 2343 ob
531 2320 675 2343 causam
700 2313 753 2342 in-
778 2315 944 2352 corrupto
970 2310 1142 2342 xocabulo
1170 2312 1409 2352 praepositum
1437 2312 1502 2341 est,
1541 2310 1690 2340 vitiosae
1716 2310 1912 2349 scripturae

135 2361 329 2392 Cratander
355 2361 487 2392 mederi
514 2365 660 2393 conatus
687 2364 738 2393 est
764 2362 796 2391 itl
819 2365 862 2391 est
887 2364 967 2393 ante
992 2361 1249 2392 inconstantiam
1274 2360 1549 2400 transponendo.
1579 2359 1727 2398 Longius
1746 2366 1910 2398 progres-

135 2419 194 2441 sus
219 2413 272 2442 est
298 2411 489 2447 Victorius,
525 2420 604 2443 cum
641 2413 672 2442 in
699 2412 881 2442 (Iratandri
916 2413 1087 2452 scriptura
1120 2421 1182 2452 pro
1213 2411 1399 2441 stultitiam
1423 2419 1462 2439 ex
1490 2410 1598 2440 Nonio
1624 2407 1798 2439 scriberet
1821 2408 1916 2438 Insa-

133 2460 235 2491 niam.
275 2462 346 2492 Non
374 2464 469 2492 recte
496 2462 575 2492 fecit
603 2461 818 2501 Tregderus,
846 2463 902 2501 qui
931 2462 1021 2492 banc
1047 2461 1232 2492 lectionem
1257 2461 1402 2500 recepit.
1430 2459 1579 2490 Nonium
1599 2459 1710 2493 enim.
1738 2458 1795 2497 qui
1815 2458 1915 2488 [Lice-

134 2511 229 2541 ronis
253 2511 460 2542 auctoritate
485 2511 614 2542 docere
641 2511 743 2542 x'ellet
766 2512 915 2551 furorem
939 2513 982 2542 ab
1014 2513 1186 2542 insania
1210 2511 1357 2547 distare,
1393 2518 1540 2541 necesse
1565 2509 1626 2539 tuit
1655 2516 1717 2548 pro
1741 2508 1916 2538 stultitiam

135 2559 293 2591 scribere
319 2561 486 2591 insaniam
511 2562 563 2600 (ex
589 2560 832 2600 superioribus
857 2562 1071 2592 insaniam
1089 2579 1136 2584 --
1153 2570 1173 2590 a
1198 2562 1344 2599 furore
1367 2560 1627 2598 distingyniinusJ:
1655 2558 1746 2598 apud
1773 2559 1916 2589 Cicero-

137 2617 217 2640 nem
250 2612 367 2640 autem
401 2619 465 2641 nee
491 2619 554 2641 cur
579 2609 739 2642 librarius
764 2612 951 2651 quisquam
981 2612 1157 2642 stultitiam
1183 2620 1245 2651 pro
1270 2610 1438 2640 insaniam
1464 2608 1622 2640 consulto
1647 2609 1824 2648 scripserit
1852 2617 1916 2639 nec

136 2659 314 2699 quomodo
343 2660 393 2690 sie
426 2660 533 2690 errari
568 2661 738 2700 potuerit,
773 2660 872 2692 facile
909 2660 1118 2700 intelligitur.
1158 2660 1327 2690 Insaniam
1361 2660 1387 2691 si
1421 2659 1543 2689 Cicero
1573 2659 1768 2698 posuisset,
1800 2666 1915 2697 neque

137 2710 216 2749 post
239 2710 424 2740 constantia
450 2709 553 2741 foedo
578 2709 786 2750 pteonasmo
812 2711 1007 2742 addidisset
1032 2713 1064 2742 id
1088 2714 1131 2741 est
1156 2711 1338 2741 sanitate
1363 2710 1543 2750 (insaniam
1568 2710 1662 2740 enim
1688 2710 1830 2740 sanitate
1853 2717 1916 2738 va-

137 2767 214 2789 care
245 2767 325 2790 cum
362 2768 425 2800 per
455 2769 493 2791 se
527 2761 640 2801 ipsum
673 2761 897 2792 manifestum
931 2763 1001 2798 est,
1041 2763 1113 2792 tum
1146 2762 1214 2791 inm
1241 2760 1258 2800 g
1284 2761 1302 2790 9
1328 2768 1381 2800 sq.
1409 2759 1540 2790 dictum
1567 2761 1650 2797 erat)
1678 2767 1793 2799 neque
1818 2759 1850 2788 id
1874 2761 1919 2788 est

137 2807 393 2839 inconstantiam
422 2811 564 2841 sanitate
592 2814 782 2842 vacantem:
820 2819 899 2841 nam
933 2811 1085 2850 primum
1118 2810 1255 2841 insania
1286 2818 1353 2840 non
1387 2810 1458 2849 ipsa
1490 2810 1715 2840 inconstantia
1747 2811 1818 2845 est,
1855 2807 1918 2840 sed

137 2866 242 2888 mens
265 2859 508 2896 tranquillitate
531 2861 781 2900 constantiaque
803 2869 913 2891 vacua
933 2860 961 2899 (ἶς’
980 2860 1029 2898 9);
1057 2860 1185 2891 deinde
1213 2861 1262 2890 sie
1286 2859 1444 2890 additum
1465 2860 1556 2889 esset
1575 2859 1717 2889 sanitate
1733 2863 1916 2895 vacantem,

139 2908 236 2946 quasi
263 2916 330 2938 non
357 2909 461 2938 omnis
486 2910 715 2941 inconstantia
742 2910 889 2941 sanitate
916 2912 1059 2941 vacaret
1077 2910 1149 2944 [sed
1169 2910 1212 2940 ct.
1233 2910 1250 2948 ξ
1272 2911 1309 2940 40
1328 2908 1416 2949 sq.);
1444 2911 1517 2940 tum
1536 2909 1793 2949 oppositionem
1812 2907 1916 2945 illam,

138 2958 283 2996 propter
307 2965 413 2996 quam
439 2961 545 2988 tamen
572 2959 748 2990 adiectum
775 2962 843 2995 est.
870 2960 904 2990 iti
928 2962 974 2990 est
998 2959 1152 2990 nonnihil
1177 2960 1400 3001 obscuraret.»
1428 2959 1482 2989 W.
1515 2976 1543 2980 -
1582 2959 1614 2989 id
1637 2958 1693 2998 est]
1718 2959 1802 2988 idem
1828 2959 1853 2988 G
1880 2974 1915 2979 -

140 3004 170 3037 4.
197 3006 306 3036 maius
330 3015 420 3037 corr.
449 3015 489 3036 ex
521 3007 629 3044 inanis
655 3009 676 3038 R
706 3025 738 3030 —
775 3008 806 3039 6.
828 3008 1058 3047 praepositum
1083 3012 1121 3039 Gi
1151 3026 1183 3030 —-
1212 3010 1242 3040 9.
1269 3012 1393 3039 παίω-α
1418 3007 1626 3039 Lambinus:
1657 3007 1846 3039 naturabile
1870 3008 1916 3043 C;

140 3058 267 3086 natura
288 3056 356 3094 fere
379 3055 536 3095 Bentley,
563 3058 588 3087 O
610 3075 643 3079 —
674 3058 724 3088 ⁴0.
751 3060 889 3098 quidam
914 3059 951 3090 R¹
972 3076 1005 3080 —
1036 3060 1086 3089 tt.
1115 3060 1170 3096 qui
1194 3061 1307 3089 nostra
1334 3060 1358 3089 C
1380 3075 1413 3079 —
1443 3058 1636 3089 achademia
1661 3059 1724 3089 GR
1745 3075 1780 3079 —
1802 3058 1853 3089 ΛΞ.
1871 3058 1920 3088 his

143 3104 167 3135 C
196 3121 231 3126 —
260 3106 309 3135 43.
337 3114 422 3144 quae
446 3106 488 3136 B:
522 3107 576 3144 qui
602 3108 625 3136 G
643 3108 664 3137 R
702 3125 735 3129 —
768 3108 816 3138 Ne
839 3113 994 3147 aegrotus
1017 3108 1098 3140 sim:
1131 3110 1157 3138 si
1191 3110 1269 3145 sim,
1297 3108 1352 3147 qui
1375 3108 1487 3146 suerat
1513 3106 1683 3139 Halmius:
1716 3115 1774 3137 nec
1798 3115 1919 3147 aegyro-

143 3157 259 3184 (assem
284 3158 382 3189 (saem
407 3153 456 3192 G).
487 3155 513 3185 si
538 3156 643 3193 inquit
669 3156 793 3194 (inquid
818 3158 866 3194 (3¹)
891 3158 1001 3196 fuerat
1028 3159 1073 3189 12:
1102 3159 1149 3188 Ne
1172 3160 1328 3198 aegrotus
1350 3157 1432 3187 sim:
1456 3157 1483 3186 is
1506 3158 1562 3195 qui·
1585 3157 1695 3195 fuerat
1718 3156 1761 3190 0;
1788 3156 1837 3186 Ne
1860 3165 1919 3187 ae-

143 3207 257 3243 yrotus
279 3205 358 3239 sim,·
382 3205 450 3240 sin,
478 3204 594 3242 inquit.
622 3206 678 3243 qui·
701 3206 810 3242 suerat.
834 3206 1032 3239 Tischerus.
1055 3224 1088 3229 —
1117 3209 1170 3239 45.
1191 3208 1279 3238 istud
1305 3207 1326 3238 B
1341 3207 1366 3237 Ο
1394 3223 1429 3229 -
1457 3207 1569 3238 dolore
1593 3215 1683 3238 corr.
1704 3206 1737 3237 in
1761 3206 1868 3237 dolere
1892 3206 1917 3237 R

149 3269 180 3273 —
209 3254 344 3294 contigit
368 3254 406 3284 G'
433 3270 469 3275 —
497 3254 548 3285 46.
575 3255 757 3286 inmanitas
779 3264 956 3297 superscr.
983 3258 1007 3287 ti
1031 3257 1075 3288 R.
