2249 3624
548 147 635 186 Lm.
666 146 734 185 IV.
774 145 869 185 Cn».
902 144 1204 184 XVII-xix.
1243 141 1301 195 §§
1333 139 1526 181 37—4-4.
1839 135 1916 177 347

164 256 345 311 pellunt,
376 253 445 293 ubi
475 251 602 292 semel
633 264 656 291 a
687 251 847 290 ratione
879 251 1108 291 discessum
1142 256 1224 297 est,
1261 250 1436 302 ipsaque
1467 248 1545 287 sibi
1578 244 1827 286 inbecillitas
1859 244 1918 282 in-

164 319 306 371 dulget
334 318 375 356 in
407 315 621 367 altumque.
654 314 894 366 provehitur
927 313 1167 366 imprudens
1201 326 1275 351 nec
1307 312 1459 364 reperit
1492 311 1625 350 locum
1652 307 1921 348 consistendi.

165 380 298 429 Quam
329 379 381 419 ob
422 390 507 416 rem
546 376 650 416 nihil
688 377 857 415 interest
890 381 1026 414 utrum
1060 375 1291 414 moderatas
1325 374 1658 426 perturbationes
1689 371 1924 423 adprobent

162 456 213 483 an
245 440 499 480 moderatam
522 439 793 484 iniustitiam,
826 438 1081 478 moderatam
1106 437 1331 489 ignaviam,
1365 436 1620 475 moderatam
1644 434 1925 486 intemperan-

164 505 272 545 tiam.
317 502 397 551 Qui
431 503 540 541 enim
566 502 675 542 vitiis
709 501 877 540 modum
900 502 1092 554 apponit,
1125 503 1157 540 is
1182 506 1338 553 partem
1361 499 1535 551 suscipit
1558 498 1765 537 vitiorum.
1804 493 1956 542 Quodn

163 580 254 606 cum
286 565 418 618 ipsum
450 578 525 618 per
556 578 599 604 se
631 564 822 603 odiosum
855 568 930 608 est,
964 570 1047 602 tum
1080 578 1128 603 eo
1161 563 1399 608 molestius,
1432 562 1531 614 quia
1563 566 1659 600 sunt
1689 560 1731 599 in
1764 557 1924 597 lubrico

162 629 414 680 incitataque
445 626 573 666 semel
606 625 778 679 proclivi
811 625 1006 664 labuntur
1038 625 1317 676 sustinerique
1350 624 1463 663 nullo
1498 623 1619 661 modo
1653 627 1841 674 possunt.

272 690 384 729 XIX.
419 686 484 727 43.
525 687 663 736 Quid?
708 688 818 740 quod
860 687 969 726 idem
1008 688 1268 739 Peripatetici
1309 686 1637 740 perturbationes
1669 686 1786 731 istas,
1824 696 1927 736 quas

164 766 237 792 nos
279 751 549 804 extirpandas
590 755 802 803 putamuS,
848 762 928 789 non
972 749 1093 790 modo
1127 750 1326 789 naturalis
1358 762 1449 788 esse
1481 748 1645 795 dicunt,
1685 748 1756 787 sed
1804 746 1927 786 etiam

163 815 319 856 utiliter
349 828 372 854 a
404 819 550 853 natura
591 813 732 852 datas:
772 825 951 865 quorum
984 818 1047 852 est
1087 813 1179 852 talis
1213 811 1359 851 oratio.
1407 812 1589 851 Primum
1621 810 1759 850 multis
1793 808 1979 850 verbisio

163 877 421 918 iracundiam
454 875 647 915 laudant:
687 881 822 914 cotem
853 874 1108 915 fortitudinis
1141 888 1230 914 esse
1264 874 1427 920 dicunt,
1466 873 1681 926 multoque
1713 878 1753 911 et
1783 872 1825 911 in
1857 871 1930 910 ho-

163 945 265 980 stem
297 943 337 979 et
370 939 412 979 in
444 937 667 991 inprobum
700 937 829 977 civem
864 937 1195 977 vehementiores
1234 936 1432 976 iratorum
1466 935 1642 989 impetus
1674 948 1788 981 esse,
1827 934 1931 973 levis

163 1008 303 1044 autem
336 1000 590 1042 ratiunculas
623 1014 788 1047 eorum,
822 1001 893 1052 qui
928 1000 982 1039 ita
1014 1000 1270 1052 cogitarent:
1309 998 1539 1051 «proelium
1573 1002 1729 1037 rectum
1763 1002 1825 1037 est
1855 998 1932 1035 lioc

163 1063 273 1112 fieri,
320 1064 514 1104 convenit
555 1063 751 1102 dimicare
791 1076 864 1115 pro
897 1062 1080 1115 legibus,
1128 1076 1200 1114 pro
1235 1061 1446 1107 libertate,
1494 1074 1567 1112 pro
1600 1061 1768 1112 patria.»
1818 1059 1932 1099 Ilaec

164 1127 319 1167 nullam
352 1126 506 1166 habent
541 1125 620 1165 vim
655 1125 733 1164 nisi
765 1125 824 1164 ira
856 1124 1079 1164 excanduit
1099 1123 1315 1163 fortitudo.
1362 1124 1445 1162 Nec
1468 1136 1566 1162 vero
1589 1123 1639 1161 de
1663 1122 1984 1162 bellatoribusti'»

164 1189 297 1229 solum
330 1189 565 1242 disputant3
600 1187 773 1241 imperia
804 1188 1013 1227 severiora
1045 1186 1157 1226 nulla
1189 1200 1281 1226 esse
1313 1190 1461 1238 putant
1492 1185 1581 1224 sine
1613 1185 1755 1238 aliqua
1776 1184 1934 1223 acerbi-

165 1256 247 1291 tate
278 1251 544 1300 iracundiae3
579 1256 784 1290 oratorem
819 1250 1004 1303 denique
1038 1263 1119 1289 non
1154 1250 1276 1289 modo
1306 1253 1589 1294 accusantem,
1624 1247 1695 1287 sed
1721 1262 1769 1286 ne
1792 1246 1935 1286 desen—

165 1313 329 1353 dentem
363 1314 532 1368 quidem
565 1313 741 1367 probant
770 1313 860 1352 sine
892 1313 1043 1352 aculeis
1075 1312 1338 1359 iracundiae,
1372 1324 1479 1365 quae
1501 1312 1623 1350 etiam
1646 1310 1680 1349 si
1708 1322 1792 1348 non
1813 1308 1935 1356 adsit,

166 1382 303 1417 tamen
336 1376 472 1416 verbis
503 1382 631 1430 atque
664 1381 778 1415 motu
811 1375 1088 1415 simulandam
1120 1375 1385 1421 arbitrantur,
1420 1378 1463 1413 ut
1492 1372 1696 1413 auditoris
1723 1373 1825 1411 iram
1847 1384 1937 1411 ora-

168 1440 268 1480 toris
307 1439 504 1480 incendat
544 1439 666 1479 actio.
724 1439 870 1478 Virum
915 1437 1096 1491 denique
1142 1438 1271 1477 videri
1310 1442 1463 1489 negant
1506 1435 1577 1489 qui
1609 1435 1732 1476 irasci
1765 1435 1989 1481 nesciat‚20

167 1515 365 1555 eamque,
398 1515 521 1555 quam
556 1501 770 1540 lenitatem
803 1514 877 1540 nos
910 1499 1108 1547 dicimus,
1141 1500 1292 1540 vitioso
1325 1499 1585 1539 lentitudinis
1608 1499 1774 1538 nomine
1796 1497 1938 1551 appel-

166 1564 264 1604 lant.
320 1562 386 1604 44.
426 1566 510 1604 Nec
550 1578 647 1603 vero
686 1564 822 1603 solum
854 1564 959 1602 hanc
999 1562 1213 1602 libidinem
1246 1561 1418 1602 laudant
1447 1584 1500 1590 —
1533 1566 1596 1601 est
1627 1561 1737 1601 enim
1769 1561 1855 1608 ira,
1895 1564 1940 1598 ut

167 1626 290 1667 modo
322 1626 513 1674 definivi,
554 1626 781 1666 ulciscendi
815 1625 942 1666 libido
972 1649 1045 1672 —‚
1085 1626 1158 1665 sed
1190 1625 1327 1679 ipsum
1359 1625 1462 1664 illud
1495 1638 1627 1677 genus
1659 1624 1724 1663 vel
1756 1622 1939 1663 libidinis

168 1689 232 1729 vel
263 1690 498 1742 cupiditatis
529 1689 582 1728 ad
614 1702 816 1729 summam
850 1688 1071 1728 utilitatem
1105 1701 1196 1728 esse
1229 1688 1371 1728 dicunt
1402 1701 1426 1727 a
1458 1693 1606 1727 natura
1638 1686 1802 1733 datum3
1834 1682 1940 1724 nihil

169 1751 277 1791 enim
311 1766 564 1805 quemquam
599 1752 676 1791 nisi
710 1751 822 1804 quod
856 1751 997 1790 lubeat
1028 1750 1240 1803 praeclare
1272 1750 1410 1790 facere
1444 1763 1583 1803 posse.
1632 1750 1764 1788 Noctu
1797 1748 1941 1787 ambu-
1955 1756 1991 1785 ⁶25

168 1812 279 1853 labat
310 1814 351 1853 in
384 1814 552 1866 publico
586 1814 889 1853 Themistocles
925 1810 1055 1866 [quod
1088 1827 1281 1853 somnum
1313 1826 1462 1866 capere
1494 1826 1579 1852 non
1620 1807 1776 1865 posset]
1813 1824 1942 1864 quae-

169 1876 439 1929 rentibusque
469 1877 752 1930 respondebat
782 1875 981 1916 Miltiadis
1015 1877 1195 1929 tropaeis
1228 1890 1271 1915 se
1294 1889 1315 1915 e
1339 1888 1485 1916 somno
1509 1874 1713 1915 suscitari.
1761 1873 1834 1914 Cui
1857 1886 1941 1912 non

255 2018 286 2049 ἱ).
313 2019 457 2058 repperit
481 2019 505 2049 G
520 2019 544 2050 R
564 2035 597 2039 —
619 2018 649 2049 7.
673 2018 817 2057 procliui
835 2019 878 2050 C:
903 2018 1049 2058 procliue
1067 2017 1133 2049 alii.
1165 2017 1238 2048 Vid.
1259 2017 1396 2057 Madvig
1421 2017 1464 2048 ad
1492 2018 1563 2049 l⁴'in.
1583 2017 1609 2047 V
1628 2016 1645 2057 S
1663 2015 1715 2049 84.
1739 2035 1772 2039 —
1793 2015 1944 2047 sustineri

171 2076 254 2108 quae
279 2070 303 2099 G
320 2069 344 2100 R
370 2085 403 2090 -
432 2068 462 2099 9.
490 2067 558 2108 nos]
584 2078 645 2098 non
673 2070 696 2098 G
714 2069 754 2105 Ιζς
782 2077 844 2098 non
871 2076 1050 2108 superscr.
1076 2076 1090 2098 s
1114 2067 1138 2097 B
1168 2085 1201 2088 —
1231 2068 1282 2098 l2.
1310 2068 1341 2097 in
1367 2075 1438 2098 om,
1467 2067 1490 2098 C
1521 2086 1554 2089 —
1580 2067 1829 2098 uehementioris
1854 2068 1888 2097 (Γ
1907 2084 1940 2088 -

172 2119 223 2149 45.
248 2118 366 2149 habere
392 2119 483 2157 (cum
510 2117 675 2154 Bentleio)
694 2135 740 2140 --
757 2118 972 2148 eit-canduerit
996 2118 1086 2155 (eum
1109 2117 1331 2156 Wopkensio)
1350 2117 1440 2148 Bake
1460 2116 1480 2147 l.
1501 2115 1521 2148 l.
1543 2125 1574 2157 p.
1596 2117 1669 2147 Ι102.
1694 2135 1724 2139 -
1747 2117 1800 2147 ⁵20.
1827 2117 1947 2149 nesciet

172 2168 196 2199 C
218 2186 252 2190 —
270 2168 323 2198 2⁴.
344 2176 481 2207 eamque
497 2186 514 2190 —
527 2186 544 2190 -
563 2169 733 2208 appellant
749 2169 880 2200 Nonius
898 2178 930 2208 p.
952 2168 1025 2200 ⁴34.
1051 2187 1085 2191 —
1104 2168 1233 2199 nomine
1258 2167 1290 2198 in
1309 2175 1419 2205 marg.
1440 2166 1547 2197 habet
1565 2167 1591 2195 G
1611 2184 1645 2188 ν
1672 2166 1725 2197 et.
1744 2167 1794 2197 vel
1810 2175 1879 2198 om.
1900 2167 1941 2197 R.

173 2218 389 2258 «Tregderus
414 2219 571 2258 scripsit:
606 2219 713 2258 ipsum
742 2219 823 2249 illud
845 2227 946 2258 penus
971 2219 1032 2257 [cel
1055 2218 1198 2248 libidinis
1219 2217 1280 2257 vel]
1306 2217 1507 2255 cupiditatis.
1544 2218 1625 2247 Post
1652 2216 1756 2246 lianc
1780 2216 1946 2247 libidinem

173 2267 206 2307 (i.
233 2276 263 2298 e.
291 2267 382 2299 lianc
413 2272 543 2306 partem
568 2267 622 2299 vel
652 2269 790 2307 speciem
821 2268 973 2305 libidinis)
1004 2266 1105 2308 plane
1131 2275 1277 2298 necesse
1302 2266 1363 2297 suit
1388 2266 1502 2306 ipsum
1528 2264 1609 2296 illud
1633 2274 1734 2305 ycnus
1759 2265 1946 2306 perturba—

174 2316 291 2355 tionis,
318 2316 412 2356 quod
432 2317 554 2348 Cicero
580 2317 623 2348 ab
651 2318 744 2348 initio
770 2318 788 2357 ξ
815 2318 847 2348 Μ
878 2317 1020 2348 libidinis
1044 2317 1184 2348 nomine
1203 2315 1437 2356 appellaverat
1457 2314 1511 2353 (ef.
1532 2314 1571 2354 §S
1590 2314 1642 2346 li.
1663 2316 1714 2346 45,
1735 2316 1786 2346 116.
1806 2316 1859 2347 21.
1879 2316 1944 2355 24),

174 2366 239 2397 hoc
264 2374 404 2406 quoque
430 2365 506 2397 loco
531 2366 695 2398 libidinem
720 2367 806 2403 dici,
834 2367 929 2406 quod
955 2375 1083 2398 nomen
1109 2376 1126 2396 a
1147 2367 1316 2396 Cicerone
1343 2365 1494 2406 positum
1520 2364 1624 2396 fuisse
1643 2373 1723 2395 cum
1749 2365 1816 2396 hoc
1841 2374 1946 2405 argu-

175 2418 292 2447 mento
318 2418 388 2453 est,
415 2415 509 2455 quod
534 2417 694 2456 sequitur
717 2417 780 2446 nisi
804 2418 890 2455 quod
914 2416 1057 2447 lubeat
1082 2416 1286 2455 (cupiditatis
1310 2416 1452 2445 nomine
1477 2413 1550 2445 solo
1572 2415 1684 2454 posito
1703 2414 1835 2446 dictum
1853 2418 1948 2447 esset

174 2466 236 2497 nisi
258 2466 345 2505 quod
367 2466 508 2505 cupiat),
535 2468 609 2496 tum
634 2465 732 2504 illud,
765 2466 861 2506 quod
886 2467 903 2505 g
928 2467 981 2502 55,
1018 2464 1075 2496 ubi
1100 2464 1338 2505 Peripateticis
1364 2464 1406 2494 ad
1438 2463 1531 2494 hunc
1557 2462 1672 2494 locum
1697 2472 1716 2493 a
1741 2464 1865 2495 Stoicis
1890 2474 1948 2496 re-

176 2514 382 2556 spondetur,
407 2514 550 2546 libidinis
575 2523 706 2546 nomen
730 2514 784 2547 bis
810 2515 946 2555 legitur.
973 2514 1118 2546 Duobus
1135 2516 1239 2555 igitur
1256 2514 1415 2546 eiusdem
1433 2514 1483 2544 rei
1500 2512 1702 2544 nominibus
1720 2514 1843 2545 Cleero
1861 2524 1947 2546 usus

177 2568 246 2604 est,
273 2566 361 2597 sicut
385 2565 402 2605 g
429 2565 468 2595 4⁶2
493 2563 591 2595 libido
615 2565 665 2595 cel
687 2565 850 2605 cupiditas
874 2566 1046 2604 effrenata.
1083 2565 1101 2605 g
1125 2564 1165 2596 34-
1191 2563 1389 2604 adpetitione
1412 2564 1535 2601 nimia,
1568 2572 1667 2602 quam
1690 2566 1759 2594 tum
1781 2565 1948 2604 cupidita—

177 2618 256 2651 tem,
287 2618 355 2646 tum
383 2614 548 2646 libidinem
578 2615 726 2646 dicimus.
775 2615 857 2655 §57
889 2615 987 2646 libido
1019 2614 1232 2653 cupiditasve.
1274 2615 1333 2650 ΙΙΙ,
1360 2613 1401 2644 ⁶24
1435 2613 1496 2644 vel
1524 2612 1732 2651 cupiditas
1768 2617 1854 2645 recte
1886 2613 1949 2646 vel

178 2664 303 2697 libido
333 2664 398 2696 dici
426 2667 542 2704 potest.
590 2665 638 2695 De
669 2665 719 2696 vel
750 2664 794 2695 ad
826 2665 940 2696 varlas
972 2664 1132 2695 eiusdem
1157 2665 1207 2695 rei
1239 2662 1510 2704 appellationes,
1546 2670 1695 2702 quarum
1720 2661 1828 2694 libera
1855 2664 1948 2704 optio

179 2713 291 2752 datur,
318 2712 548 2753 diiungendas
574 2713 626 2745 bis
652 2716 748 2745 terve
774 2715 887 2754 posito
913 2714 956 2746 cs.
976 2716 1117 2754 praeter
1141 2713 1257 2745 locum
1283 2714 1440 2754 proxime
1466 2712 1645 2743 laudatum
1664 2712 1718 2749 ΙΙΙ,
1736 2712 1778 2743 22
1802 2713 1851 2744 vel
1870 2722 1949 2752 per-

179 2763 401 2795 turbationum
423 2763 472 2794 vel
494 2762 685 2794 morborum
709 2764 823 2795 animi.
863 2764 959 2795 Ot'Iic.
985 2764 1040 2801 ΙΙΙ,
1067 2763 1101 2795 lii
1131 2764 1182 2795 vel
1207 2764 1338 2803 Quirini
1360 2763 1410 2795 rel
1434 2763 1572 2793 Romuli.
1600 2760 1697 2793 Catil.
1717 2763 1756 2800 ΙΙ,
1777 2764 1788 2793 l
1818 2764 1870 2795 vel
1884 2764 1950 2794 eie-

180 2813 281 2844 cimus
309 2813 359 2844 vel
384 2813 548 2844 emisimus
570 2814 619 2844 vel
635 2831 652 2836 -
667 2831 685 2836 -
699 2814 863 2854 prosecuti
886 2822 1007 2845 samus.
1046 2814 1155 2853 Ligur.
1183 2813 1202 2854 ἓ
1227 2814 1268 2845 ⁶29
1297 2814 1348 2845 vel
1377 2812 1593 2844 humanitatis
1616 2812 1666 2843 vel
1689 2812 1879 2844 clementiae
1902 2812 1952 2844 rel

180 2863 435 2894 misericordiae.
472 2863 574 2893 Tusc.
602 2863 698 2904 Disp.
725 2864 779 2900 ΙΙΙ,
805 2862 847 2895 22
871 2864 975 2894 animi
998 2866 1105 2894 motus
1126 2863 1176 2894 vel
1206 2864 1346 2894 rationis
1368 2871 1486 2902 empers
1509 2862 1560 2894 vel
1582 2862 1747 2894 rationem
1769 2871 1952 2903 aspernans

183 2912 229 2942 vel
257 2913 383 2944 rationi
412 2921 477 2943 non
505 2911 683 2943 oboediens.
717 2912 854 2953 Madvig
877 2912 920 2943 ad
946 2913 1016 2944 Fin.
1043 2914 1082 2951 ΙΙ,
1110 2912 1186 2944 60.»
1211 2913 1267 2944 W.
1297 2931 1331 2934 —
1358 2913 1412 2943 ⁵36.
1439 2912 1525 2951 quod
1548 2920 1574 2942 s.
1601 2920 1629 2942 c.
1655 2921 1720 2943 non
1740 2912 1858 2954 posset]
1886 2913 1949 2943 «In

183 2960 235 2992 his
258 2960 375 2993 verbis
394 2960 548 2992 demiror
565 2962 599 2992 et
616 2962 877 2994 coniunctivum
890 2965 1008 3002 posset,
1035 2963 1069 2993 et
1085 2963 1195 3002 magis
1213 2963 1318 2994 etiam
1337 2963 1522 2993 universae
1540 2962 1786 2993 enuntiationis
1804 2961 1928 2993 sedem
1943 2971 1949 2998 ;

184 3019 298 3051 neque
324 3012 417 3043 enim
442 3011 622 3043 Ciceronis
647 3014 738 3049 erat,
772 3012 839 3044 hoc
871 3012 947 3044 loco
972 3020 1116 3043 eausam
1142 3014 1177 3043 et
1200 3013 1372 3043 rationem
1397 3011 1548 3043 reddere
1574 3012 1765 3043 nocturnae
1790 3010 1952 3043 ambula-

185 3060 296 3099 tionis,
322 3061 386 3093 sed
410 3060 443 3092 id
469 3061 646 3101 negotium
672 3069 842 3102 responso
859 3061 1115 3094 Themistocleo
1140 3070 1324 3093 reservare
1347 3062 1532 3101 integrum.
1559 3060 1798 3099 Quamobrem
1816 3060 1948 3092 scribe:

187 3108 420 3147 Themistocles,
446 3109 742 3150 quaerentibusque
765 3110 997 3150 respondebat:
1029 3111 1115 3150 quod
1137 3120 1162 3141 s.
1189 3119 1216 3142 c.
1244 3120 1307 3141 non
1328 3113 1452 3149 posset:
1477 3109 1637 3141 Miltiadis
1660 3112 1748 3142 cet.»
1780 3111 1949 3141 Donniznu

187 3158 289 3190 Recte
321 3159 514 3191 demiratur
544 3158 794 3197 Doederlinus;
832 3160 894 3191 sed
925 3160 1003 3191 vide
1036 3169 1078 3191 ne
1111 3158 1174 3191 illis
1205 3160 1322 3191 verbis
1353 3160 1572 3200 transpositis
1604 3160 1735 3191 oriatur
1766 3158 1949 3197 tautologia

187 3214 333 3239 somnum
356 3217 472 3248 capere
494 3216 560 3239 non
579 3217 674 3248 posse
697 3210 731 3240 et
753 3218 770 3240 e
792 3218 905 3240 somno
928 3209 1092 3241 suscitari,
1119 3210 1240 3249 Itaque
1267 3217 1330 3239 nos
1355 3217 1395 3239 ea
1419 3207 1640 3240 seclusimus.
1668 3225 1703 3230 -
1730 3217 1845 3239 sonum
1870 3210 1894 3239 G
1914 3224 1947 3228 -

186 3256 238 3288 27.
264 3258 434 3290 militiadis
459 3260 483 3290 C
512 3275 547 3282 -
575 3259 738 3300 trophaeis
762 3260 857 3299 GR¹‚
884 3259 1024 3300 troptieis
1046 3260 1070 3292 B
1098 3276 1133 3282 -
1159 3260 1318 3291 suscitare
1343 3259 1407 3291 GR
1431 3259 1466 3290 et
1491 3259 1678 3300 (superscr.
1696 3258 1718 3298 i)
1744 3258 1786 3289 B.
