2249 3624
675 168 770 209 cip.
803 170 988 209 1x.-.x.
1029 167 1088 222 §§
1121 166 1310 211 ‘tc—⁶22.
1793 169 1872 209 573

115 281 239 319 noctu
272 276 313 315 in
344 273 536 313 cubiculo
569 287 644 313 suo
667 275 705 313 vi
731 288 957 328 oppressus
980 276 1168 328 Scipio»,
1201 288 1297 314 vere
1328 274 1557 321 diceretur3
1591 274 1630 314 id
1655 275 1763 314 enim
1788 274 1874 313 sore

116 340 337 382 diceretur,
373 335 485 388 quod
520 342 631 375 esset
663 336 859 383 futurum,
892 338 1073 376 futurum
1097 344 1232 377 autem
1256 337 1403 384 fuisse,
1436 351 1486 376 ex
1510 351 1577 384 eo,
1602 339 1698 390 quia
1723 337 1873 377 sactum

115 406 196 447 est,
238 397 421 449 intellegi
466 398 602 437 debet.
668 400 752 437 Nec
793 401 921 449 magis
963 406 1049 438 crat
1087 414 1226 440 verum
1269 401 1504 439 «Morietur
1535 401 1708 452 Scipio»
1751 414 1874 452 quam

117 463 340 504 «Morietur
370 461 442 499 illo
477 462 637 507 modo»,
672 476 747 500 nec
781 463 910 513 magis
945 476 1114 500 neccsse
1148 464 1248 501 mori
1273 463 1459 514 Scipioni
1493 476 1615 515 quam
1651 463 1721 501 illo
1753 463 1875 502 modo

114 525 229 571 mori,
262 536 336 563 nec
368 523 498 573 magis
531 523 778 562 inmutabile
811 538 861 562 ex
896 538 990 562 vero
1015 525 1054 562 in
1079 524 1226 563 falsum
1253 526 1455 563 «Necatus
1479 531 1541 563 cst
1564 525 1726 576 Scipio»
1753 538 1908 577 quamn

118 586 364 627 «Necabitur
386 585 567 637 Scipio».
609 586 710 631 Nec,
744 600 833 624 cum
869 587 967 625 haec
994 587 1047 625 ita
1072 587 1172 631 sint,
1199 593 1259 625 est
1283 600 1405 625 causa
1429 601 1502 626 cur
1524 588 1726 639 Epicurus
1750 587 1875 626 satum

114 651 355 691 extimescat
387 654 425 687 et
457 648 507 687 ab
539 649 688 687 atomis
723 654 835 700 petat
870 649 1119 701 praesidium
1153 664 1309 702 easque
1342 651 1392 688 (le
1425 651 1488 688 via
1521 650 1697 688 (leducat
1729 656 1768 688 ct
1795 664 1877 689 uno

114 719 298 764 tempore
330 710 530 763 suscipiat
560 723 625 748 res
648 710 750 748 duas
775 710 1087 756 inenodabilcs,
1121 725 1266 757 unam,
1292 719 1332 751 ut
1355 713 1444 750 sinc.
1469 726 1592 750 causa
1616 711 1683 750 liat
1704 713 1876 765 aliquid,

115 788 166 815 ex
197 786 280 826 quo
313 772 463 812 existet
502 778 546 812 ut
587 773 637 811 de
671 772 799 811 nihilo
832 773 1047 825 quippiam
1081 772 1169 820 liat,
1211 775 1322 826 quod
1357 788 1432 813 nec
1466 775 1542 827 ipsi
1577 788 1649 813 nec
1683 776 1877 827 cuiquam

113 835 283 890 physico
315 834 464 887 placet,
497 835 682 880 alteram,
716 841 782 881 ut,
815 850 907 874 cum
941 836 1022 874 duo
1056 836 1270 875 individua
1305 850 1376 889 per
1409 837 1647 876 inanitatem
1682 838 1929 885 l'‹¹1·antur,10

113 899 284 939 alterum
317 911 338 937 e
369 898 542 950 regione
576 904 809 944 moveatur,
841 898 1016 937 alterum
1051 899 1245 937 declinet.
1315 898 1371 937 iti.
1406 900 1517 938 Licet
1550 900 1659 939 cuim
1686 902 1879 952 Epicuro,

115 961 355 1001 concedenti
389 974 510 1000 omne
544 961 802 1000 enuntiatum
836 966 905 999 aut
939 974 1079 1000 verum
1113 967 1183 1000 aut
1214 961 1362 1000 salsum
1398 977 1508 1008 esse,
1548 977 1629 1002 uon
1664 965 1793 1002 vereri
1828 978 1878 1003 ne

115 1024 252 1063 omnia
282 1023 367 1063 fato
401 1022 487 1062 lieri
521 1023 575 1061 sit
608 1036 801 1070 necesse;
835 1038 917 1062 non
951 1024 1060 1063 enim
1093 1026 1273 1064 aeternis
1306 1026 1462 1070 causis,
1496 1031 1667 1064 naturae
1700 1028 1881 1066 necessi-

114 1093 196 1127 tate
219 1086 521 1131 emanantibus,
547 1099 687 1124 verum
713 1092 771 1125 est
796 1086 851 1133 id,
877 1087 991 1140 quod
1016 1088 1071 1126 ita
1095 1086 1355 1126 enuntiatur:
1391 1087 1640 1127 «Descendit
1663 1090 1700 1127 in
1724 1089 1881 1127 Acade-

115 1150 235 1190 miam
268 1148 551 1194 Carneades»,
584 1161 660 1187 nec
692 1154 829 1188 tamen
863 1149 952 1188 sine
985 1150 1142 1195 causis,
1175 1148 1247 1188 sed
1281 1149 1453 1188 interest
1484 1149 1592 1188 inter
1623 1164 1768 1190 causas
1801 1152 1931 1191 for-⁴5

115 1213 218 1252 tuito
249 1217 511 1263 antegressas
544 1217 584 1250 et
617 1211 725 1250 inter
757 1224 902 1250 causas
936 1209 1172 1250 cohibentis
1206 1211 1246 1249 in
1279 1224 1322 1250 se
1346 1208 1612 1251 efficientiam
1637 1214 1879 1253 naturalem.

115 1275 175 1314 Ita
205 1280 244 1314 et
273 1287 437 1326 semper
476 1286 619 1312 verum
659 1273 735 1312 fuit
780 1274 1011 1313 «Morietur
1042 1275 1266 1327 Epicurus,
1309 1288 1400 1313 cum
1434 1274 1516 1313 duo
1549 1281 1589 1314 et
1619 1276 1882 1328 septuaginta

116 1350 245 1377 annos
288 1335 457 1382 vixerit,
497 1336 695 1376 archonte
728 1336 1010 1389 Pytharato»,
1052 1350 1188 1390 neque
1228 1343 1365 1376 tamen
1408 1343 1524 1377 erant
1555 1352 1705 1378 causae
1736 1339 1881 1378 fatales

116 1414 188 1441 cur
216 1400 270 1440 ita
301 1398 529 1445 accideret,
573 1400 645 1439 sed
678 1400 789 1452 quod
823 1400 878 1438 ita
911 1399 1148 1446 cecidisset,
1189 1405 1300 1439 certe
1333 1413 1544 1447 casurum,
1584 1401 1690 1440 sicut
1721 1402 1882 1448 cecidit,

115 1461 204 1502 fuit.
266 1459 331 1500 ΞΟ.
363 1462 447 1501 Nec
479 1461 529 1508 ii,
563 1462 635 1514 qui
669 1461 813 1500 dicunt
844 1461 1106 1501 inmutabilia
1138 1475 1229 1502 esse
1262 1476 1370 1515 quae
1400 1463 1540 1502 sutura
1561 1464 1643 1502 sint
1663 1476 1738 1503 nec
1760 1477 1931 1516 posse-20

116 1537 257 1564 verum
300 1523 486 1563 futurum
519 1530 762 1563 convertere
795 1524 837 1563 in
870 1523 1040 1571 falsum,
1082 1524 1155 1564 fati
1187 1526 1479 1565 necessitatem
1512 1524 1778 1573 confirmant,
1810 1525 1882 1565 sed

116 1586 335 1626 verborum
368 1586 451 1626 vim
484 1586 820 1640 interpretantur.
870 1588 923 1625 At
955 1587 1026 1640 qui
1058 1588 1329 1627 introducunt
1360 1601 1575 1627 causarum
1608 1589 1756 1627 seriem
1779 1601 1885 1627 sem-

116 1649 338 1703 piternam,
378 1650 406 1688 ii
440 1656 621 1689 mentem
653 1650 835 1689 hominis
868 1649 1083 1689 voluntate
1113 1650 1244 1689 libera
1276 1650 1499 1703 spoliatam
1533 1651 1781 1690 necessitate
1811 1649 1884 1689 sati

119 1712 374 1752 devinciunt.

228 1775 280 1814 X.
312 1775 393 1814 Sed
426 1774 528 1814 haec
558 1775 788 1823 hactenus3
829 1774 910 1814 alia
942 1774 1171 1815 videamus.
1233 1775 1454 1814 Concludit
1485 1775 1594 1814 enim
1629 1775 1885 1829 Chrysippus
1899 1787 1934 1816 25

118 1836 196 1877 hoc
227 1837 371 1877 modo:
409 1837 476 1876 «Si
507 1843 569 1877 est
598 1843 735 1878 motus
759 1838 848 1877 sine
874 1850 1017 1884 causa,
1041 1850 1124 1876 non
1148 1838 1283 1877 omnis
1307 1838 1559 1884 enuntiatio,
1583 1839 1693 1891 quod
1716 1841 1885 1893 ἀξίωμα

120 1898 321 1939 dialectici
354 1899 580 1952 appellant,
612 1906 684 1940 aut
715 1913 810 1939 vera
841 1905 909 1939 aut
940 1899 1044 1939 falsa
1076 1900 1182 1946 erit;
1215 1913 1362 1939 causas
1395 1901 1504 1939 enim
1528 1900 1750 1942 efficientis
1774 1903 1885 1955 quod

119 1974 202 2001 non
232 1960 420 2009 habebit,
454 1962 492 2002 id
527 1976 603 2003 nec
634 1976 779 2002 verum
812 1976 887 2002 nec
919 1961 1069 2001 falsum
1103 1962 1202 2009 erit3
1236 1962 1369 2001 omnis
1401 1968 1538 2002 autem
1562 1965 1793 2004 enuntiatio
1816 1970 1889 2005 aut

120 2037 215 2065 vera
245 2031 316 2065 aut
346 2025 450 2065 falsa
482 2032 571 2066 est:
618 2031 753 2066 motus
787 2039 883 2078 ergo
915 2025 1006 2064 sine
1038 2038 1163 2064 causa
1194 2025 1333 2064 nullus
1366 2030 1440 2065 est.
1510 2022 1576 2064 21.
1610 2026 1733 2074 Quod
1766 2028 1799 2067 si
1832 2028 1889 2067 ita

121 2093 193 2135 est,
223 2087 361 2127 omnia
395 2101 503 2141 quae
535 2086 639 2128 siunt
670 2088 805 2128 causis
839 2086 939 2127 liunt
971 2086 1254 2139 antegressis;
1290 2086 1329 2126 id
1364 2087 1397 2126 si
1430 2088 1486 2127 ita
1517 2093 1600 2135 est,
1632 2089 1717 2128 fato
1750 2090 1888 2129 omnia
1902 2101 1938 2129 30

121 2147 246 2189 fiunt:
289 2147 466 2190 efficitur
506 2152 632 2203 igitur
669 2151 753 2190 fato
792 2150 882 2190 fieri
924 2163 1215 2203 quaecumque
1257 2147 1393 2189 fiant.»
1458 2150 1534 2190 Hic
1571 2152 1749 2203 primum
1788 2151 1888 2191 mihi

121 2211 246 2252 libeat
274 2212 474 2252 adsentiri
498 2213 681 2265 Epicuro
715 2219 754 2253 et
785 2225 939 2265 negare
972 2225 1137 2251 omnem
1171 2213 1501 2252 enuntiationem
1535 2218 1606 2252 aut
1637 2226 1775 2253 veram
1797 2227 1888 2253 esse

123 2281 193 2314 aut
222 2274 380 2315 falsam.
449 2274 551 2314 Eam
591 2274 753 2328 plagam
792 2275 933 2327 potius
975 2274 1177 2326 accipiam
1219 2288 1344 2328 quam
1385 2275 1469 2315 sato
1502 2276 1640 2315 omnia
1671 2274 1759 2315 fieri
1791 2289 1891 2315 con-

122 2338 320 2390 probem;
358 2338 428 2378 illa
460 2338 569 2377 enim
605 2338 814 2377 sententia
844 2337 970 2377 habet
1001 2336 1161 2390 aliquid
1195 2337 1510 2390 disputationis,
1543 2338 1644 2377 haec
1674 2351 1773 2377 vero
1806 2351 1891 2377 non

125 2404 186 2439 est
215 2400 458 2440 tolerabilis.
505 2401 651 2453 Itaque
684 2399 902 2439 contendit
933 2400 1068 2439 omnis
1101 2413 1251 2439 nervos
1276 2400 1550 2453 Chrysippus,
1574 2405 1619 2439 ut
1639 2398 1891 2452 persuadeat
1905 2413 1941 2442 35

126 2474 246 2501 omne
277 2463 446 2515 ἀξίωμα
478 2468 550 2502 aut
580 2476 725 2502 verum
757 2475 846 2502 esse
878 2468 949 2502 aut
980 2462 1143 2502 falsum.
1192 2463 1243 2502 Ut
1273 2463 1382 2516 enim
1406 2463 1611 2515 Epicurus
1632 2468 1798 2503 veretur
1824 2476 1891 2511 ne,

127 2523 160 2564 si
190 2524 267 2564 hoc
298 2526 576 2573 concesserit,
618 2524 936 2564 concedendum
976 2525 1029 2564 sit
1065 2524 1150 2564 fato
1189 2523 1278 2564 fieri
1318 2538 1610 2578 quaecumque
1643 2523 1742 2565 siant
1774 2548 1823 2552 —
1857 2525 1892 2564 si

127 2587 233 2627 enim
263 2588 438 2629 alterum
469 2594 607 2629 utrum
639 2602 692 2628 ex
723 2588 970 2628 aeternitate
1001 2600 1145 2627 verum
1177 2588 1252 2634 sit,
1285 2600 1375 2627 esse
1407 2587 1449 2626 id
1482 2588 1606 2628 etiam
1639 2594 1822 2636 certum,
1853 2593 1894 2628 et

212 2749 242 2780 t.
268 2749 301 2780 id
324 2749 409 2781 enim
431 2749 502 2787 fore
525 2749 689 2780 diceretur
713 2749 746 2779 in
766 2756 875 2788 marg.
896 2756 1001 2779 manu
1029 2749 1098 2779 ant.
1118 2747 1230 2789 suppl.
1252 2749 1283 2779 in
1303 2748 1330 2777 V
1350 2765 1383 2770 —
1412 2748 1442 2779 3.
1469 2748 1605 2789 intelliyi
1630 2750 1690 2781 AO
1714 2767 1757 2773 —
1780 2749 1812 2782 4.
1838 2759 1896 2782 nec

127 2799 232 2839 magis
255 2800 346 2831 coni.
366 2801 401 2831 P.
421 2800 572 2830 Ramus:
599 2807 658 2830 nec
680 2800 790 2829 minus
815 2800 838 2829 C
866 2816 900 2820 —
929 2798 1112 2838 Scipionem
1138 2807 1178 2828 ex
1205 2798 1307 2829 codd.
1329 2797 1433 2829 Palat.
1454 2800 1580 2829 Gruter
1604 2799 1629 2830 Ο
1657 2817 1690 2821 —‹
1718 2800 1748 2831 7.
1775 2808 1896 2840 easque

128 2849 168 2879 Αι
187 2866 219 2871 -
247 2849 277 2880 9.
305 2849 473 2888 quidpiam
499 2849 523 2879 Ο
550 2866 584 2871 -
611 2851 706 2888 ipsar
724 2849 794 2887 (sic)
815 2849 854 2878 V¹
881 2864 915 2870 —
946 2849 996 2879 40.
1022 2848 1177 2888 feruutur
1200 2848 1227 2878 V
1255 2866 1289 2870 —
1318 2849 1369 2879 Η.
1389 2848 1530 2879 alteram
1554 2849 1633 2879 decl.
1655 2849 1693 2879 V¹
1712 2866 1745 2871 —
1774 2850 1825 2881 43.
1853 2859 1897 2881 ea:

129 2899 267 2930 aeternis
291 2907 331 2930 ex
356 2899 458 2930 codd.
480 2899 604 2939 interp.
627 2899 779 2938 vestigiis
798 2898 956 2929 Davisius
974 2898 998 2928 O
1018 2915 1051 2919 —
1081 2908 1101 2929 a
1118 2901 1261 2929 naturae
1278 2898 1351 2929 ΨΟ
1375 2916 1405 2920 -
1435 2897 1486 2929 44.
1506 2898 1734 2929 emanantibus
1748 2901 1892 2941 scripsi:

128 2948 338 2980 manantibus
355 2949 408 2980 CO
430 2966 463 2971 1-
492 2949 543 2979 1¹5.
563 2952 613 2980 ter
629 2957 750 2980 causas
773 2956 849 2988 sup.
870 2946 926 2979 lin.
947 2949 971 2979 B
996 2965 1026 2970 -
1056 2949 1105 2979 16,
1134 2948 1312 2979 cohibentes
1329 2948 1382 2979 VO
1403 2965 1436 2968 —
1466 2948 1517 2979 48.
1537 2948 1661 2979 archon
1677 2949 1896 2989 thepitharalo

130 2997 186 3028 AV
212 3015 245 3020 —
281 2999 332 3030 ⁴9.
357 2999 407 3030 ita
430 3007 500 3030 om.
526 2998 554 3029 V
587 3015 621 3019 —
661 2999 833 3029 accidisset
858 2998 884 3027 V
918 3016 951 3020 —
989 3006 1147 3028 casurum
1172 3006 1262 3028 corr.
1291 3006 1331 3028 ex
1356 3006 1536 3028 causarum
1559 3000 1604 3036 A,
1636 3008 1817 3031 causarum
1842 3000 1893 3039 V¹,

131 3055 152 3076 α
174 3047 254 3079 serie
277 3056 457 3078 causarum
481 3048 522 3078 ΥΞ
542 3064 573 3070 -
604 3049 655 3079 20.
681 3049 782 3086 fuerit
806 3048 876 3079 Az’B
904 3064 937 3069 -
964 3048 1015 3078 hic
1031 3050 1082 3085 A2,
1110 3048 1141 3078 Ιιι·
1161 3048 1186 3077 V
1214 3065 1246 3069 -
1275 3047 1326 3078 22.
1356 3048 1639 3087 interpraetanlur
1663 3050 1685 3079 B
1715 3067 1750 3084 ,-
1776 3054 1810 3080 at
1828 3050 1894 3091 qai}

133 3099 228 3136 atque
252 3097 275 3128 C
305 3115 337 3119 —
364 3097 416 3129 23.
443 3098 488 3129 hii
512 3099 589 3136 AB,
614 3098 646 3128 hi
670 3098 697 3127 V
726 3115 760 3119 —
788 3098 841 3129 26.
868 3098 1019 3135 axioma,
1045 3098 1108 3129 sed
1133 3099 1213 3128 ante
1240 3097 1306 3127 hoc
1331 3096 1481 3128 verbum
1506 3097 1595 3129 duae
1620 3098 1740 3129 literae
1766 3100 1798 3130 in
1819 3099 1895 3130 loco

135 3145 281 3177 evanido
306 3147 454 3187 scriptae
480 3150 561 3179 sunt
585 3149 617 3178 in
635 3150 660 3179 A
690 3164 724 3168 —-
751 3148 804 3178 27.
831 3147 1003 3187 efficientes
1027 3148 1051 3178 O
1078 3164 1114 3169 —
1142 3147 1194 3177 30.
1221 3147 1331 3177 onmia
1354 3148 1424 3186 sato
1449 3148 1474 3178 O
1506 3164 1540 3170 -
1573 3148 1626 3179 31.
1648 3150 1795 3187 primum
1818 3149 1896 3180 mihi

135 3193 330 3235 Hottinger:
357 3197 504 3235 primum
527 3199 554 3228 si
576 3198 656 3229 mihi
680 3198 704 3229 C
740 3215 775 3219 —
809 3196 860 3228 33.
888 3206 954 3236 qua
978 3198 1006 3227 V
1038 3215 1081 3228 -κ
1107 3197 1159 3228 34.
1187 3197 1291 3227 sentia
1316 3191 1353 3227 B¹
1381 3213 1414 3218 —
1448 3197 1575 3236 aliquid
1597 3197 1690 3229 habet
1714 3199 1739 3230 O
1773 3217 1807 3221 —
1840 3199 1892 3229 35.

136 3249 220 3274 omes
242 3244 337 3276 BVO
371 3262 405 3267 —
445 3246 494 3279 36.
521 3248 672 3287 epicorus
693 3247 733 3278 A¹
772 3264 805 3268 -
843 3246 896 3278 38.
923 3247 1065 3278 alterum
1088 3247 1115 3278 si
1138 3249 1250 3277 utrum
1275 3246 1318 3284 B,
1351 3246 1788 3279 alter-ammutrummw
1804 3250 1831 3279 Α
1857 3263 1893 3270 -

137 3294 214 3324 ante
237 3301 279 3325 eac
302 3296 451 3334 quatuor
473 3294 535 3329 litt.
562 3305 684 3328 erasae
709 3297 743 3327 in
767 3298 794 3327 A
821 3311 856 3318 —
883 3300 969 3328 certe
991 3296 1043 3328 A&
