2249 3624
256 161 338 203 7⁶28
975 158 1045 197 DE
1080 157 1306 197 OFFICIIS

256 274 394 309 torum
439 266 713 321 percussione
759 264 882 304 heres
928 268 1073 316 posset
1113 263 1290 315 scriptus
1334 275 1425 301 esse
1466 262 1532 302 cui
1571 276 1615 301 re
1655 276 1753 303 vera
1794 277 1877 302 non
1917 268 2028 304 esset

257 332 403 378 heres,
435 331 476 369 in
508 329 621 374 foro,
655 327 755 367 mihi
788 326 933 372 crede,
966 325 1151 365 saltaret.
1210 325 1345 364 Homo
1378 330 1517 364 autem
1549 325 1683 365 iustus
1715 326 1859 379 isque,
1902 340 2026 379 quem

257 394 458 433 sentimus
490 392 624 431 virum
655 390 831 436 bonum,
864 388 969 427 nihil
1001 388 1219 440 cuiquam,
1255 388 1367 440 quod
1400 388 1441 426 in
1474 401 1518 427 se
1549 388 1792 435 transferat,
1825 388 2026 428 detrahet.

260 456 349 494 Hoc
381 454 452 507 qui
485 452 736 499 admiratur,
768 452 803 490 is
836 465 903 497 se,
937 450 1042 503 quid
1074 450 1126 489 sit
1158 450 1218 489 vir
1249 450 1399 497 bonus,
1431 452 1593 490 nescire
1625 451 1818 490 fateatur.
1878 450 1944 491 76.
1975 452 2028 491 At

224 523 380 564 5vero,
413 516 446 555 si
480 515 552 568 qui
584 514 763 554 voluerit
795 513 921 552 animi
954 513 1017 551 sui
1050 511 1342 564 complicatam
1374 513 1586 553 notionem
1619 514 1837 561 evolvere,
1869 514 1950 554 iam
1983 527 2026 553 se

255 581 344 634 ipse
390 579 537 618 doceat
575 590 669 616 eum
711 577 848 615 virum
891 576 1046 615 bonum
1079 588 1194 622 esse,
1237 575 1307 627 qui
1340 576 1470 628 prosit
1498 576 1653 629 quibus
1686 576 1840 629 possit,
1880 581 2029 616 noceat

257 642 412 682 nemini
452 641 530 680 nisi
571 638 790 679 lacessitus
823 638 985 677 iniuria.
1048 637 1160 685 Quid
1194 639 1322 689 ergo?
1382 638 1460 677 Hic
1492 652 1575 677 non
1606 644 1773 687 noceat,
1819 639 1890 693 qui
1925 653 2028 693 quo-

259 706 353 745 dam
386 703 505 757 quasi
540 715 703 742 veneno
738 701 928 753 perficiat
971 705 1014 739 ut
1046 713 1165 740 veros
1198 700 1375 739 heredes
1408 706 1596 748 moveat,
1636 702 1678 740 in
1714 715 1860 742 eorum
1893 703 2029 742 locum

256 769 345 820 ipse
380 765 604 806 succedat?
668 765 784 803 «Non
816 764 942 816 igitur
971 763 1119 802 faciat»
1165 763 1317 802 dixerit
1349 763 1443 816 quis
1492 764 1629 816 «quod
1662 764 1764 804 utile
1797 765 1870 811 sit,
1914 764 2028 817 quod

208 830 504 883 ⁴0expediat‘2»
567 828 698 866 Immo
730 827 944 878 intellegat
974 826 1077 865 nihil
1109 839 1185 865 nec
1218 826 1415 878 expedire
1448 839 1522 865 nec
1552 827 1654 866 utile
1687 840 1797 873 esse,
1831 827 1945 880 quod
1978 827 2031 866 sit

256 893 474 932 iniustum.
524 891 613 930 Hoc
637 889 709 942 qui
733 903 814 928 non
838 888 1050 935 didicerit,
1075 888 1210 927 bonus
1233 889 1294 927 vir
1318 901 1408 927 esse
1432 902 1515 927 non
1539 889 1706 941 poterit.
1758 888 1824 928 77.
1857 890 1898 929 C.
1920 890 2030 929 Fim-

258 955 388 994 briam
426 953 689 994 consularem
730 951 951 991 audiebam
994 950 1043 990 de
1085 956 1202 1003 patre
1244 957 1388 990 nostro
1429 965 1533 1003 puer
1564 951 1746 990 iudicem
1778 953 1831 991 M.
1863 952 2029 991 Lutatio

259 1017 448 1057 Pinthiae
480 1016 623 1062 fuisse,
656 1014 787 1067 equiti
811 1015 998 1053 Romano
1032 1027 1131 1053 sane
1164 1013 1357 1060 honesto,
1391 1027 1483 1053 cum
1516 1014 1549 1053 is
1572 1014 1841 1066 sponsionem
1863 1014 2032 1054 fecisset

257 1094 299 1120 Nl
329 1094 396 1119 vin
428 1092 555 1119 Boxvs
586 1091 725 1118 ESSET.
774 1078 920 1130 Itaque
953 1077 990 1115 ei
1024 1077 1182 1115 dixisse
1204 1076 1428 1116 Fimbriam
1461 1091 1504 1116 se
1537 1077 1650 1116 illam
1681 1091 1769 1116 rem
1801 1090 2030 1129 numquam

210 1143 560 1187 ⁴5iudicaturum‚
602 1154 653 1180 ne
685 1145 756 1179 aut
787 1140 987 1193 spoliaret
1017 1139 1125 1177 sarna
1157 1137 1377 1191 probatum
1411 1140 1643 1187 hominem,
1683 1140 1715 1179 si
1747 1145 1892 1179 contra
1923 1138 2032 1178 iudi-

260 1206 448 1250 cavisset,
480 1208 552 1243 aut
581 1203 776 1242 statuisse
811 1202 1021 1241 videretur
1049 1201 1181 1240 virum
1214 1201 1368 1241 bonum
1403 1216 1495 1241 esse
1528 1202 1727 1255 aliquem,
1760 1216 1853 1242 cum
1886 1215 1932 1241 ea
1963 1214 2030 1241 res

258 1266 635 1307 innumerabilibus
667 1263 815 1304 ofliciis
848 1269 888 1303 et
918 1264 1111 1303 laudibus
1144 1264 1439 1307 contineretur.
1491 1265 1598 1304 Huic
1631 1266 1756 1317 igitur
1785 1266 1874 1305 viro
1905 1265 2030 1310 bono,

261 1344 387 1383 quem
419 1329 599 1368 Fimbria
638 1329 785 1374 etiam,
829 1340 911 1366 non
953 1327 1078 1365 modo
1111 1327 1302 1366 Socrates
1346 1333 1538 1374 noverat,
1578 1328 1693 1367 nullo
1734 1328 1858 1368 modo
1899 1327 2031 1367 videri

259 1398 399 1446 potest
438 1393 662 1447 quicquam
704 1404 795 1430 esse
837 1390 963 1436 utile,
1005 1389 1117 1442 quod
1162 1402 1244 1428 non
1285 1389 1508 1429 honestum
1541 1390 1606 1429 sit.
1667 1391 1812 1444 Itaque
1844 1390 1938 1430 talis
1969 1390 2032 1430 vir

210 1461 246 1489 ⁶20
261 1470 343 1495 non
378 1456 500 1495 niodo
532 1455 682 1500 facere,
716 1454 787 1492 sed
820 1467 872 1492 ne
905 1452 1090 1504 cogitare
1124 1452 1292 1504 quidem
1327 1452 1552 1505 quicquain
1585 1453 1770 1500 audebit,
1802 1452 1915 1507 quod
1947 1466 2032 1492 non

261 1519 412 1559 audeat
443 1517 699 1572 praedicare.
770 1517 881 1555 llaec
915 1529 996 1554 non
1030 1520 1145 1567 turpe
1179 1520 1241 1553 est
1273 1514 1464 1553 dubitare
1497 1516 1798 1569 philosophos,
1839 1529 1947 1569 quae
1978 1529 2030 1555 ne

261 1583 405 1622 rustici
437 1581 605 1634 quidem
639 1579 858 1618 dubitent?
906 1591 929 1617 a
962 1578 1113 1629 quibus
1146 1582 1286 1616 natum
1320 1582 1382 1616 est
1413 1578 1482 1624 id,
1530 1578 1643 1631 quod
1685 1579 1766 1618 iam
1806 1579 2031 1618 contritum

262 1650 324 1685 est
355 1648 578 1689 vetustate,
613 1642 895 1695 proverbium.
958 1640 1060 1679 Cum
1093 1641 1203 1679 enini
1234 1638 1357 1679 fidem
1390 1640 1564 1680 alicuius
1598 1641 1911 1694 bonitatemque
1943 1641 2032 1680 lau-

262 1707 381 1753 dant,
415 1706 587 1758 dignum
620 1719 711 1744 esse
744 1704 910 1750 dicunt,
943 1703 1113 1756 quicum
1144 1703 1184 1741 in
1218 1703 1401 1742 tenebris
1435 1704 1572 1743 mices.
1634 1705 1720 1743 Hoc
1753 1718 1875 1758 quam
1909 1704 2033 1743 habet

210 1775 247 1804 ‘25
264 1770 343 1809 vim
376 1769 456 1808 nisi
489 1768 615 1814 illam,
648 1766 753 1806 nihil
786 1766 984 1819 expedire
1017 1766 1129 1818 quod
1164 1779 1246 1804 non
1280 1765 1437 1811 deceat,
1471 1770 1593 1806 etiarn
1627 1768 1660 1806 si
1692 1767 1731 1806 id
1757 1767 1889 1819 possis
1913 1766 2030 1805 nullo

262 1831 479 1871 refellente
512 1830 733 1884 optinere?
802 1827 868 1867 78.
909 1828 1092 1867 Videsne
1124 1828 1204 1867 hoc
1235 1829 1462 1880 proverbio
1505 1843 1643 1881 neque
1676 1829 1779 1883 Gygi
1812 1829 1874 1868 illi
1908 1841 2031 1881 posse

262 1894 426 1934 veniam
459 1893 547 1932 (lari
578 1906 716 1944 neque
749 1892 870 1938 huic,
914 1905 1040 1943 quem
1072 1892 1196 1944 paulo
1237 1897 1332 1930 ante
1365 1890 1569 1943 liugcbani
1604 1892 1828 1943 digitorum
1861 1905 2032 1944 percus-

263 1957 381 1996 sione
412 1957 664 1996 hereditates
696 1955 880 1994 omniuni
915 1967 1038 2006 posse
1070 1956 1348 1993 converrere?
1411 1954 1459 1993 Ut
1491 1955 1623 2000 enini,
1658 1955 1771 2006 quod
1804 1960 1924 2006 turpe
1956 1958 2032 2000 est,

264 2019 328 2066 id,
370 2020 556 2072 quamvis
590 2018 842 2063 occultetur,
885 2024 1021 2057 tamen
1064 2019 1286 2056 honestum
1330 2014 1418 2056 lieri
1452 2017 1566 2056 nullo
1602 2016 1723 2056 modo
1757 2022 1916 2068 potest,
1957 2016 2031 2063 sic,

211 2087 248 2116 30
265 2081 376 2135 quod
408 2081 632 2120 honestum
665 2094 747 2120 non
780 2085 863 2126 est,
909 2080 949 2119 id
982 2079 1084 2119 utile
1125 2085 1169 2119 ut
1201 2080 1253 2119 sit
1284 2078 1391 2119 effici
1424 2093 1509 2118 non
1542 2085 1680 2132 potest
1710 2079 1958 2119 adversante
1992 2083 2033 2118 et

264 2148 525 2197 repugnante
556 2148 717 2182 natura.

379 2207 469 2245 XX.
501 2204 567 2244 79.
599 2209 649 2244 At
680 2205 803 2252 enim,
836 2219 926 2244 cum
961 2218 1184 2257 permagna
1215 2205 1400 2258 praemia
1432 2209 1541 2251 sunt,
1575 2210 1637 2244 est
1669 2217 1794 2243 causa
1816 2205 2032 2257 peccandi.

266 2269 308 2309 C.
331 2268 500 2314 Marius,
533 2282 626 2307 cum
659 2281 681 2307 a
715 2281 787 2320 spe
821 2267 1064 2306 consulatus
1098 2267 1220 2318 longe
1252 2267 1417 2315 abesset
1449 2272 1488 2306 et
1520 2267 1599 2306 iam
1633 2268 1855 2319 septimum
1878 2280 2033 2306 annum

265 2337 359 2385 post
397 2336 633 2384 praeturam
673 2331 830 2369 iaceret
868 2343 1003 2384 neque
1043 2329 1249 2382 petiturus
1284 2343 1481 2382 uniquam
1514 2330 1775 2369 consulatum
1808 2330 2033 2376 videretur,

213 2401 248 2429 35
266 2395 315 2443 Q.
338 2393 570 2440 Metellum,
602 2393 720 2432 cuius
753 2393 912 2445 legatus
946 2397 1054 2438 erat,
1088 2405 1294 2431 sumtuum
1328 2393 1462 2431 virum
1495 2398 1534 2431 et
1565 2393 1719 2438 civem,
1761 2406 1853 2432 cum
1885 2392 1936 2431 ab
1968 2405 2032 2440 eo,

264 2458 517 2510 imperatore
549 2469 651 2502 suo,
693 2456 866 2494 Romam
900 2455 1049 2494 missus
1082 2460 1212 2501 esset,
1254 2455 1364 2507 apud
1398 2455 1599 2508 populum
1633 2456 1862 2494 Romanum
1896 2456 2033 2495 erimi-

266 2526 386 2559 natus
418 2524 502 2565 est,
534 2519 690 2558 bellum
722 2518 840 2556 illum
872 2517 1049 2563 ducere,
1083 2518 1116 2556 si
1149 2531 1193 2556 se
1224 2517 1437 2556 consulem
1459 2516 1683 2563 fecissent,
1705 2516 1820 2556 brevi
1845 2523 2032 2570 tempore

354 2649 382 2679 ⁴.
411 2643 534 2687 script&
555 2648 575 2678 b
603 2664 637 2668 —-
666 2647 719 2677 συί
742 2655 822 2677 nos:
851 2647 907 2686 qui
933 2647 986 2677 Co
1021 2665 1055 2668 —
1088 2647 1119 2677 2.
1147 2647 1224 2676 mihi
1249 2647 1341 2676 crede
1367 2654 1383 2676 c
1412 2647 1457 2686 (et
1481 2644 1595 2676 Scliol.
1616 2645 1811 2682 Anibros.):
1839 2647 1932 2677 crede
1955 2647 2033 2677 milii

265 2700 288 2730 B
304 2700 328 2730 Η
344 2700 396 2730 ab
424 2716 458 2720 -—
483 2699 590 2729 iustus
612 2698 723 2736 hisque
746 2698 766 2728 b
795 2716 829 2720 —
857 2698 886 2728 3.
907 2697 1026 2727 bonum
1046 2697 1158 2726 uirum
1184 2697 1208 2726 ll
1225 2704 1242 2726 c
1271 2714 1305 2719 -
1332 2697 1499 2735 transierat
1524 2696 1545 2726 B
1575 2714 1608 2717 —-
1637 2695 1667 2726 4.
1686 2696 1729 2726 iis
1745 2704 1776 2726 se
1799 2696 1819 2726 b
1848 2713 1881 2716 —
1909 2697 2034 2728 nescire

265 2750 344 2787 quid
367 2750 406 2779 sit
430 2749 529 2779 bonus
552 2749 607 2778 uir
636 2756 654 2778 c
693 2765 726 2769 —
766 2748 806 2778 At
828 2756 905 2778 vcro
930 2748 956 2777 si
981 2748 1053 2786 quis
1076 2746 1278 2776 v‹›luerit--
1297 2747 1360 2776 uisi
1383 2746 1550 2776 lacessitus
1577 2745 1701 2776 iniuria
1725 2746 1924 2776 Lactantius
1950 2747 2030 2778 Inst.

265 2799 334 2830 div.
362 2799 485 2835 V1‚118.
516 2816 549 2820 —
578 2802 636 2828 aut
660 2807 739 2828 uero
762 2799 782 2828 b
811 2815 845 2819 —
873 2798 903 2828 5.
932 2798 1162 2836 compca-atam
1187 2796 1290 2826 animi
1316 2796 1366 2825 sui
1392 2805 1409 2826 c
1438 2813 1471 2816 —
1499 2796 1529 2825 6.
1557 2794 1676 2825 bonum
1700 2796 1813 2826 uirum
1839 2803 1856 2826 c
1885 2811 1917 2816 —
1947 2796 1978 2826 7.
1999 2799 2034 2826 at

266 2850 322 2889 qui
346 2850 489 2888 quodam
512 2857 632 2879 veneno
653 2850 869 2887 perficu1t—-
887 2847 953 2886 ipsc
976 2847 1126 2877 succedat
1160 2847 1290 2876 Nonius
1317 2855 1347 2885 p.
1365 2846 1444 2879 40:32
1487 2850 1521 2875 al
1546 2847 1601 2885 qui
1627 2846 1770 2884 quodam
1794 2846 1890 2884 quasi
1912 2854 2033 2876 veneno

265 2900 479 2929 --succedat
504 2898 595 2928 idom
623 2898 745 2938 9351.
786 2914 819 2919 —-
858 2898 888 2928 8.
913 2897 1056 2936 perficiet
1086 2905 1106 2927 a
1145 2912 1176 2916 a
1218 2897 1268 2926 41.
1296 2896 1328 2926 (ζ’.
1358 2905 1421 2932 ogo
1448 2895 1564 2926 audiui
1590 2905 1629 2926 cx
1657 2896 1827 2926 constanti
1854 2895 2033 2926 Ciceronis

267 2958 343 2980 usu.
394 2949 501 2979 litiani
529 2948 682 2978 Valerius
708 2948 876 2979 Maximus
901 2946 1072 2983 v11,⁶2‚›'1.
1104 2954 1318 2985 praenomcn
1352 2945 1504 2981 zultlitlit,
1538 2945 1619 2981 sed„
1654 2945 1748 2985 quod
1780 2945 1810 2975 ei
1835 2944 1927 2975 haud
1955 2953 2032 2976 raro

267 2998 402 3035 accidit,
423 2997 546 3028 salsuin
566 2999 638 3035 (A).
669 3015 703 3019 —
732 2997 783 3028 ⁴3.
809 2997 908 3036 fuisse
933 3005 1002 3027 oni.
1024 3004 1041 3026 c
1070 3013 1102 3016 —
1131 2996 1231 3035 equiti
1256 2996 1339 3033 (oni.
1358 2995 1406 3033 li.)
1432 3004 1511 3025 sune
1535 2996 1598 3031 ab,
1626 2995 1754 3032 equitus
1779 2995 1830 3031 (ex
1851 2994 2030 3032 ewistun)

266 3056 343 3079 sane
367 3048 387 3078 b
415 3064 448 3068 —
477 3046 527 3077 44.
555 3048 587 3077 πί
612 3048 639 3077 is
661 3048 716 3077 uir
740 3055 757 3078 o
787 3063 819 3068 —
851 3047 902 3077 40.
922 3046 1064 3084 aliquem
1089 3054 1153 3076 esse
1176 3045 1195 3075 b
1224 3061 1257 3066 —
1289 3046 1338 3075 48.
1366 3055 1428 3074 uon
1456 3053 1526 3075 oin.
1547 3044 1598 3082 11¹,
1626 3046 1705 3075 ante
1730 3045 1770 3074 sit
1795 3053 1973 3084 superscr.
1991 3044 2032 3074 H2

270 3116 304 3120 —
333 3098 384 3127 49.
410 3097 612 3126 honestatam
641 3106 662 3128 a
699 3113 732 3118 —
771 3097 823 3127 20.
851 3097 979 3135 quidem
1004 3104 1073 3126 oni.
1100 3096 1120 3126 b
1159 3112 1191 3116 ν-
1232 3095 1283 3125 22.
1312 3095 1378 3124 iam
1403 3096 1516 3125 tritum
1548 3103 1584 3129 c:
1622 3095 1690 3124 iam
1713 3094 1921 3124 contrariu-m
1943 3102 1963 3132 p
1991 3109 2026 3114 —

267 3146 319 3177 Ἡ.
346 3146 480 3185 (liqnum
497 3163 513 3167 -
528 3163 544 3167 -
561 3147 658 3176 mices
683 3147 812 3177 Nonius
838 3156 870 3186 p.
889 3146 962 3177 5314-7.
991 3163 1024 3167 —
1064 3145 1116 3175 ⁶28.
1140 3153 1233 3183 posse
1256 3148 1447 3175 conuertere
1472 3145 1556 3176 1311:
1581 3147 1652 3183 post
1676 3153 1708 3174 sc
1731 3147 1920 3174 conuertere
1943 3152 1963 3182 p
1990 3158 2026 3164 —

267 3196 320 3227 ⁴29.
345 3196 418 3236 ficri
442 3204 511 3227 oin.
533 3204 550 3226 c
575 3196 857 3236 (sup‹=rsc1·.esse)
886 3213 920 3218 -
949 3196 999 3226 533.
1018 3199 1047 3226 et
1067 3194 1144 3234 iam]
1172 3196 1270 3225 eliam
1296 3196 1319 3224 (ἶ
1350 3212 1381 3215 ψ
1412 3194 1463 3225 34.
1489 3195 1652 3233 petino-us
1676 3202 1740 3225 esse
1764 3202 1921 3232 ¹umquam
1945 3200 1962 3222 c
1990 3208 2024 3213 —-

268 3246 318 3278 35.
347 3248 418 3276 erat
442 3254 510 3276 orn.
531 3253 552 3276 a.
589 3263 623 3267 —-
660 3246 711 3276 36.
740 3247 830 3285 apud
854 3247 886 3277 Ρ.
914 3247 949 3277 R.
975 3246 1173 3276 criminatus
1197 3248 1241 3275 est
1265 3244 1395 3276 balbam
1419 3245 1512 3275 illum
1535 3245 1653 3275 ducere
1683 3245 1812 3275 Nonius
1836 3251 1870 3284 p.
1888 3242 1961 3273 284.
1989 3257 2023 3263 —

269 3292 321 3327 37.
347 3294 462 3326 bellum
484 3296 665 3334 producere
688 3304 707 3334 p
736 3313 770 3318 -
798 3296 889 3327 illum
912 3304 982 3328 om.
1004 3296 1029 3327 Π
1055 3312 1091 3319 -
1116 3295 1242 3335 fecisset
1265 3295 1288 3325 B
1304 3303 1334 3326 c.
