2249 3624
268 143 349 183 558
925 143 995 182 DE
1029 141 1381 181 DIVINATIONE

268 250 424 290 Tamen
461 261 584 288 nemo
629 253 712 295 est,
756 248 858 300 quin
899 260 1023 300 saepe
1064 245 1227 287 iactans
1254 246 1480 287 Venerium
1509 247 1634 288 iaciat
1663 248 1915 302 aliquando,
1954 263 2040 290 non

265 324 495 365 numquam
538 311 662 350 etiam
702 310 853 349 iterum
893 322 940 348 ac
977 309 1161 348 tertium.
1223 311 1329 348 Num
1359 309 1503 361 igitur,
1536 315 1580 350 ut
1609 310 1760 364 inepti,
1790 312 1966 352 Veneris
1997 312 2040 352 id

265 375 434 428 inpulsu
476 374 565 412 fieri
606 372 811 411 malumus
855 384 980 424 quam
1012 384 1111 410 casu
1143 370 1311 410 dicere?
1373 371 1497 419 Quod
1529 373 1562 412 si
1595 373 1745 412 ceteris
1778 373 2039 426 temporibus

264 437 379 477 falsis
411 435 512 475 visis
544 433 801 473 credendum
832 446 917 472 non
952 438 1027 479 est,
1060 447 1143 472 non
1176 433 1297 472 video
1321 433 1420 485 quid
1444 435 1662 487 praecipui
1685 448 1855 476 somnus
1877 434 2040 483 habeat,

234 501 306 539 sin
339 512 420 552 quo
453 497 616 537 valeant
647 495 750 535 falsa
784 509 859 548 pro
892 495 1016 535 veris.
1078 492 1172 534 ¹122.
1207 494 1330 542 Quod
1363 495 1396 534 si
1429 495 1485 535 ita
1515 501 1665 537 natura
1695 502 1884 549 paratum
1917 501 2040 544 esset,

262 566 309 601 ut
339 574 388 600 ea
420 559 674 598 dormientes
705 564 897 610 agerent,
932 570 1040 611 quae
1072 557 1350 604 somniarent,
1382 557 1581 610 alligandi
1611 572 1757 599 omnes
1782 564 1943 607 essent,
1967 559 2039 612 qui

263 624 445 663 cubitum
488 622 608 660 irent.
675 621 853 660 Maiores
895 621 1005 659 enim
1048 633 1173 673 quam
1215 619 1290 658 ulli
1332 620 1469 659 insani
1511 618 1726 661 efficerent
1756 626 1896 660 motus
1929 634 2039 660 som-

262 687 439 726 niantes.
484 682 606 731 Quod
639 683 672 722 si
704 685 947 722 insanorum
980 682 1080 721 visis
1113 680 1215 721 fides
1246 695 1329 721 non
1358 687 1420 721 est
1442 681 1656 730 habenda,
1680 683 1780 736 quia
1801 683 1906 723 falsa
1929 687 2039 731 sunt,

262 763 336 789 cur
376 747 570 787 credatur
609 745 909 784 somniantium
952 744 1074 791 visis,
1115 757 1224 797 quae
1267 744 1393 784 multo
1433 746 1556 784 etiam
1589 746 1898 798 perturbatiora
1929 751 2039 794 sunt,

214 823 246 851 10
261 826 346 853 non
377 810 589 860 intellego.
632 809 693 846 An
729 807 844 860 quod
872 806 1010 846 insani
1043 819 1118 846 sua
1148 806 1237 846 visa
1269 807 1501 846 coniectori
1533 821 1617 847 non
1650 813 1838 856 narrant,
1870 813 2040 848 narrant

262 875 334 929 qui
367 871 715 913 somniaverunt?
767 870 934 917 Quaero
968 869 1115 916 etiam,
1149 869 1182 908 si
1214 869 1338 908 velim
1371 868 1556 909 scribere
1589 870 1690 923 quid
1713 876 1784 911 aut
1805 871 1946 925 legere
1969 876 2042 911 aut

262 949 410 977 canere
432 934 498 974 vel
521 946 622 973 voce
645 932 710 972 vel
743 930 919 979 fidibus,
951 937 1023 971 aut
1054 931 1355 983 geometricum
1389 931 1588 984 quiddam
1620 937 1692 972 aut
1722 933 1944 987 physicum
1967 938 2041 974 aut

262 998 527 1039 dialecticum
560 996 790 1048 explicare,
830 995 1093 1034 somniumne
1126 993 1453 1046 exspectandum
1502 994 1556 1034 sit
1595 1007 1647 1034 an
1689 1008 1755 1035 ars
1787 995 2039 1043 adhibenda,

262 1063 351 1102 sine
384 1073 468 1114 qua
498 1058 603 1099 nihil
635 1070 779 1097 earum
811 1070 950 1096 rerum
981 1069 1058 1096 nec
1090 1054 1178 1095 fieri
1211 1069 1290 1095 nec
1326 1056 1517 1108 expediri
1549 1060 1715 1110 potest?
1760 1058 1889 1112 Atqui
1921 1071 1974 1097 ne
2005 1057 2039 1097 si

212 1135 246 1163 45
261 1124 457 1176 navigare
490 1120 662 1175 quidem
696 1119 838 1166 velim,
879 1120 935 1158 ita
966 1118 1220 1171 gubernem,
1263 1122 1308 1157 ut
1339 1118 1660 1167 somniaverim;
1702 1132 1903 1172 praesens
1929 1119 2040 1159 enim

261 1199 401 1240 poena
443 1185 507 1224 sit.
578 1179 671 1221 2123.
714 1182 797 1230 Qui
838 1182 966 1234 igitur
1003 1181 1199 1220 convenit
1240 1193 1387 1232 aegros
1433 1193 1455 1219 a
1498 1181 1737 1221 coniectore
1777 1182 2040 1225 somniorum
2086 1219 2096 1233 ,

261 1249 402 1303 potius
433 1259 559 1300 quam
591 1259 614 1284 a
646 1244 809 1284 medico
840 1249 981 1297 petere
1013 1243 1294 1283 medicinam?
1346 1244 1411 1281 An
1441 1242 1743 1296 Aesculapius,
1785 1257 1838 1284 an
1871 1244 2040 1297 Serapis

260 1315 400 1365 potest
428 1309 550 1349 nobis
583 1307 869 1361 praescribere
901 1319 978 1358 per
1009 1306 1217 1346 somnium
1241 1305 1501 1345 curationem
1525 1305 1800 1353 valetudinis,
1821 1308 2039 1360 Neptunus

260 1371 591 1425 gubernantibus
633 1383 715 1409 non
761 1370 931 1422 potest?
982 1373 1023 1408 et
1065 1369 1154 1407 sine
1195 1368 1356 1407 medico
1399 1366 1651 1407 medicinam
1695 1368 1809 1408 dabit
1838 1369 2039 1417 Minerva,

209 1447 245 1476 20
260 1437 403 1475 Musae
435 1432 669 1480 scribendi,
702 1431 894 1483 legendi,
928 1436 1157 1470 ceterarum
1187 1430 1340 1470 artium
1368 1429 1585 1470 scientiam
1618 1432 1923 1471 somniantibus
1954 1445 2039 1471 non

261 1498 450 1537 dabunt?
491 1496 544 1535 At
575 1496 609 1535 si
641 1494 799 1534 curatio
832 1494 1000 1534 daretur
1030 1493 1305 1539 valetudinis,
1336 1493 1440 1532 haec
1469 1506 1652 1546 quoque,
1685 1506 1793 1546 quae
1826 1494 1934 1541 dixi,
1967 1494 2040 1534 da-

259 1565 429 1607 rentur3
478 1571 587 1612 quae
625 1556 826 1609 quoniam
864 1569 949 1595 non
991 1556 1163 1603 dantur,
1207 1555 1416 1595 medicina
1452 1569 1537 1595 non
1577 1556 1721 1604 datur,
1764 1569 1846 1610 qua
1878 1555 2039 1597 sublata

259 1622 421 1662 tollitur
452 1621 588 1660 omnis
619 1619 846 1659 auctoritas
878 1618 1149 1658 somniorum.

372 1684 460 1722 LX.
492 1680 586 1722 1124.
619 1683 700 1722 Sed
730 1683 832 1721 haec
856 1681 884 1733 ἦ·
906 1694 1077 1734 quoque
1108 1681 1151 1719 in
1183 1685 1379 1733 promptu
1411 1677 1594 1720 fuerint:
1625 1694 1737 1721 nunc
1758 1681 1955 1722 interiora
1977 1682 2038 1722 vi-

211 1760 246 1788 25
260 1746 443 1787 deamus.
487 1747 569 1785 Aut
599 1745 711 1785 enim
743 1745 883 1784 divina
913 1745 976 1784 vis
1009 1743 1214 1797 quaedam
1237 1742 1459 1782 consulens
1481 1743 1604 1783 nobis
1627 1743 1886 1783 somniorum
1909 1744 2038 1797 signi—

258 1810 478 1849 ficationes
508 1808 628 1855 facit,
661 1813 732 1847 aut
763 1808 1022 1847 coniectores
1056 1819 1109 1845 ex
1142 1805 1323 1858 quadam
1356 1806 1651 1845 convenientia
1674 1811 1715 1846 et
1738 1806 2035 1846 coniunctione

258 1879 443 1918 naturae,
475 1885 600 1924 quam
622 1874 774 1911 vocant
801 1870 1091 1922 συιιιπάῧειαν,
1115 1867 1215 1921 quid
1239 1867 1393 1920 cuique
1415 1866 1474 1907 rei
1497 1869 1718 1908 conveniat
1754 1867 1823 1922 [ex
1846 1865 2047 1921 somniis]

260 1942 301 1976 et
332 1935 432 1988 quid
465 1946 678 1987 quamque
710 1946 796 1972 rem
829 1936 1031 1985 sequatur
1062 1930 1324 1982 intellegunt,
1357 1935 1428 1969 aut
1459 1943 1603 1969 eorum
1634 1936 1832 1971 neutrum
1855 1936 1938 1980 est,
1961 1930 2035 1971 sed

260 1997 467 2051 quaedam
499 1995 733 2035 observatio
766 2000 960 2034 constans
992 1999 1119 2047 atque
1152 1992 1351 2032 diuturna
1384 1998 1467 2039 est,
1491 2006 1584 2032 cum
1608 1993 1709 2046 quid
1733 1993 1867 2033 visum
1890 2007 2039 2034 secun-

207 2074 245 2104 30
260 2061 358 2100 dum
391 2059 575 2113 quietem
607 2057 679 2104 sit,
713 2057 815 2110 quid
848 2056 1015 2096 evenire
1049 2061 1087 2095 et
1119 2054 1222 2108 quid
1255 2055 1377 2108 sequi
1410 2055 1554 2095 soleat.
1604 2056 1789 2095 Primum
1820 2056 1948 2109 igitur
1976 2056 2039 2095 in-

261 2120 543 2175 tellegendum
577 2125 641 2159 est
672 2119 828 2159 nullam
861 2119 944 2158 vim
978 2132 1070 2158 esse
1102 2117 1285 2157 divinam
1308 2118 1562 2157 effectricem
1585 2118 1858 2158 somniorum.
1898 2119 2038 2172 Atque

259 2185 365 2225 illud
398 2181 564 2237 quidem
596 2182 867 2234 perspicuum
901 2187 982 2229 est,
1014 2180 1129 2220 nulla
1162 2180 1251 2220 visa
1282 2180 1539 2220 somniorum
1571 2178 1780 2233 proficisci
1811 2194 1835 2220 a
1865 2181 2037 2221 numine

260 2248 465 2293 deorum3
514 2250 657 2284 nostra
689 2245 800 2284 enim
833 2257 957 2284 causa
989 2243 1030 2282 di
1063 2243 1105 2282 id
1145 2242 1353 2290 facerent,
1393 2248 1437 2282 ut
1467 2242 1690 2296 providere
1719 2242 1860 2283 futura
1890 2256 2037 2297 posse-

260 2324 365 2350 mus.
428 2305 521 2347 125.
555 2307 716 2355 Quotus
746 2307 874 2361 igitur
901 2313 962 2346 est
994 2306 1198 2359 quisque,
1222 2304 1293 2357 qui
1318 2305 1495 2345 somniis
1518 2310 1684 2358 pareat,
1716 2306 1788 2360 qui
1809 2306 2038 2359 intellegat,

207 2386 244 2416 35
261 2374 333 2426 qui
364 2371 625 2412 meminerit?
659 2383 785 2423 quam
808 2369 928 2408 multi
951 2382 1069 2415 vero,
1096 2368 1168 2420 qui
1197 2372 1466 2407 contemnant
1492 2381 1667 2421 eamque
1695 2367 2037 2421 superstitionem

258 2434 443 2474 inbecilli
476 2431 604 2472 animi
636 2438 762 2485 atque
793 2432 916 2471 anilis
948 2430 1126 2484 putent!
1181 2429 1293 2477 Quid
1327 2438 1388 2472 est
1418 2430 1566 2482 igitur,
1600 2444 1672 2470 cur
1703 2430 1767 2470 his
1797 2430 2037 2470 hominibus

260 2496 485 2537 consulens
519 2494 622 2534 deus
654 2495 827 2534 somniis
859 2498 1029 2533 moneat
1059 2506 1149 2540 eos,
1182 2492 1254 2546 qui
1286 2492 1358 2532 illa
1383 2505 1467 2531 non
1489 2491 1616 2532 modo
1640 2505 1761 2540 cura,
1785 2493 1857 2533 sed
1879 2507 1932 2533 ne
1952 2506 2038 2533 me-

260 2560 392 2599 moria
425 2557 595 2612 quidem
627 2557 753 2610 digna
783 2556 967 2596 ducant?
1010 2557 1095 2595 Nec
1128 2555 1239 2594 enim
1270 2555 1462 2607 ignorare
1485 2555 1589 2594 deus
1610 2559 1769 2607 potest,
1792 2569 1876 2609 qua
1896 2559 2036 2595 mente

260 2622 443 2675 quisque
475 2620 554 2667 sit,
587 2632 663 2659 nec
693 2619 849 2659 frustra
880 2631 928 2658 ac
960 2618 1051 2658 sine
1083 2631 1209 2658 causa
1232 2618 1333 2670 quid
1355 2617 1494 2657 facere
1518 2617 1691 2670 dignum
1713 2618 1791 2657 deo
1815 2623 1895 2666 est,
1921 2616 2035 2672 quod

259 2683 458 2723 abhorret
489 2682 613 2722 etiam
645 2682 696 2722 ab
728 2681 910 2721 hominis
943 2681 1191 2721 constantia.
1233 2680 1295 2720 Ita
1326 2680 1361 2720 si
1392 2680 1595 2733 pleraque
1627 2681 1789 2720 somnia
1820 2685 1891 2721 aut
1919 2681 2038 2734 igno—

348 2827 378 2857 i.
405 2825 559 2856 mactans
582 2826 608 2856 A
638 2841 673 2846 —-
708 2823 738 2855 3.
765 2832 871 2855 causa
894 2824 934 2854 Αἱ
961 2840 995 2844 -
1036 2823 1066 2854 6.
1094 2826 1225 2863 egerent
1247 2821 1286 2854 A¹
1315 2840 1349 2845 —
1386 2823 1416 2854 9.
1444 2823 1501 2863 qui
1524 2823 1566 2853 V2
1592 2839 1626 2844 —
1657 2822 1921 2862 perturbatiores
1943 2823 1972 2854 V
1996 2839 2032 2845 —

260 2877 311 2908 45.
338 2876 514 2916 gubernem
537 2874 761 2914 Wesenberg
793 2874 837 2905 ad
868 2875 956 2906 Sest.
983 2882 1017 2914 p.
1034 2872 1093 2904 48:
1129 2872 1352 2913 yub07·narern
1376 2874 1437 2904 CO
1474 2890 1509 2895 -
1549 2873 1601 2904 46.
1629 2873 1708 2912 quid
1729 2873 1835 2914 igitur
1859 2873 1886 2903 V
1912 2891 1946 2896 —
1981 2873 2033 2905 48.

258 2926 449 2957 valitudinis
473 2925 544 2956 BV:
574 2925 616 2956 ci.
644 2926 656 2956 1
681 2924 751 2965 §81¹
785 2942 819 2946 —
855 2925 906 2956 49.
926 2927 956 2955 et
979 2924 1047 2954 sine
1073 2922 1150 2954 cod.
1179 2922 1309 2954 Balliol.
1336 2922 1483 2954 Davisii:
1518 2926 1546 2953 et
1562 2923 1588 2953 si
1604 2922 1673 2953 sine
1697 2922 1721 2953 C
1756 2939 1790 2944 —
1829 2923 1881 2954 20.
1907 2926 2035 2955 cetera—

258 2984 398 3015 rumque
423 2976 461 3013 V,
489 2975 552 3006 sed
577 2984 637 3014 que
661 2984 737 3015 sup.
758 2974 816 3006 lin.
844 2990 877 2996 —
906 2973 1141 3005 somnientibus
1164 2976 1188 3004 A
1215 2991 1257 2996 —
1281 2972 1335 3004 ab..
1362 2981 1491 3013 quoque
1516 2972 1560 3003 C:
1588 2973 1706 3013 cuique
1729 2971 1900 3011 Herelius,
1926 2980 2034 3013 quem

259 3025 421 3057 refutavit
445 3025 639 3065 Madvigius
665 3024 708 3055 ad
734 3026 803 3056 Cic.
833 3024 875 3056 de
901 3025 985 3055 finn.
1012 3032 1045 3064 p.
1066 3023 1124 3061 ⁶28,
1152 3022 1227 3054 fort.
1254 3023 1385 3061 quidem
1417 3039 1450 3044 —
1484 3026 1676 3062 promptum
1699 3022 1737 3053 Βι
1765 3040 1798 3043 -
1832 3023 1957 3061 fuerint
1983 3022 2031 3054 C:

259 3075 394 3106 uncinis
419 3074 556 3105 inclusit
580 3076 622 3113 O,
655 3078 731 3105 sunt
756 3073 858 3105 codd.
886 3075 1012 3114 interp.
1039 3072 1166 3104 Moseri
1202 3090 1234 3094 —
1271 3073 1322 3103 27.
1349 3072 1560 3111 sympachian
1584 3071 1666 3111 AV,
1698 3072 1920 3111 sympathiam
1943 3071 1967 3102 B
1994 3087 2029 3093 -—

261 3124 400 3163 quicque
423 3131 512 3154 corr.
532 3124 565 3154 in
590 3124 668 3163 quid
690 3124 807 3163 cuique
832 3125 855 3155 B
884 3141 919 3146 —-
945 3132 988 3154 ea:
1010 3121 1144 3152 somniis
1168 3119 1309 3152 delebat
1326 3122 1486 3153 Davisius
1515 3139 1549 3144 —-
1576 3121 1630 3153 28.
1657 3121 1833 3160 quicquam
1857 3129 1919 3160 que
1942 3121 2028 3151 13¹-

262 3174 314 3205 30.
340 3174 381 3204 sit
405 3173 448 3205 C:
476 3176 523 3204 est
547 3172 645 3204 Halm
673 3191 707 3195 —
735 3177 764 3205 et
792 3182 861 3205 om.
888 3172 927 3204 B¹
953 3190 987 3194 -—
1014 3172 1067 3203 32.
1093 3172 1221 3203 nullam
1243 3172 1313 3204 uim
1335 3173 1540 3204 somniorum
1563 3172 1605 3203 V¹
1630 3188 1664 3194 —
1691 3170 1911 3212 proficiscenti
1933 3169 1974 3200 A¹
1991 3184 2028 3191 —

263 3223 316 3255 35.
339 3225 549 3263 contempnat
571 3224 611 3254 A¹
638 3240 671 3246 —
700 3231 840 3263 eamque
862 3223 904 3263 B,
931 3221 995 3255 sed
1018 3230 1081 3262 que
1103 3230 1181 3263 sup.
1199 3220 1258 3253 lin.
1289 3239 1323 3244 —
1356 3222 1409 3255 37.
1436 3225 1534 3254 curat
1556 3222 1584 3254 V
1610 3237 1645 3244 —
1674 3221 1728 3254 38.
1754 3221 1879 3253 ducant
1900 3219 1940 3259 A,
1966 3216 2031 3250 sed

264 3281 286 3304 α
309 3281 343 3304 in
366 3280 435 3305 ras.
