2249 3624
220 123 303 166 430
823 127 894 166 DE
923 127 1150 167 DEORUM
1177 127 1394 167 NATURA

221 234 330 274 diem
361 238 610 285 noctemque
642 230 807 273 conficit
837 238 878 272 et
907 232 1031 272 modo
1063 231 1290 279 accedenS‚
1322 237 1409 271 tum
1440 237 1578 272 autem
1609 234 1834 282 recedens,
1869 234 1990 275 binas

218 298 260 337 in
294 296 469 348 singulis
500 295 620 334 annis
651 296 912 335 reversiones
944 295 994 333 ab
1027 299 1214 334 extremo
1246 294 1476 333 contrarias
1506 294 1621 342 facit,
1654 308 1830 349 quarum
1863 296 1906 335 in
1927 297 1992 336 in-

219 358 394 398 tervallo
427 363 510 396 tum
545 360 665 409 quasi
697 357 862 396 tristitia
893 357 1074 409 quadam
1106 356 1315 395 contrahit
1344 362 1514 403 terram,
1546 363 1632 398 tum
1657 358 1840 398 vicissim
1872 358 1992 398 laeti-

218 419 335 467 ficat,
374 426 419 459 ut
459 433 550 459 cum
584 419 699 458 caelo
730 419 907 458 hilarata
936 420 1139 458 videatur.
1201 416 1294 457 103.
1326 419 1445 457 Luna
1475 425 1635 467 autem,
1678 433 1786 473 quae
1817 424 1902 467 est,
1943 424 1991 459 ut

184 482 445 523 sostendunt
484 481 783 527 mathematici,
823 481 955 520 maior
985 494 1108 533 quam
1142 480 1317 519 dimidia
1356 493 1449 534 pars
1481 487 1635 528 terrae,
1677 482 1810 521 isdem
1842 483 1988 536 spatiis

215 550 406 595 vagatur,
439 543 589 595 quibus
622 543 704 590 sol,
737 543 809 582 sed
841 549 928 582 tum
962 543 1234 595 congrediens
1266 556 1359 582 cum
1391 544 1495 591 sole,
1528 550 1615 583 tum
1644 545 1918 596 degrediens,
1950 549 1990 584 et

216 620 304 647 eam
346 607 501 653 lucem,
545 619 669 658 quam
710 618 734 644 a
775 606 863 645 sole
901 606 1083 658 accepit,
1121 605 1247 644 mittit
1285 605 1326 644 in
1358 611 1487 645 terras
1519 611 1560 646 et
1591 608 1726 646 varias
1755 607 1849 659 ipsa
1878 606 1986 646 lucis

214 671 465 710 mutationes
502 668 649 714 habet,
688 674 813 721 atque
854 667 979 706 etiam
1011 673 1095 706 tum
1129 667 1319 706 subiecta
1349 673 1474 720 atque
1509 668 1704 721 opposita
1737 669 1815 708 soli
1846 668 1986 708 radios

214 734 302 773 eius
334 738 374 771 et
406 732 545 770 lumen
577 731 786 777 obscurat,
818 735 905 769 tum
935 731 1026 781 ipsa
1057 730 1246 769 incidens
1278 730 1319 768 in
1350 732 1539 770 umbram
1570 736 1719 777 terrae,
1751 744 1843 770 cum
1873 736 1934 770 est
1964 743 1987 770 e

165 795 384 847 loregione
417 794 537 839 solis,
569 793 818 846 interpositu
849 792 1156 844 interiectuque
1189 798 1324 832 terrae
1356 798 1529 845 repente
1557 791 1710 832 deficit.
1759 792 1984 845 Isdemque

213 857 357 910 spatiis
389 868 462 895 eae
494 855 661 899 stellae,
697 869 800 908 quas
832 867 958 907 vagas
991 854 1189 901 dicimus,
1227 855 1379 893 circum
1413 861 1562 894 terram
1595 855 1786 893 feruntur
1817 855 1987 894 eodem-

214 933 295 972 que
326 918 451 958 modo
484 918 676 956 oriuntur
706 922 747 957 et
778 917 998 963 occidunt,
1032 930 1205 969 quarum
1238 922 1375 956 motus
1407 922 1493 955 tum
1525 917 1781 963 incitantur,
1813 921 1900 955 tum
1923 929 1987 955 re-

212 981 447 1027 tardantur,
479 993 603 1032 saepe
636 980 761 1019 etiam
791 979 1004 1018 insistunt.
1057 975 1150 1017 v1042.
1183 979 1278 1026 Quo
1310 979 1550 1031 spectaculo
1572 978 1673 1019 nihil
1698 984 1835 1031 potest
1855 978 1987 1018 admi-

210 1045 384 1084 rabilius
423 1056 537 1089 esse,
582 1041 684 1081 nihil
726 1041 954 1094 pulchrius.
1014 1040 1213 1093 Sequitur
1253 1041 1467 1080 stellarum
1500 1042 1773 1081 inerrantium
1805 1042 1986 1081 maxima

163 1106 454 1153 mmultitudm
487 1118 661 1159 quarum
693 1104 750 1143 ita
782 1104 991 1156 descripta
1022 1103 1233 1142 distinctio
1267 1108 1345 1150 est,
1378 1109 1424 1142 ut
1447 1116 1500 1142 ex
1530 1109 1723 1143 notarum
1754 1101 1985 1157 figurarum

211 1169 482 1210 similitudine
513 1169 686 1207 nomina
716 1166 965 1206 invenerint.
1016 1166 1124 1204 XLI.
1155 1166 1293 1218 Atque
1325 1163 1404 1204 hoc
1433 1165 1526 1205 loco
1558 1180 1623 1206 me
1653 1166 1841 1213 intuens,
1873 1166 1984 1214 Utar,

209 1234 365 1287 inquit,
397 1231 647 1272 carminibus
678 1229 859 1275 Arateis,
897 1240 1003 1282 quae
1034 1240 1056 1266 a
1086 1232 1125 1266 te
1161 1227 1389 1267 admodum
1425 1228 1743 1268 adulescentulo
1780 1241 1984 1269 conversa

208 1297 264 1337 ita
304 1309 370 1336 me
407 1295 636 1340 delectant,
675 1292 773 1345 quia
814 1291 963 1330 Latina
1001 1295 1120 1336 sunt,
1160 1295 1205 1329 ut
1244 1290 1376 1329 multa
1407 1303 1457 1329 ex
1489 1291 1539 1330 iis
1571 1291 1772 1331 memoria
1802 1296 1981 1330 teneam.

208 1359 333 1411 Ergo,
365 1363 412 1397 ut
441 1357 573 1397 oculis
605 1354 777 1394 adsidue
809 1353 1022 1399 videmus,
1054 1352 1143 1391 sine
1173 1352 1261 1391 ulla
1291 1353 1522 1392 mutatione
1553 1359 1625 1392 aut
1654 1354 1856 1394 varietate

160 1428 197 1458 20
381 1420 572 1459 Cetera
603 1417 862 1456 labuntur
893 1415 1064 1454 celeri
1095 1414 1360 1454 caelestia
1392 1421 1555 1463 motu,

379 1482 493 1522 Cum
526 1480 772 1532 caeloque
805 1478 957 1517 simul
988 1482 1281 1530 noctesque
1314 1477 1533 1531 diesque
1564 1478 1837 1526 feruntur,

208 1541 302 1584 405.
335 1557 515 1598 quorum
548 1540 901 1593 contemplatione
932 1540 1090 1580 nullius
1119 1539 1281 1592 expleri
1312 1545 1450 1593 potest
1480 1541 1643 1581 animus
1676 1546 1850 1581 naturae
1881 1552 1982 1581 con·

208 1607 398 1648 stantiam
435 1607 575 1646 videre
606 1604 826 1656 cupientis.

377 1672 774 1719 Extremusque
807 1665 942 1705 adeo
974 1664 1183 1718 duplici
1215 1664 1277 1704 de
1309 1666 1532 1706 cardine
1563 1671 1751 1706 vertex

157 1747 193 1776 25
376 1732 589 1773 Dicitur
621 1742 736 1769 esse
770 1728 937 1782 polus.

206 1796 328 1836 Hunc
359 1796 513 1836 circum
546 1799 686 1833 arctoe
718 1792 824 1831 duae
855 1790 1063 1837 feruntur,
1096 1803 1322 1844 numquam
1355 1792 1606 1832 occidentes.

374 1860 446 1898 Ex
474 1858 551 1897 his
582 1856 748 1896 altera
779 1853 908 1906 apud
941 1852 1130 1892 Graios
1164 1852 1445 1907 Cynosura
1475 1858 1717 1901 vocatur,

374 1921 561 1960 Altera
592 1917 791 1957 dicitur
820 1928 937 1956 esse
968 1915 1175 1963 Helice,

205 1985 325 2025 cuius
355 1983 526 2037 quidem
558 1980 809 2021 clarissimas
841 1978 982 2018 stellas
1012 1978 1109 2017 totis
1140 1977 1330 2017 noctibus
1361 1978 1588 2027 cernimus,

154 2060 192 2089 3ο
376 2047 518 2095 Quas
550 2045 720 2084 nostri
753 2048 958 2095 septem
991 2040 1147 2080 soliti
1178 2041 1419 2081 vocitare
1453 2042 1693 2082 Triones.

212 2108 298 2150 106.
331 2109 588 2161 Paribusque
628 2106 759 2146 stellis
790 2105 981 2145 similiter
1010 2102 1216 2143 distinctis
1249 2103 1428 2143 eundem
1460 2104 1563 2144 caeli
1595 2106 1794 2145 verticem
1824 2104 1974 2146 lustrat
1989 2093 2010 2117 κς

203 2186 330 2228 parva
362 2173 589 2226 Cynosura.

372 2236 476 2274 Hac
507 2233 689 2273 fidunt
721 2230 853 2270 duce
884 2234 1151 2269 nocturna
1180 2228 1479 2269 Phoenices
1509 2229 1561 2269 in
1592 2229 1714 2269 alto.

373 2298 471 2337 Sed
503 2295 647 2349 prior
677 2294 776 2333 illa
806 2293 968 2345 magis
1001 2292 1185 2332 stellis
1218 2292 1470 2332 distincta
1501 2292 1730 2346 refulget

151 2373 188 2403 35
369 2361 430 2400 Et
460 2360 570 2399 late
600 2358 766 2412 prima
797 2356 1080 2396 confestim
1111 2368 1136 2394 a
1166 2360 1319 2394 nocte
1351 2355 1584 2402 videtur,

368 2423 508 2463 Haec
538 2434 661 2461 vero
693 2432 854 2473 parva
886 2424 986 2465 est,
1020 2418 1109 2457 sed
1141 2418 1317 2457 nautis
1348 2431 1472 2457 usus
1505 2419 1557 2458 in
1587 2418 1684 2457 hac
1716 2422 1803 2458 est.

368 2487 486 2525 Nam
518 2498 666 2524 cursu
696 2481 969 2522 interiore
1000 2481 1153 2521 brevi
1184 2481 1527 2520 convertitur
1557 2480 1736 2535 orbe.mr

201 2549 328 2590 XLII.
358 2549 411 2588 Et
440 2561 524 2600 quo
556 2548 610 2586 sit
640 2559 782 2586 earum
815 2544 1029 2583 stellarum
1061 2542 1344 2582 admirabilior
1374 2548 1588 2595 aspectus,

371 2612 473 2650 Has
505 2610 669 2657 inter,
699 2607 865 2648 veluti
896 2606 1075 2659 rapido
1107 2619 1219 2646 cum
1251 2607 1461 2659 gurgite
1492 2605 1706 2653 flumen,

286 2763 316 2793 2,
342 2762 377 2792 in
402 2760 481 2800 post
505 2767 649 2798 quarum
673 2766 742 2788 om.
771 2757 795 2788 E
810 2757 834 2788 O
861 2773 895 2777 —
924 2756 955 2787 3.
981 2755 1189 2786 contrahitur
1213 2758 1304 2786 terra
1329 2755 1352 2785 C
1374 2771 1408 2776 --
1436 2755 1467 2786 5.
1494 2755 1665 2785 ostendunt
1689 2763 1780 2786 corr.
1800 2762 1842 2785 ex
1859 2758 1968 2786 osten-

198 2814 276 2845 dum
292 2812 320 2841 V
339 2829 371 2833 —
400 2810 431 2841 6.
458 2819 532 2841 cum
556 2809 621 2839 sole
645 2812 714 2839 tum
737 2806 926 2847 dcyredz‘ctzs
949 2806 1074 2837 eadem
1100 2814 1146 2836 m.
1175 2805 1322 2844 margini
1347 2804 1521 2844 adscripta
1546 2803 1653 2835 habet
1670 2803 1696 2834 V
1720 2821 1753 2826 -—
1780 2803 1968 2844 degrediens

197 2867 223 2896 Α
238 2862 313 2895 B²C
329 2862 376 2892 V:
414 2861 598 2900 digrediens
622 2857 735 2889 132150
765 2875 797 2880 -—
825 2858 856 2889 8.
882 2857 1081 2888 mutationes
1104 2856 1184 2886 lueis
1207 2856 1231 2885 Ο
1259 2872 1294 2876 —
1326 2855 1378 2885 40.
1405 2855 1504 2893 dificit
1529 2856 1553 2884 A
1582 2871 1616 2876 —
1646 2855 1697 2886 Μ.
1724 2858 1848 2886 terram
1872 2864 1963 2887 corr.

198 2924 238 2946 ex
265 2917 373 2944 terrae
396 2910 423 2939 V
450 2927 483 2931 -
514 2909 565 2943 43.
592 2917 657 2939 csse
684 2908 914 2939 admirabilius
938 2907 963 2937 O
991 2924 1026 2928 —
1061 2906 1113 2937 45.
1140 2908 1295 2936 notarum
1320 2902 1370 2936 ³21:
1402 2908 1480 2935 nola
1505 2904 1582 2939 alii:
1608 2908 1721 2936 notala
1748 2905 1966 2937 Schoeman—

198 2973 263 2996 nus
288 2961 375 2998 (coll.
404 2961 474 2992 Cic.
502 2960 544 2990 de
572 2960 718 2990 Divinat.
744 2959 771 2988 11
796 2957 813 2997 ἓ
839 2957 912 2988 146.
939 2956 982 2987 ad
1009 2957 1160 2987 Herenn.
1183 2956 1223 2986 lll
1248 2954 1265 2994 S
1289 2954 1340 2985 37.
1369 2954 1411 2985 de
1430 2955 1553 2985 Orat.1
1578 2955 1688 2995 5409.
1716 2955 1850 2994 Fragm.
1868 2955 1962 2986 Arat.

198 3014 291 3052 462);
330 3020 392 3042 «eas
419 3013 574 3040 notarum
600 3010 789 3049 fiqurarwn
817 3007 1027 3038 similitudine
1058 3006 1229 3045 significat
1258 3005 1312 3043 id,
1345 3005 1438 3045 quod
1471 3006 1580 3037 nostri
1605 3006 1794 3037 Cicerones
1819 3004 1962 3035 dlount:

193 3066 330 3104 propter
360 3059 604 3091 simililmlincm
634 3067 708 3089 cum
738 3058 822 3089 notis
849 3058 1000 3097 fissuris.»
1034 3057 1152 3086 Ktorz.
1182 3073 1216 3077 —
1250 3055 1302 3085 47.
1328 3056 1457 3087 Arateis
1480 3054 1687 3086 XValkerus:
1714 3054 1805 3084 arati
1827 3054 1872 3085 eis
1895 3052 1963 3086 ⁵210

199 3113 275 3153 (sed
300 3111 364 3143 AB
390 3118 431 3140 ex
457 3109 693 3146 correctione,
721 3109 753 3138 in
780 3107 906 3147 quibus
933 3107 1008 3137 t'ort.
1036 3106 1147 3137 fuerat
1172 3105 1305 3143 cruceis)
1341 3121 1375 3127 —
1418 3106 1467 3137 18.
1493 3114 1536 3136 ez
1558 3105 1607 3136 his
1629 3106 1653 3136 B
1688 3122 1715 3126 —
1762 3104 1814 3135 22.
1840 3103 1964 3134 nullius

200 3170 290 3194 corr.
316 3170 357 3192 ex
381 3159 490 3190 nullus
512 3160 535 3189 A
573 3175 607 3180 -
640 3158 692 3188 23.
719 3158 826 3188 uideri
850 3158 873 3188 B
909 3175 944 3178 —
978 3155 1030 3187 ⁵24.
1058 3155 1185 3194 duplice
1209 3156 1233 3185 C
1267 3172 1301 3176 —
1335 3155 1389 3185 26.
1416 3158 1528 3186 arctoe
1550 3155 1596 3185 E:
1631 3157 1766 3186 arctoae
1789 3153 1852 3185 ΑΒ
1869 3154 1959 3193 CV,

200 3208 334 3255 ἄρκτοι
358 3211 382 3241 Ο
417 3226 448 3232 —-
486 3209 538 3239 Ξῖ.
565 3217 608 3239 ωε
632 3208 671 3237 iis
690 3209 714 3239 A
731 3210 753 3239 t:
770 3208 796 3237 V
812 3224 854 3229 —
871 3209 953 3245 aput
976 3203 1015 3236 ΑΙ
1030 3205 1052 3236 C
1068 3205 1093 3235 E
1121 3222 1155 3226 -
1183 3205 1235 3236 28.
1261 3205 1381 3236 helicae
1407 3205 1431 3235 V
1458 3222 1492 3228 —
1520 3204 1572 3236 31.
1599 3205 1753 3237 distincta
1775 3203 1960 3236 walkerus

202 3259 278 3293 coll.
304 3269 337 3291 v.
355 3258 408 3290 34.
437 3274 472 3281 —
499 3257 551 3288 33.
576 3256 656 3297 Hac]
683 3265 723 3288 ac
745 3257 769 3287 B
798 3274 832 3279 —
859 3256 912 3288 39.
938 3256 1074 3296 rapidos
1096 3254 1132 3286 Β.
