2249 3624
211 214 320 257 4056
954 216 1235 260 CICERONIS

309 322 345 359 9.
400 321 458 359 Ne
484 319 552 360 illa
585 320 751 372 quidem
778 321 1010 361 testimonia
1034 322 1174 370 recito,
1216 334 1323 374 quae
1351 322 1457 363 dicta
1485 329 1581 364 sunt
1609 324 1660 364 de
1689 326 1972 367 sestertiorum

211 383 480 434 septingentis
512 382 692 422 milibus.
749 382 907 431 (Idem
936 382 1060 431 ibid.)

311 448 368 485 10.
422 447 592 484 Possum
609 445 758 484 dicere.
792 444 1062 495 (Idemibid.
1079 446 1215 486 Verba
1242 448 1455 487 Possum
1472 446 1649 488 dicere
1671 451 1923 501 petita-sunt
1949 464 1971 491 e

210 507 477 547 Cornelianae
504 509 533 546 I.
563 509 722 558 Fragm.
754 509 810 556 8.)

312 574 368 610 11.
424 572 554 609 [num
574 571 695 609 etiam
709 570 804 608 mihi
822 569 1026 621 reliquum
1046 570 1164 609 huius
1185 571 1294 610 modi
1316 573 1470 611 crimen
1491 579 1565 612 est.
1597 573 1755 619 (Idem
1775 575 1811 626 9,
1834 576 1872 624 2,
1894 576 1969 625 60.)

310 633 367 672 12.
423 632 545 671 Aliud
572 645 623 670 ex
651 631 727 671 alio
756 633 957 671 succurrit
976 632 1084 670 mihi.
1141 632 1294 682 (Idem
1321 634 1443 684 ibid.)

308 697 366 734 13.
422 696 509 733 Non
547 696 714 733 nimium
753 695 854 734 dura
892 695 1174 746 archipiratae.
1232 696 1388 744 (Idem
1418 699 1454 747 9,
1483 702 1520 747 4,
1551 699 1610 737 64.
1665 700 1796 739 Locus
1825 698 1971 739 admo-

207 757 303 796 dum
329 758 536 806 incertus;
567 757 617 796 de
647 757 816 808 singulis
845 757 957 796 hisce
985 757 1154 796 consule
1183 758 1500 810 Spaldingium.)

307 821 365 859 14.
420 820 526 859 Illud
553 821 720 867 scimus,
751 820 1002 871 ubicumque
1031 827 1139 870 sunt,
1170 833 1264 859 esse
1291 834 1366 873 pro
1394 822 1527 862 nobis.
1559 823 1716 871 (Idem
1743 826 1779 874 9,
1800 828 1837 874 4,
1863 825 1970 873 100.)

156 890 190 917 io
307 885 364 923 15.
419 884 675 933 Quamquam
704 883 859 932 sentio,
892 889 1043 933 quanta
1072 882 1149 921 hoc
1179 895 1271 922 cum
1300 884 1524 924 oflensione
1553 885 1737 926 dicturus
1770 887 1861 937 sim,
1904 886 1971 925 di-

205 945 380 984 cendum
409 951 482 984 est.
539 944 737 996 (Aquila
764 957 804 995 p.
837 946 920 983 143.
958 945 1132 995 Ruhnk.)

306 1010 363 1048 16.
419 1010 584 1047 Infirmo
622 1020 795 1060 corpore
832 1013 954 1058 atque
983 1020 1132 1058 aegrO,
1163 1007 1313 1052 colore,
1346 1014 1389 1048 ut
1414 1009 1504 1061 ipse
1529 1009 1711 1049 iudicare
1738 1023 1777 1062 p.
1810 1023 1851 1050 u.
1882 1012 1968 1061 (sic)

205 1071 393 1121 (Iulius
420 1071 741 1111 Rufinianus
770 1083 810 1122 p.
844 1072 926 1109 197.
964 1070 1147 1120 Ruhnk.)

305 1135 362 1172 17.
417 1135 500 1172 Hoc
528 1134 651 1171 miror
679 1133 786 1171 enim
816 1144 1074 1184 querorque,
1106 1144 1356 1184 quemquam
1383 1133 1588 1173 hominem
1608 1134 1661 1175 ita
1682 1146 1852 1186 pessum
1871 1134 1970 1181 dare

155 1203 189 1231 ‘¹5
204 1197 375 1237 alterum
420 1196 558 1235 verbis
600 1196 726 1245 velle,
770 1201 813 1234 ut
851 1196 973 1235 etiam
1020 1208 1167 1235 navem
1211 1197 1411 1248 perforet,
1456 1199 1497 1235 in
1538 1210 1620 1249 qua
1657 1198 1747 1250 ipse
1793 1199 1969 1249 naviget.

205 1259 587 1310 (Quintilianus
621 1261 656 1308 8,
688 1262 723 1308 6,
754 1262 815 1298 47.
875 1259 980 1297 «Hoc
1006 1260 1277 1310 fragmentum
1306 1258 1358 1299 ad
1387 1260 1651 1300 Scaurianam
1686 1260 1823 1299 retulit
1855 1261 1973 1300 Beier

200 1335 293 1374 pag.
323 1323 434 1371 2133
466 1335 545 1374 quo
572 1323 688 1372 iure,
717 1323 806 1374 ipse
836 1321 1020 1361 viderit.»
1077 1324 1269 1362 Mamaos.
1325 1324 1548 1374 Propterea
1576 1324 1614 1362 h.
1644 1322 1670 1362 1.
1701 1322 1743 1361 id
1769 1329 1969 1375 repeten-

203 1385 299 1424 dum
329 1386 482 1424 censui.
540 1385 635 1433 On.)

304 1450 361 1487 18.
416 1447 648 1486 Provincias
675 1447 781 1484 inter
809 1457 853 1484 se
882 1447 1146 1497 partiverant.
1203 1447 1490 1498 (Pompeius
1511 1459 1552 1498 p.
1585 1448 1670 1485 310.
1718 1448 1811 1487 «Est
1841 1448 1969 1499 Frag-

152 1514 383 1550 20mentum
427 1509 656 1558 Ciceronis,
699 1515 743 1547 ut
782 1514 954 1560 apparet
990 1521 1039 1546 ex
1080 1508 1239 1547 Valerio
1281 1508 1412 1548 Probo
1452 1521 1492 1560 p.
1526 1510 1633 1548 1483.
1688 1510 1869 1560 Putsch.,
1899 1510 1969 1551 ubi

200 1573 308 1613 idem
337 1572 580 1612 vocabulum
606 1575 836 1619 parm-erant
864 1583 885 1609 e
915 1571 1114 1609 Cicerone
1142 1571 1378 1610 nominatim
1406 1570 1632 1610 laudatur.»
1666 1573 1881 1622 Mimmus.)

305 1638 360 1674 19.
415 1637 570 1683 Desieoeit
605 1638 646 1672 de
678 1637 879 1682 proposito.
936 1634 1016 1673 Cic.
1058 1632 1228 1685 Philipp.
1270 1634 1373 1672 XVI.
1413 1634 1646 1673 Laterensis
1674 1646 1725 1673 ne
1753 1626 1968 1686 &estigium

202 1698 367 1750 quidem
397 1698 577 1736 deflexit.
633 1698 946 1747 (Arusianus
973 1697 1204 1735 Messius
1233 1709 1272 1747 p.
1303 1697 1374 1735 225
1410 1696 1548 1745 Lind.)

301 1765 360 1801 20.
415 1764 624 1809 Disceptata
653 1764 696 1797 lis
724 1767 786 1797 est.
843 1760 926 1799 Cic.
957 1759 1128 1811 Philipp.
1159 1760 1264 1798 XVI.
1319 1760 1407 1798 Non
1445 1765 1508 1798 est
1533 1759 1602 1799 illa
1636 1759 1839 1800 dissensio
1875 1759 1965 1800 dis-

152 1828 188 1857 25
202 1830 364 1876 ceptata
389 1824 511 1863 bello.
569 1824 725 1873 (Idem
757 1821 870 1872 ibid.)

304 1889 363 1928 21.
421 1888 481 1926 Tu
533 1886 755 1934 scelerate,
799 1885 868 1936 qui
913 1883 1109 1922 subactus
1155 1889 1195 1922 et
1233 1884 1475 1935 prostitutus
1520 1896 1578 1924 es.
1635 1884 1884 1934 (Isidorus
1925 1885 1967 1925 in

200 1952 526 1992 Difierentiarum
553 1949 657 1988 libro
686 1950 732 1988 N.
763 1950 849 1987 771.
879 1947 953 1986 Ed.
986 1947 1040 1985 du
1066 1946 1219 1996 Breul.)

702 2064 770 2105 111.
835 2064 861 2104 Ε
893 2063 1062 2105 LIBRIS
1094 2062 1467 2104 PHILOSOPHIS.

302 2164 333 2201 1.
393 2158 454 2213 [In
480 2157 594 2196 libris
623 2157 674 2196 de
702 2157 759 2196 Re
788 2155 950 2207 publica
978 2154 1154 2194 Platonis
1184 2167 1248 2193 me
1277 2155 1465 2193 comitem
1493 2154 1702 2206 profiteor,
1731 2154 1772 2192 in
1800 2154 1961 2193 Conso-

149 2224 348 2265 3013110110
375 2222 480 2260 fillae
510 2221 771 2265 Clamorem,
818 2223 935 2266 inquit
963 2219 1140 2266 (Cicero),
1178 2229 1352 2268 sequor,
1393 2217 1490 2255 item
1519 2217 1756 2255 Panaetium
1783 2219 1834 2254 de
1863 2216 1965 2255 Offi-

200 2284 304 2340 ciis]
362 2284 581 2331 (Plinius
632 2283 677 2321 H.
728 2282 774 2320 N.
824 2281 952 2319 Praes.
1007 2281 1116 2319 Haec
1168 2279 1296 2318 verba
1347 2279 1455 2318 haud
1507 2277 1631 2317 dubie
1685 2290 1706 2317 e
1755 2278 1964 2330 prooemio

200 2350 368 2389 alicuius
397 2346 531 2398 operis
559 2343 828 2396 philosophici
856 2349 925 2382 aut
953 2342 1073 2382 etiam
1104 2354 1155 2380 ex
1183 2340 1357 2392 epistola
1384 2341 1520 2392 aliqua
1548 2340 1670 2380 ducta
1697 2339 1791 2379 mihi
1817 2340 1965 2380 viden-

199 2419 278 2451 1111.
335 2412 480 2450 NOBBE.

301 2474 321 2501 9
393 2412 591 2519 Quoniam
619 2474 793 2518 utraque
823 2478 964 2506 earum
994 2466 1289 2504 sen‘antiarum
1320 2464 1392 2514 (de
1421 2471 1550 2504 morte
1579 2471 1618 2504 et
1647 2464 1697 2504 de
1723 2465 1965 2505 immortali—

144 2539 298 2586 351310)
340 2534 597 2574 doctissimos
641 2531 783 2570 habuit
815 2536 1029 2578 auctoreS,
1058 2540 1217 2580 neque,
1248 2527 1346 2579 quid
1374 2529 1473 2567 certi
1506 2529 1579 2578 sit,
1612 2527 1784 2569 divinari
1809 2533 1960 2580 potest.

201 2598 513 2650 (Lactantius
542 2598 637 2632 Inst.
666 2593 690 2631 l.
722 2593 800 2631 VII.
833 2604 866 2630 0.
897 2592 932 2630 8.
965 2591 1000 2642 ξ.
1032 2591 1082 2640 9.)

300 2664 333 2701 3.
384 2662 502 2698 Cicero
518 2661 617 2700 dicit,
641 2656 942 2707 Hippocratem,
964 2652 1262 2692 nobilissimum
1281 2651 1500 2703 medicum,
1517 2656 1714 2705 scriptum
1727 2653 1960 2705 reliquisse,

201 2737 245 2764 se
274 2722 474 2775 quosdam
501 2723 660 2769 fratres,
678 2730 783 2757 cum
811 2716 931 2756 simul
963 2721 1176 2766 aegrotae
1205 2716 1442 2767 coepissent
1468 2721 1508 2755 et
1539 2727 1679 2755 eorum
1697 2715 1866 2778 morbus
1887 2728 1961 2755 eo-

287 2858 339 2888 22.
374 2854 473 2896 Apud
506 2853 714 2885 Arusianum
744 2859 771 2882 s.
803 2851 1016 2882 Frontonem
1050 2849 1125 2879 Maii
1157 2850 1209 2880 est
1233 2848 1370 2888 Philipp.
1396 2848 1495 2879 XVII.
1534 2849 1661 2879 Parum
1686 2848 1804 2878 autem
1829 2846 1960 2888 proba-

199 2908 314 2941 biliter
344 2907 452 2938 Maius
487 2905 567 2934 hinc
602 2901 737 2941 collegit
773 2900 945 2932 exstitisse
981 2897 1168 2938 aliquando
1201 2900 1260 2929 tris
1293 2900 1435 2938 praeter
1466 2899 1603 2929 nostras
1633 2894 1853 2937 Philippicas,
1883 2895 1958 2928 scil.

198 2956 400 2990 ,xv—xvii.
449 2954 553 2985 Error
585 2951 724 2991 videtur
755 2948 810 2981 vel
839 2949 947 2990 ipsius
979 2947 1139 2979 Arusiaui
1171 2946 1225 2979 vel
1259 2946 1496 2979 librariorum.
1545 2946 1648 2978 Certe
1681 2948 1851 2985 quantum
1882 2954 1960 2978 me-

201 3008 283 3039 mini
308 3008 339 3037 et
365 3014 428 3044 ego
454 3006 486 3034 et
511 3000 648 3039 Bai-dili,
675 3001 772 3032 cuius
797 3007 904 3031 suasu
929 3007 969 3029 ea
995 2999 1050 3029 hic
1075 2996 1254 3035 collocavi,
1281 3006 1350 3028 non
1375 2995 1538 3037 leguntur
1565 2996 1599 3026 in
1618 2995 1798 3027 Ciceronis
1821 2996 1959 3036 scriptis

199 3058 314 3089 31111110
339 3052 594 3094 superstitibus.
624 3068 657 3071 —
699 3050 751 3081 26.
781 3049 824 3079 Τιι
848 3046 1013 3087 scelerate]
1040 3047 1124 3079 Cod.
1152 3046 1371 3078 Basileensis.
1420 3046 1444 3077 Ο
1468 3049 1497 3077 te
1519 3045 1673 3077 scelerate
1696 3044 1742 3076 du
1767 3043 1880 3076 Breul.
1921 3062 1956 3068 —

198 3109 251 3139 29.
280 3108 383 3137 Recte
409 3102 538 3133 notavit
561 3101 661 3131 Beier
686 3099 926 3139 (Schuzzeituny
950 3097 1047 3130 4828.
1072 3098 1111 3128 N.
1130 3096 1196 3135 ΞΟ.)
1222 3096 1409 3136 deceptum
1434 3096 1491 3127 hic
1515 3103 1593 3127 esse
1617 3092 1793 3126 Nobbium
1817 3102 1836 3124 a
1853 3102 1960 3135 prae-

201 3154 408 3189 cedentibus
438 3152 713 3190 fragmentorum
744 3146 1003 3184 collectoribus,
1036 3155 1116 3177 cum
1146 3147 1239 3186 apud
1271 3146 1416 3178 Plinium
1452 3146 1512 3177 sit:
1551 3145 1730 3176 Cicero—-
1753 3152 1785 3174 se
1810 3144 1958 3175 comitem

196 3208 385 3247 profitetur:
412 3210 431 3232 a
457 3200 561 3232 Plinio
579 3200 683 3239 igitur
700 3199 733 3230 11.
750 3197 772 3229 l.
792 3207 861 3229 non
885 3197 1009 3228 referri
1034 3197 1173 3238 propria
1198 3196 1268 3227 Cio.
1294 3195 1403 3226 verba
1429 3204 1470 3226 ex
1495 3193 1610 3234 aliquo
1634 3193 1722 3225 libro
1757 3191 1954 3233 deperdito,

202 3256 263 3287 sed
294 3251 479 3294 significari
503 3250 681 3280 dumtaxat
704 3247 837 3287 singula
862 3247 1042 3288 prooemia
1067 3245 1237 3278 librorum
1262 3246 1299 3277 de
1323 3246 1366 3277 Re
1385 3244 1529 3284 publica,
1556 3244 1594 3276 de
1619 3243 1740 3284 Officiis
1770 3244 1805 3274 et
1835 3241 1956 3274 Conso-

199 3305 344 3337 caiionis.
370 3301 434 3343 (cr.
461 3300 498 3332 cie
522 3298 612 3338 offic.
639 3297 670 3337 2,
697 3298 727 3337 3.
755 3297 806 3329 60.
833 3298 869 3329 L.
895 3297 926 3336 3,
953 3296 983 3337 3.
1009 3296 1054 3336 7.)
