2249 3624
350 188 430 229 3⁵28
783 184 1213 227 TUSCULANARUM
1243 182 1675 223 DISPUTATIONUM

350 294 550 336 Mundum
596 298 727 334 totum
775 307 819 333 se
855 293 905 333 ad
944 305 1126 332 amorem
1160 303 1279 329 suum
1313 286 1617 328 sublevandum
1648 298 1946 327 conversurum
1977 293 2117 341 putat;

351 361 554 398 Venerem
583 369 709 396 unam
741 355 926 396 excludit
955 360 1002 393 ut
1031 354 1243 406 iniquam:

1091 427 1200 453 nam
1233 413 1360 467 quid
1394 425 1485 465 ego
1517 418 1565 452 te
1596 412 1883 465 appellem,
1915 413 2117 452 Venus?

349 484 449 522 Eam
481 495 579 536 prae
611 482 798 521 lubidine
830 484 955 531 negat
986 491 1129 517 curare
1152 477 1397 530 quicquam:
1431 475 1549 529 quasi
1578 487 1676 514 vero
1708 475 1797 527 ipse
1829 488 1913 514 non
1947 480 2118 528 propter

319 544 580 585 slubidinem
614 550 727 583 tanta
760 542 915 594 flagitia
946 547 987 580 et
1017 540 1142 579 faciat
1174 544 1214 578 et
1245 539 1368 578 dicat.

463 607 634 645 XXXV.
658 603 721 644 74.
755 606 822 644 Sic
852 604 980 655 igitur
1008 601 1173 641 adfecto
1201 601 1305 640 haec
1327 599 1565 639 adhibenda
1587 600 1745 639 curatio
1768 605 1842 646 est,
1874 605 1919 640 ut
1940 605 1980 640 et
2000 600 2117 647 illud,

352 669 462 723 quod
497 668 654 720 cupiat,
687 667 929 706 ostendatur
962 678 1085 718 quam
1117 663 1229 710 leve,
1272 676 1395 716 quam
1429 661 1801 709 contemnendum,
1841 676 1963 716 quam
1996 662 2117 701 nihili

351 733 404 771 sit
445 730 636 775 omnino,
683 741 805 781 quam
846 726 966 766 facile
998 726 1063 766 vel
1105 725 1275 765 aliunde
1308 725 1372 764 vel
1404 725 1485 764 alio
1519 724 1642 763 modo
1675 724 1818 777 perfici
1850 725 1913 764 vel
1946 726 2116 765 omnino

350 791 514 844 neglegi
547 790 688 843 possit.
735 790 1017 829 Abducendus
1050 789 1170 828 etiam
1204 793 1265 827 est
1296 800 1379 825 non
1412 798 1639 839 numquam
1673 786 1723 825 ad
1751 786 1831 825 alia
1854 786 2006 834 studia,
2038 787 2118 827 sol-

302 854 608 900 iolicitudineS,
640 865 779 898 curas,
810 852 1004 903 negotia;
1035 851 1117 891 loci
1142 850 1325 903 denique
1347 849 1588 894 mutatione,
1621 854 1832 900 tamquam
1855 850 2011 901 aegroti
2033 863 2119 890 non

350 916 709 961 convalescentes,
743 927 868 967 saepe
900 913 1109 954 curandus
1142 918 1218 952 est.
1272 910 1337 951 75.
1372 911 1503 950 Etiam
1536 923 1646 950 novo
1679 911 1846 964 quidam
1878 925 2018 951 amore
2048 926 2119 952 ve-

349 984 478 1018 terem
511 990 692 1017 amorem
723 982 936 1030 tamquam
968 976 1083 1016 clavo
1115 975 1274 1015 clavum
1305 973 1541 1013 eiciendum
1575 977 1744 1024 putant;
1781 974 1958 1013 maxime
1980 979 2117 1015 autem

349 1040 640 1081 admonendus
671 1047 743 1086 esc,
776 1044 956 1092 quantus
989 1038 1040 1078 sit
1068 1038 1184 1077 furor
1213 1037 1390 1080 amoris:
1425 1034 1621 1074 omnibus
1653 1036 1764 1074 enim
1794 1049 1846 1075 ex
1868 1036 1996 1076 animi
2026 1050 2120 1089 per-

349 1102 656 1145 turbationibus
689 1107 751 1141 est
782 1101 968 1154 profecto
1000 1100 1115 1139 nulla
1146 1098 1456 1142 vehementior,
1494 1101 1558 1141 ut,
1602 1097 1636 1136 si
1667 1097 1747 1136 iam
1780 1098 1867 1151 ipsa
1899 1098 1969 1137 illa
2001 1112 2120 1139 accu-

301 1181 335 1209 ⁴5
351 1181 440 1207 sare
471 1166 601 1212 nolis,
634 1170 776 1218 stupra
807 1164 899 1203 dico
932 1169 971 1202 et
1003 1162 1260 1214 corruptelas
1288 1166 1328 1199 et
1349 1159 1573 1204 adulteria,
1606 1159 1765 1198 incesta
1786 1159 1983 1213 denique,
2015 1174 2120 1213 quo—

348 1243 440 1269 rum
473 1229 658 1268 omnium
692 1227 940 1268 accusabilis
972 1231 1035 1265 est
1065 1224 1297 1277 turpitudo,
1330 1221 1399 1261 sed
1433 1226 1479 1260 ut
1509 1220 1612 1260 haec
1643 1222 1832 1268 omittas,
1863 1222 2119 1275 perturbatio

350 1292 439 1345 ipsa
480 1291 629 1331 mentis
672 1291 715 1329 in
755 1302 895 1330 amore
933 1288 1058 1328 foeda
1096 1300 1168 1340 per
1209 1299 1252 1325 se
1285 1290 1359 1324 est.
1411 1282 1476 1322 76.
1508 1284 1631 1329 Nam,
1669 1289 1716 1322 ut
1745 1284 1816 1324 illa
1846 1289 2120 1338 praeteream,

353 1367 460 1407 quae
493 1359 590 1393 sunt
618 1353 786 1399 furoris,
832 1352 934 1391 haec
973 1351 1063 1403 ipsa
1095 1363 1168 1402 per
1199 1361 1289 1387 sese
1322 1360 1446 1400 quam
1478 1345 1635 1385 habent
1665 1346 1893 1393 levitatem,
1925 1359 2030 1401 quae
2059 1347 2121 1386 vi-

350 1415 502 1455 dentur
532 1428 624 1455 esse
656 1414 910 1454 mediocria?

300 1493 336 1520 520
1138 1474 1399 1518 Iniuriae,

521 1540 889 1592 Suspitiones,
923 1537 1272 1582 inimicitiae,
1306 1534 1569 1579 indutiae,

519 1603 744 1648 Bellum,
778 1615 873 1654 pax
904 1613 1136 1639 rursum:
1168 1600 1373 1639 incerta
1403 1597 1528 1636 haec
1561 1597 1687 1635 situ
1720 1596 1970 1649 postules

518 1666 747 1705 Ratione
780 1668 921 1703 certa
952 1661 1148 1707 facere,
1181 1660 1352 1699 nihilo
1385 1658 1504 1710 plus
1537 1671 1654 1710 agas

519 1728 680 1776 Quam
713 1727 753 1766 si
785 1726 874 1765 des
906 1738 1114 1776 operam
1146 1729 1201 1763 ut
1232 1736 1341 1762 cum
1372 1721 1591 1761 ratione
1622 1721 1884 1762 insanias.

300 1811 335 1839 25
350 1794 462 1832 Haec
494 1790 772 1830 inconstantia
804 1788 1144 1840 mutabilitasque
1178 1786 1329 1825 mentis
1353 1798 1477 1838 quem
1509 1798 1591 1824 non
1624 1785 1715 1837 ipsa
1748 1786 1951 1837 pravitate
1984 1786 2121 1826 deter-

349 1853 469 1894 reat?
514 1856 581 1893 Est
613 1852 734 1891 etiam
768 1851 891 1896 illud,
924 1849 1036 1903 quod
1068 1850 1109 1889 in
1142 1850 1254 1889 omni
1289 1848 1599 1901 perturbatione
1633 1848 1796 1893 dicitur,
1830 1847 2121 1888 demonstran-

350 1917 468 1961 dum,
501 1915 656 1955 nullam
691 1927 781 1953 esse
814 1914 893 1952 nisi
926 1912 1202 1965 opinabilem,
1246 1912 1322 1950 nisi
1367 1911 1525 1950 iudicio
1557 1915 1813 1963 susceptam,
1856 1911 1936 1950 nisi
1968 1911 2120 1951 volun-

348 1980 505 2020 tariam.
562 1977 727 2017 Etenim
770 1977 802 2015 si
846 1975 1046 2015 naturalis
1086 1987 1202 2014 amor
1243 1980 1371 2019 esset,
1414 1979 1454 2012 et
1485 1978 1672 2011 amarent
1703 1986 1848 2012 omnes
1881 1979 1922 2012 et
1954 1986 2120 2026 semper

348 2046 535 2081 amarent
566 2046 605 2080 et
627 2040 737 2079 idem
761 2044 960 2083 amarent,
990 2051 1126 2090 neque
1150 2037 1275 2076 alium
1301 2035 1514 2086 cogitatio,
1537 2035 1663 2073 alium
1687 2035 1854 2074 satietas
1880 2035 2119 2075 deterreret.

299 2125 334 2154 30
460 2103 652 2142 XXXVI.
685 2099 750 2141 77.
795 2104 857 2140 lra
888 2114 1005 2146 vero,
1047 2113 1154 2154 quae
1197 2112 1320 2152 quam
1353 2098 1422 2137 diu
1464 2097 1680 2149 perturbat
1720 2098 1927 2143 animum,
1960 2097 2121 2137 dubita-

349 2166 504 2206 tionem
537 2164 726 2204 insaniae
757 2177 842 2203 non
872 2163 1017 2207 habet.
1051 2163 1166 2201 cuius
1198 2161 1366 2213 inpulsu
1396 2160 1536 2198 existit
1567 2159 1691 2199 etiam
1724 2160 1833 2199 inter
1862 2159 2010 2199 fratres
2038 2159 2119 2199 tale

349 2228 555 2280 iurgium:

518 2290 564 2329 A.
613 2288 744 2336 Quis
787 2287 935 2326 homo
974 2292 1022 2326 te
1064 2286 1422 2339 exsuperavit
1451 2297 1667 2338 usquam
1700 2284 1938 2336 gentium
1970 2283 2121 2337 inpu-

1263 2348 1487 2387 dentia?

516 2415 570 2454 M.
619 2413 748 2462 Quis
780 2417 951 2452 autem
984 2411 1195 2451 malitia
1226 2412 1305 2450 te‘?

300 2496 335 2523 35
350 2478 468 2517 Nosti
508 2490 616 2531 quae
657 2482 873 2521 secuntur;
918 2475 1089 2514 alternis
1131 2474 1240 2513 enim
1281 2472 1468 2512 versibus
1509 2473 1803 2526 intorquentur
1835 2474 1944 2514 inter
1973 2474 2120 2514 fratres

351 2540 622 2592 gravissimae
661 2538 961 2583 contumeliae,
1003 2543 1047 2576 ut
1086 2536 1208 2576 facile
1246 2540 1442 2588 appareat
1472 2536 1586 2574 Atrei
1627 2534 1735 2574 filios
1772 2549 1884 2582 esse,
1927 2536 2016 2575 eius
2049 2536 2120 2589 qui

350 2602 573 2642 meditatur
603 2613 782 2654 poenam
815 2601 856 2639 in
887 2599 1056 2639 fratrem
1089 2612 1264 2638 novam:

519 2665 679 2703 Maior
710 2663 832 2702 mihi
864 2661 1047 2707 moles,
1080 2662 1241 2701 maius
1273 2661 1659 2701 miscendumst
1691 2659 1896 2706 malum,

520 2726 615 2774 Qui
646 2725 797 2765 illius
829 2724 1075 2764 acerbum
1107 2737 1197 2763 cor
1228 2722 1550 2763 contundam
1583 2728 1632 2761 et
1663 2722 2008 2774 conprimam.

439 2862 468 2891 6.
495 2864 531 2892 ut
554 2862 581 2892 ei
604 2862 684 2892 illud
709 2862 733 2892 O
762 2878 795 2883 —
822 2861 853 2891 7.
879 2860 1071 2890 ostendatur·
1095 2859 1271 2890 Davisius:
1300 2859 1446 2890 oslendat
1471 2859 1494 2890 C
1511 2859 1535 2889 O
1558 2877 1591 2881 -—
1619 2858 1709 2888 nihili
1734 2858 1776 2889 C:
1807 2857 1936 2889 nihilo.
1966 2857 2051 2889 Vide
2077 2858 2121 2889 ad

354 2911 483 2951 1515.
520 2928 552 2932 —
589 2911 617 2941 9.
646 2915 691 2943 est
719 2912 818 2942 etiam
850 2911 875 2942 Ο
907 2928 949 2933 -
987 2910 1037 2940 43.
1064 2912 1111 2939 est
1141 2918 1222 2940 nos:
1256 2917 1325 2940 om.
1361 2910 1426 2940 CO
1462 2926 1495 2930 -
1533 2908 1584 2939 22.
1611 2909 1637 2938 si
1670 2912 1703 2938 tu
1729 2906 1785 2939 B'2:
1819 2909 1859 2939 sit
1881 2911 1917 2938 ut
1941 2907 2055 2939 GRB¹
2080 2925 2121 2930 —

351 2961 404 2991 23.
430 2961 505 2999 plus
529 2969 597 2991 om.
627 2961 664 2991 G¹
693 2979 726 2983 -—
754 2961 806 2992 26.
834 2961 932 2992 eliam
958 2960 1149 2990 Manutius:
1184 2959 1269 2989 enim
1297 2959 1357 2990 CO
1386 2977 1418 2981 —
1453 2959 1505 2989 ΞΩ.
1534 2959 1673 2988 deterret
1700 2958 1885 2997 (superscr.
1914 2966 1949 2988 re
1972 2966 2016 2988 m.
2047 2966 2119 2989 sec.

353 3010 417 3041 sed
442 3010 542 3041 valde
567 3011 719 3050 antiqua)
746 3012 771 3041 G
798 3027 832 3032 —
867 3010 920 3040 30.
949 3017 1033 3048 quae
1057 3007 1175 3039 delent
1201 3006 1310 3038 multi.
1339 3008 1484 3039 «Nescio
1510 3017 1552 3039 an
1582 3009 1626 3039 ita
1653 3007 1792 3039 defendi
1817 3008 1945 3047 possit,
1980 3009 2016 3038 ut
2040 3016 2123 3039 sen—

353 3061 457 3091 tentia
483 3068 546 3100 per
573 3060 815 3091 anacoluthian
841 3060 858 3099 g
883 3059 923 3089 79
949 3059 1184 3090 continuetur.
1219 3057 1267 3088 Cf.
1289 3057 1462 3095 §Ta—75.
1483 3057 1534 3088 59.
1562 3058 1616 3089 ΙΙΙ.
1638 3057 1690 3088 36.
1711 3057 1784 3087 37.»
1803 3057 1858 3087 w.
1886 3056 1935 3088 Cf.
1956 3057 1992 3087 Ο.
2014 3057 2121 3088 Heine

354 3111 396 3142 de
423 3111 493 3142 Cic.
521 3110 621 3141 Tusc.
649 3110 742 3150 Disp.
770 3119 803 3150 p.
828 3110 869 3140 ⁶27
895 3118 947 3149 sq.
977 3126 1011 3131 —
1047 3107 1098 3138 33.
1126 3115 1266 3145 usquam
1293 3106 1454 3145 Bentley:
1482 3115 1639 3145 umquam
1665 3107 1688 3138 C
1719 3124 1752 3128 —-
1786 3105 1837 3137 34.
1865 3107 1938 3145 quis
1961 3109 1990 3136 te
2012 3109 2122 3137 autem

352 3161 482 3192 malitia
499 3160 668 3193 Bouhier;
690 3160 762 3196 quis
778 3162 838 3190 tete
853 3163 964 3189 aulem
978 3158 1109 3189 malitia
1125 3156 1298 3192 Ribbeck;
1318 3157 1390 3195 quis
1407 3158 1482 3187 item
1498 3157 1625 3187 matilia
1644 3160 1672 3187 te
1689 3155 1946 3193 FleckeisenuS‚
1974 3155 2120 3186 «eadem

355 3209 510 3246 medela,
543 3218 648 3249 quam
673 3209 805 3240 Brixius
830 3209 887 3249 (de
912 3208 1021 3240 Plauti
1046 3207 1225 3248 prosodia,
1253 3208 1402 3246 quaestt.
1422 3206 1559 3237 vratisl.
1580 3205 1674 3237 4841.
1701 3214 1734 3246 p.
1754 3206 1803 3236 32Χ
1831 3204 1990 3236 adhibuit
2013 3203 2120 3236 Plauti

355 3260 470 3291 Sticho
495 3260 524 3294 1,
552 3260 582 3295 3,
610 3259 666 3289 6οῑ
702 3262 778 3297 quot
806 3259 953 3296 potiones
983 3258 1098 3296 mulsi,
1133 3261 1209 3297 quot
1240 3258 1315 3287 ilem
1342 3257 1524 3296 prandia.»
1554 3275 1586 3278 —
1619 3256 1671 3287 35.
1698 3257 1782 3286 enim
1814 3256 1897 3286 GB:
1928 3263 2000 3286 eum
2031 3255 2054 3286 R
2083 3273 2117 3278 —

355 3310 406 3342 38.
434 3309 661 3340 miscendumst
684 3307 828 3339 Wolfius
855 3310 907 3347 (ex
932 3310 970 3340 N.
991 3309 1029 3339 D.
1049 3308 1091 3338 111
1117 3306 1134 3347 ἓ
1156 3307 1207 3338 68.
1235 3306 1278 3337 de
1304 3307 1394 3338 Orat.
1415 3307 1457 3337 111
1482 3306 1612 3345 §2¹9):
1638 3306 1838 3337 miscendum
1862 3305 1906 3337 C.
