2249 3624
524 188 612 228 Lm.
643 186 694 226 11.
735 185 831 226 ομ».
862 183 1017 224 xxlx.
1054 180 1113 235 §5
1145 179 1337 221 90—95.
1760 172 1814 214 35

58 308 180 345 erunt
210 303 339 350 enim,
377 301 458 341 nisi
490 300 659 341 cavetis.
721 298 897 339 Cautum
929 302 1009 345 est,
1046 295 1194 350 inquit.
1253 294 1392 334 Placet
1422 291 1534 332 enim
1566 289 1816 344 Chrysippo,

59 381 149 407 cum
191 366 390 419 gradatim
431 365 732 415 interrogetur,
774 361 885 401 verbi
925 373 1050 399 causa
1086 358 1195 398 «tria
1225 370 1356 412 pauca
1386 355 1470 395 sint
1500 366 1607 394 anne
1638 352 1818 398 multa»,

59 430 272 483 aliquanto
303 429 417 481 prius
448 440 569 480 quam
603 426 654 465 ad
686 424 814 464 multa
846 422 1058 477 perveniat
1089 421 1327 475 quiescere,
1359 418 1401 458 id
1433 422 1517 465 est,
1548 414 1659 470 quod
1681 414 1731 454 ab
1752 413 1819 452 his

60 492 231 538 dicitur,
263 486 499 543 ἡσυχάζειν.
550 489 626 527 Per
658 501 721 526 me
745 486 809 525 vel
833 491 980 524 stertas
1003 484 1116 531 licet,
1149 483 1285 537 inquit
1307 479 1556 527 Carneades,
1587 490 1671 518 non
1696 475 1819 544 modo

61 554 267 607 quiescas.
330 552 409 591 Sed
442 550 541 604 quid
577 549 776 602 proficit?
824 548 1024 600 Sequitur
1055 547 1189 593 enim,
1230 544 1299 598 qui
1332 549 1371 584 te
1404 557 1456 583 ex
1487 553 1636 582 somno
1668 540 1853 579 excitetis

61 621 101 655 et
138 615 284 654 eodem
323 612 444 652 modo
484 613 732 662 interroget:
776 623 860 663 quo
891 611 931 649 in
964 622 1140 649 numero
1173 607 1431 654 conticuisti,
1475 607 1508 646 si
1539 603 1590 645 ad
1622 615 1717 642 eum
1747 613 1824 639 nu-

59 690 216 716 merum
248 688 375 716 unum
407 672 630 720 addidero,
673 672 858 712 multane
892 674 1046 712 erunt?
1094 670 1363 722 progrediere
1394 682 1562 716 rursus,
1594 663 1733 720 quoad
1764 662 1825 702 vi-

61 739 236 778 debitur.
295 737 407 785 Quid
447 736 596 789 plura?
642 735 722 774 hoc
763 735 871 774 enim
912 733 1076 781 fateris,
1123 745 1262 784 neque
1294 732 1486 771 ultimum
1518 736 1557 770 te
1596 738 1824 783 paucorum

60 814 195 854 neque
228 800 402 853 primum
436 798 658 837 multorum
691 796 947 849 respondere
979 808 1116 848 posse.
1170 794 1297 833 Cuius
1330 794 1496 846 generis
1518 805 1633 832 error
1655 792 1712 830 ita
1742 800 1827 828 ma-

59 868 154 910 nat,
191 869 237 902 ut
266 875 350 901 non
381 861 542 901 videam
575 873 660 913 quo
692 872 774 899 non
807 858 941 912 possit
971 857 1185 898 accedere.
1236 854 1303 895 94.
1334 856 1448 896 Nihil
1480 868 1545 895 me
1576 852 1725 900 laedit,
1765 851 1876 890 in-io

61 926 173 979 quit:
205 938 282 978 ego
314 924 447 970 enim,
479 928 523 963 ut
553 923 732 975 agitator
752 921 941 967 callidus,
973 919 1086 974 prius
1111 931 1236 972 quam
1259 917 1311 958 ad
1335 918 1460 957 finem
1483 918 1663 965 veniam,
1695 927 1828 969 equos

61 988 294 1034 sustinebo,
336 999 472 1039 eoque
505 985 656 1037 magis,
698 984 731 1024 si
762 984 878 1024 locus
910 982 964 1030 is,
1010 994 1095 1035 quo
1129 981 1317 1021 ferentur
1348 980 1469 1034 equi,
1504 993 1706 1034 praeceps
1738 977 1829 1018 erit.

63 1049 129 1089 Sic
160 1063 244 1096 me,
281 1048 441 1102 inquit,
478 1052 573 1087 ante
617 1047 805 1087 sustineo
837 1058 914 1085 nec
946 1044 1102 1084 diutius
1135 1044 1318 1098 captiose
1349 1042 1626 1096 interroganti
1657 1052 1830 1094 respon-

63 1111 154 1151 deo.
206 1111 249 1150 Si
280 1110 410 1150 habes
442 1109 553 1163 quod
584 1110 741 1162 liqueat
771 1121 909 1161 neque
942 1107 1195 1160 respondes,
1222 1107 1326 1158 facis
1357 1106 1559 1159 superbe:
1591 1105 1737 1145 sinon
1757 1102 1829 1142 ha-

62 1174 158 1221 bes,
198 1186 249 1213 ne
281 1179 324 1212 tu
356 1172 526 1226 quidem
558 1171 752 1225 percipis.
815 1171 878 1217 Si,
917 1170 1015 1224 quia
1046 1169 1244 1217 obscura,
1277 1167 1485 1209 concedo:
1525 1166 1599 1208 sed
1631 1178 1759 1218 negas
1791 1170 1882 1204 te⁴5

64 1248 197 1289 usque
228 1235 280 1275 ad
311 1234 485 1274 obscura
514 1232 732 1286 progredi3
764 1232 1011 1272 inlustribus
1034 1232 1159 1285 igitur
1179 1232 1302 1273 rebus
1325 1231 1497 1272 insistis.
1544 1230 1588 1270 Si
1607 1229 1650 1270 id
1671 1233 1831 1269 tantum

65 1298 210 1345 modo,
240 1303 285 1337 ut
316 1302 473 1344 taceas,
506 1295 609 1335 nihil
640 1294 899 1348 adsequeris.
952 1294 1061 1343 Quid
1095 1294 1205 1334 enim
1236 1295 1287 1335 ad
1319 1294 1459 1342 illum,
1492 1293 1564 1347 qui
1594 1297 1635 1333 te
1666 1295 1833 1345 captare

63 1359 172 1406 vult,
211 1364 348 1398 utrum
388 1363 596 1398 tacentem
635 1357 806 1397 inretiat
846 1362 885 1397 te
924 1369 977 1396 an
1008 1357 1282 1410 loquentem?
1339 1356 1414 1397 Sin
1444 1361 1585 1397 autem
1614 1366 1749 1408 usque
1781 1350 1834 1393 ad

63 1434 231 1468 novem,
262 1420 375 1460 verbi
407 1421 556 1473 gratia,
590 1419 679 1459 sine
712 1419 972 1459 dubitatione
1003 1419 1238 1472 respondes
1268 1432 1402 1474 pauca
1435 1432 1548 1466 esse,
1584 1418 1627 1457 in
1658 1417 1833 1456 decumo

63 1482 239 1530 insistis,
271 1483 395 1522 etiam
426 1496 450 1522 a
481 1482 602 1522 certis
634 1486 675 1522 et
705 1481 1016 1521 inlustrioribus
1039 1481 1210 1522 cohibes
1233 1483 1472 1522 adsensum.
1519 1481 1611 1521 Hoc
1635 1480 1747 1520 idem
1769 1491 1835 1517 me
1848 1485 1884 1515 20

63 1546 107 1585 in
157 1545 345 1584 obscuris
386 1544 520 1585 facere
551 1557 636 1584 non
668 1544 784 1584 sinis.
834 1544 946 1584 Nihil
978 1544 1104 1596 igitur
1134 1549 1174 1584 te
1207 1550 1351 1584 contra
1381 1544 1528 1584 soritas
1560 1557 1625 1584 ars
1655 1543 1735 1582 ista
1765 1541 1836 1581 ad-

62 1608 191 1655 iuvat,
232 1619 340 1660 quae
378 1621 455 1647 nec
496 1607 685 1659 augentis
725 1619 803 1646 nec
840 1606 1090 1653 minuentis,
1131 1606 1233 1660 quid
1264 1612 1336 1646 aut
1366 1607 1545 1660 primum
1576 1605 1630 1645 sit
1659 1609 1732 1645 aut
1761 1616 1836 1657 po—

65 1675 285 1717 stremum,
317 1668 452 1709 docet.
511 1667 578 1709 95.
611 1669 754 1717 Quid?
787 1668 898 1722 quod
932 1668 1076 1709 eadem
1108 1668 1181 1708 illa
1212 1681 1300 1716 ars,
1333 1668 1452 1722 quasi
1477 1668 1689 1720 Penelope
1710 1665 1836 1706 telam

66 1737 286 1779 retexens,
317 1732 426 1772 tollit
456 1731 507 1772 ad
539 1737 772 1772 extremum
805 1731 1035 1784 superiora.
1081 1731 1224 1771 Utrum
1248 1744 1298 1771 ea
1318 1736 1457 1771 vestra
1476 1744 1529 1771 an
1550 1736 1694 1770 nostra
1714 1728 1838 1781 culpa

67 1795 161 1834 est?
206 1794 366 1846 Nempe
400 1793 717 1834 fundamentum
762 1792 1006 1833 dialecticae
1051 1798 1133 1841 est,
1175 1792 1383 1847 quidquid
1422 1792 1664 1833 enuntietur
1702 1812 1756 1821 —
1794 1788 1836 1829 id
1851 1797 1887 1826 25

65 1860 206 1896 autem
227 1856 441 1910 appellant
460 1852 642 1909 figimur,
677 1855 791 1909 quod
826 1861 889 1895 est
919 1856 1039 1909 quasi
1070 1855 1283 1896 ecfatum
1312 1878 1366 1885 -
1392 1861 1466 1896 aut
1484 1868 1628 1896 verum
1651 1867 1743 1894 esse
1764 1857 1835 1893 aut

66 1918 230 1960 falsum.
283 1918 396 1967 Quid
426 1918 585 1970 igitur?
624 1918 729 1958 haec
758 1930 856 1958 vera
886 1930 938 1957 an
968 1917 1073 1958 falsa
1103 1920 1227 1958 sunt?
1272 1919 1340 1958 «Si
1372 1923 1413 1958 te
1442 1917 1609 1958 mentiri
1638 1916 1742 1957 dicis
1771 1913 1835 1955 id-

67 1993 149 2035 que
179 1994 324 2021 verum
355 1980 478 2028 dicis,
510 1979 699 2020 mentiris
731 1993 783 2019 an
806 1993 949 2020 verum
971 1980 1137 2020 dicis‘t»
1190 1980 1304 2020 Haec
1335 1980 1497 2020 scilicet
1521 1976 1835 2032 inexplicabilia

68 2055 158 2083 esse
198 2042 351 2083 dicitis.
409 2042 533 2091 Quod
571 2048 632 2082 est
662 2041 852 2082 odiosius
884 2055 1009 2096 quam
1041 2042 1134 2091 illa,
1179 2055 1288 2097 quae
1319 2056 1397 2083 nos
1427 2056 1512 2083 non
1544 2040 1835 2095 conprehensa

68 2111 109 2145 et
137 2118 223 2145 non
252 2110 451 2159 percepta
481 2104 668 2145 dicimus.
1847 2108 1884 2138 30

160 2259 191 2291 3.
219 2259 399 2300 aliquando
422 2259 461 2290 B¹
486 2276 520 2280 —
545 2258 719 2299 pervenias
742 2258 897 2297 Ernesti,
921 2259 1138 2299 perveniatur
1161 2260 1318 2291 Goerenz
1341 2277 1384 2282 —-
1408 2263 1453 2292 est
1476 2268 1545 2291 om.
1572 2260 1596 2291 B
1624 2277 1659 2281 —-
1684 2259 1725 2290 iis
1748 2259 1773 2290 Ο
1799 2275 1833 2281 ·—

67 2307 100 2341 4.
124 2309 311 2348 esychaziin
332 2309 378 2348 B,
404 2309 561 2340 esicaziin
584 2308 652 2340 AV
678 2326 713 2331 —
750 2309 781 2339 ὅ.
804 2309 979 2350 proficitur
1002 2308 1079 2340 cod.
1106 2309 1245 2348 Dresd.,
1267 2310 1404 2351 proficis
1426 2311 1485 2341 aut
1504 2310 1611 2349 prosit
1633 2309 1778 2345 Davies;
1805 2310 1839 2340 at

68 2367 101 2389 v.
126 2358 265 2399 Madvig
288 2359 324 2397 1,
350 2357 430 2396 ⁴84,
457 2358 516 2398 qui
540 2358 740 2390 subiectum
765 2366 844 2389 esse
869 2354 912 2388 τὸ
937 2354 1143 2399 ἡσυχάζειν
1167 2360 1314 2391 monuit.
1332 2378 1375 2382 -—
1400 2360 1431 2391 6.
1458 2368 1521 2399 quo
1545 2359 1624 2392 cod.
1643 2359 1784 2392 Manutii
1804 2361 1839 2391 et

69 2407 89 2438 2
112 2407 264 2440 Davisii:
299 2408 385 2448 quod
415 2408 438 2439 C
466 2424 502 2429 —
538 2416 629 2439 mero
652 2407 709 2445 B¹,
735 2416 870 2440 numere
892 2405 933 2438 Ψ
961 2427 995 2432 —-
1033 2409 1064 2440 7.
1091 2410 1247 2442 addidere
1270 2411 1307 2442 Β1
1342 2428 1378 2432 -
1415 2411 1447 2442 8.
1471 2410 1626 2450 fateberis
1649 2409 1771 2441 Lamb.
1800 2426 1834 2431 —-

70 2460 99 2488 te
117 2465 304 2496 paucorum
326 2466 360 2488 n.
381 2457 529 2496 primum
553 2465 623 2488 om.
649 2455 689 2488 Αι
715 2475 749 2479 -
777 2458 809 2489 9.
836 2459 885 2489 ita
907 2460 935 2490 A
959 2467 1036 2500 sup.
1063 2458 1121 2490 lin.
1153 2477 1182 2482 —
1218 2460 1270 2490 Μ.
1296 2460 1425 2498 veniat,
1451 2467 1550 2498 equos
1572 2459 1739 2491 sustinebit
1762 2467 1839 2490 ma-

71 2504 166 2537 lebat
188 2506 333 2544 Davies;
360 2508 395 2538 at
418 2507 520 2538 Stoici
546 2509 599 2538 est
622 2515 660 2538 se
685 2507 801 2548 ipsum
826 2507 990 2540 callidum
1014 2517 1188 2549 equorum
1213 2510 1419 2549 agitatorem
1444 2508 1640 2550 appellare,
1666 2511 1703 2541 ut
1727 2510 1840 2541 omnis

71 2556 187 2596 operis
219 2556 371 2597 optimus
403 2555 518 2597 opifex
549 2556 615 2587 sibi
649 2556 846 2589 videbatur.
876 2575 910 2580 —
943 2559 994 2590 42.
1020 2558 1174 2598 feruntur
1197 2557 1238 2590 V¹
1265 2577 1299 2582 —
1328 2559 1379 2590 43,
1405 2559 1842 2600 sustinebo—-respondebo

71 2604 193 2636 Lamb.
218 2622 262 2628 —
285 2605 337 2638 44.
361 2606 554 2646 respondes,
578 2606 662 2646 facis
684 2607 820 2646 superbe
842 2608 987 2649 scripsi:
1013 2609 1171 2648 responde
1192 2608 1329 2648 superbe
1352 2609 1376 2640 C
1392 2610 1417 2639 G
1432 2618 1470 2648 v,
1495 2610 1689 2648 respondes:
1714 2609 1843 2650 superbi

71 2662 106 2693 r,
136 2655 310 2694 respondes
338 2654 485 2694 superbis
507 2655 532 2686 Ο
557 2663 638 2686 cum
668 2656 693 2687 E
718 2658 752 2687 et
775 2655 907 2697 aliquot
930 2657 1031 2697 dett,
1063 2667 1153 2698 quae
1178 2667 1305 2690 vereor
1327 2659 1363 2689 ut
1387 2660 1485 2690 recta
1509 2659 1552 2691 sit
1578 2659 1778 2691 emendatio
1806 2676 1841 2681 ——

72 2704 125 2735 45.
152 2704 297 2744 percipis
328 2704 407 2736 cod.
443 2703 627 2736 Cantabr.:
658 2706 800 2745 persipis
822 2707 846 2737 B
862 2707 907 2745 V,
933 2708 1093 2747 perspicis
1116 2710 1142 2740 Α
1176 2708 1251 2748 (sed
1275 2709 1321 2739 cis
1345 2710 1379 2740 et
1409 2711 1436 2740 si
1459 2718 1614 2750 sequens
1639 2711 1673 2742 in
1696 2711 1779 2749 ras.)
1806 2726 1840 2731 —

73 2752 126 2784 49.
151 2754 349 2794 respondeas
372 2755 414 2785 Α2
426 2754 478 2792 V2,
505 2754 589 2785 item
613 2755 658 2793 B,
685 2755 750 2786 sed
775 2755 831 2787 hic
855 2765 945 2788 corr.
973 2766 1014 2789 ex
1038 2759 1219 2797 respondas
1236 2775 1271 2780 -—
1299 2758 1353 2789 20.
1379 2758 1588 2790 lustrioribus
1602 2759 1642 2798 V,
1668 2759 1848 2790 illustribus

74 2802 100 2833 Ο
125 2810 206 2836 cum
227 2804 351 2836 Lamb.
379 2820 415 2826 —-
448 2805 503 2837 2⁴.
529 2804 666 2836 adiubat
689 2806 728 2837 Βι
753 2823 788 2828 -
824 2806 877 2837 22.
905 2808 1055 2848 auyentis
1077 2817 1135 2839 nee
1158 2808 1334 2839 minuentis
1357 2808 1502 2848 scripsi:
1536 2809 1679 2849 augendi
1702 2818 1760 2840 nec
1781 2810 1847 2841 mi-

73 2853 194 2884 nuendi
216 2854 353 2893 AB¹V‚
389 2855 540 2895 augendo
563 2864 621 2886 nec
644 2856 820 2887 minuendo
843 2856 900 2893 B23
934 2858 1068 2897 augenti
1098 2866 1156 2888 nec
1178 2857 1339 2888 minuenti
1362 2857 1387 2889 Ο
1412 2865 1493 2888 cum
1518 2857 1640 2890 Lamb.
1678 2859 1717 2891 Ut
1740 2867 1846 2900 saepe

74 2901 204 2935 factum
227 2902 410 2942 videmus,
443 2904 640 2936 terminatio
665 2913 784 2937 accus.
810 2905 899 2946 plur.
926 2906 960 2937 in
984 2907 1012 2938 is
1039 2906 1200 2939 librarios
1225 2908 1257 2938 in
1282 2915 1440 2939 errorem
1466 2907 1611 2940 induxit.
1638 2927 1680 2932 —
1711 2909 1763 2940 23.
1790 2910 1849 2940 Pe—

73 2951 210 2992 nelopae
232 2952 367 2992 Lamb.,
391 2953 568 2994 paenetope
591 2956 636 2994 A,
662 2954 727 2986 sed
746 2964 789 2995 pe
812 2956 846 2987 in
871 2965 956 2993 ras.,
982 2957 1067 2988 item
1091 2957 1153 2988 tela
1176 2959 1327 2988 relexens
1349 2973 1392 2979 —
1415 2957 1480 2989 tela
1503 2958 1586 2996 AB,
1612 2958 1695 2989 tecta
1718 2958 1758 2996 V,
1785 2957 1848 2990 sed

74 3009 92 3031 c
116 3009 217 3033 erasa
244 3018 280 3024 —
312 3000 366 3034 24.
390 3010 431 3034 ea
458 3006 574 3034 nostra
603 3013 647 3035 an
677 3008 788 3036 vestra
820 3004 917 3037 malit
941 3006 1056 3038 Christ
1082 3021 1117 3029 -
1144 3007 1198 3038 25.
1225 3006 1370 3045 quoquid
1392 3006 1438 3045 V,
1475 3008 1590 3038 ortum
1615 3015 1658 3038 ex
1682 3008 1849 3047 quicquid,

77 3051 115 3082 ut
139 3052 194 3083 est
217 3051 251 3083 in
273 3051 339 3083 AB
362 3069 406 3076 -—
429 3054 640 3085 enuntiaetur
664 3058 689 3085 A
710 3071 746 3076 —
773 3055 826 3087 26.
852 3056 992 3087 azioma
1015 3057 1040 3088 C
1061 3074 1096 3079 -
1123 3056 1261 3095 etfatum
1285 3056 1342 3093 13¹,
1369 3056 1519 3096 exsulum
1536 3053 1589 3095 W,
1615 3058 1750 3096 effatum
1772 3060 1798 3088 A
1814 3058 1853 3088 13²

76 3099 174 3139 V20,
200 3099 265 3132 sed
288 3102 316 3133 A
339 3101 375 3141 ef
392 3101 426 3133 in
449 3111 519 3135 ras.
541 3120 576 3126 —
602 3103 655 3134 Ξῖ.
681 3103 781 3135 sunt?
804 3105 831 3135 si
855 3105 883 3136 V
907 3114 999 3137 corr.
1026 3113 1068 3136 ex
1091 3105 1191 3136 suntsi
1211 3122 1247 3128 —
1273 3105 1370 3143 idque
1391 3113 1469 3136 uere
1492 3107 1539 3144 A,
1567 3105 1630 3137 sed
1654 3114 1671 3137 e
1694 3108 1850 3137 extrema

79 3148 113 3179 in
137 3157 207 3181 ras.
231 3167 266 3173 —
291 3150 345 3182 28.
370 3152 518 3184 mentiris
541 3161 585 3184 an
608 3161 723 3184 verum
745 3154 826 3184 dicis
848 3154 1016 3186 Schuetz:
1043 3154 1192 3186 mentiris
1215 3162 1332 3185 uerum
1357 3155 1397 3194 (et
1417 3163 1534 3186 uerum
1550 3155 1576 3186 Α
1594 3155 1698 3194 corr.)
1716 3155 1796 3186 dicis
1813 3155 1851 3191 C,

77 3199 227 3230 mentiris
259 3200 284 3231 O
318 3208 401 3232 oum
425 3200 529 3233 codd.
555 3202 657 3233 Goer.
691 3201 741 3234 Cf.
767 3204 806 3235 A.
833 3202 929 3234 Gellii
953 3205 992 3235 N.
1020 3205 1058 3235 Α.
1085 3204 1208 3241 ΧΥΗΙ,
1235 3203 1272 3241 2,
1300 3203 1358 3234 ⁴0:
1393 3204 1584 3243 Quaesitum
1605 3204 1650 3234 ibi
1673 3207 1736 3243 est,
1770 3212 1854 3242 quae

82 3250 160 3279 esset
182 3248 279 3281 huius
301 3258 430 3290 quoque
452 3250 661 3290 sophismatis
683 3252 820 3284 solutio:
845 3262 939 3284 «cum
962 3253 1104 3284 orientior
1127 3255 1155 3284 et
1177 3253 1309 3284 mentiri
1331 3262 1382 3284 me
1405 3254 1495 3293 dieo,
1520 3254 1662 3286 mentior
1681 3262 1726 3285 an
1740 3262 1854 3285 verum

80 3295 203 3330 atcoP»
232 3316 267 3323 —
291 3298 414 3335 scilicet
435 3299 460 3335 B
484 3300 520 3334 in
543 3309 613 3333 ras.
639 3300 747 3334 habet
769 3319 811 3326 -
835 3302 888 3334 30.
914 3302 1051 3334 dicimus
1076 3303 1100 3333 C
1126 3310 1216 3334 corr.
1244 3311 1286 3335 ex
1309 3302 1427 3334 dicitis.
