2249 3624
531 143 618 183 Lm.
650 141 701 182 11.
743 141 841 182 cu.
872 140 1065 181 xxxw.
1105 137 1164 193 §ss
1197 136 1448 179 407-1121.
1819 131 1863 173 41

116 263 251 313 potest
282 262 367 298 tota
398 253 557 296 confici.
616 255 703 308 Ego
735 256 845 295 enim
877 254 953 294 etsi
986 254 1210 294 maximam
1242 253 1446 293 actionem
1477 257 1601 305 puto,
1639 264 1873 304 repugnare

116 322 234 367 visis,
275 320 476 360 obsistere
508 318 801 372 opinionibus,
842 317 1045 358 adsensus
1076 316 1257 356 lubricos
1289 315 1519 361 sustinere,
1551 314 1760 366 credoque
1794 313 1875 352 Cli—

115 383 319 428 tomacho,
350 384 406 423 ita
438 382 658 428 scribenti,
689 380 857 420 Herculi
879 379 1087 433 quendam
1111 378 1292 418 laborem
1316 377 1578 417 exanclatum
1601 390 1624 416 a
1647 376 1874 424 Carneade,

115 445 251 499 quod,
283 450 325 484 ut
356 443 482 484 feram
515 449 553 483 et
585 444 795 482 inmanem
826 442 1017 490 beluam,
1050 442 1108 481 sic
1141 454 1193 480 ex
1215 440 1365 480 animis
1389 440 1542 480 nostris
1564 439 1874 486 adsensionem,

115 508 155 546 id
188 512 268 554 est,
311 506 595 559 opinationem
626 511 666 544 et
698 506 972 544 temeritatem
1006 503 1277 549 extraxisset,
1322 508 1481 549 tamen,
1523 507 1569 542 ut
1600 515 1647 541 ea
1680 514 1775 554 pars
1806 502 1908 541 de-5

112 568 308 609 fensionis
339 568 623 621 relinquatur,
655 567 754 620 quid
786 566 970 619 inpediet
1001 567 1208 606 actionem
1231 566 1342 612 eius,
1377 566 1446 618 qui
1479 565 1711 618 probabilia
1738 564 1878 617 sequi-

113 638 194 678 tur,
227 631 340 670 nulla
371 643 414 669 re
445 628 718 682 inpediente?
779 625 873 666 409.
907 629 1016 674 Hoc,
1049 629 1206 681 inquit,
1239 628 1377 680 ipsum
1410 627 1619 680 inpediet,
1652 627 1762 680 quod
1796 631 1878 667 sta-

112 699 197 733 tuet
229 705 279 732 ne
311 692 351 731 id
383 692 573 745 quidem,
613 689 726 744 quod
767 690 936 743 probet,
976 703 1101 742 posse
1143 690 1315 742 percipi.
1378 690 1461 729 Iam
1500 690 1605 729 istuc
1637 696 1677 730 to
1707 702 1877 743 quoque

113 754 295 808 inpediet
324 755 366 794 in
398 754 650 806 navigando,
684 754 724 792 in
754 752 1038 798 conserendo,
1069 753 1111 791 in
1134 765 1266 791 uxore
1291 752 1502 799 ducenda,
1535 752 1577 790 in
1609 752 1750 792 liberis
1781 764 1878 804 pro-

113 816 301 856 creandis
333 816 605 870 plurimisque
636 816 678 854 in
710 814 854 861 rebus,
886 815 927 853 in
960 814 1111 867 quibus
1133 813 1237 852 nihil
1262 827 1439 867 sequere
1462 820 1626 867 practer
1648 814 1876 867 probabile.
1895 826 1927 854 ιο

110 878 160 918 Et
190 884 326 918 tamen
358 877 460 917 illud
494 878 689 917 usitatum
722 882 761 916 et
805 889 929 929 saepe
961 876 1229 928 repudiatum
1261 875 1412 923 refers,
1455 888 1540 915 non
1572 881 1618 915 ut
1649 877 1877 930 Antipater,

111 940 206 988 sed,
238 946 282 980 ut
312 940 391 988 ais,
425 940 678 993 «pressius».
737 940 839 978 Nam
871 939 1132 991 Antipatrum
1164 951 1430 991 reprensum,
1463 939 1577 991 quod
1601 938 1759 978 diceret
1780 951 1878 978 con-

110 1009 351 1043 sentaneum
393 1015 483 1041 esse
525 1002 585 1048 ei,
627 1002 697 1055 qui
729 999 966 1040 adfirmaret
997 999 1103 1039 nihil
1135 1013 1258 1053 posse
1290 999 1612 1053 comprehendi,
1656 1000 1698 1039 id
1739 1000 1876 1052 ipsum

111 1065 256 1105 saltem
288 1064 426 1104 dicere
458 1077 581 1118 posse
615 1063 868 1116 conprendi,
910 1062 1023 1116 quod
1055 1062 1135 1115 ipsi
1167 1062 1372 1102 Antiocho
1404 1061 1559 1115 pingue
1590 1062 1808 1101 videbatur
1838 1066 1879 1101 et

112 1127 188 1168 sibi
227 1127 364 1179 ipsum
407 1126 674 1167 contrarium.
734 1127 825 1166 Non
867 1126 978 1165 enim
1019 1130 1156 1177 potest
1194 1124 1493 1165 convenienter
1524 1123 1606 1163 dici
1644 1123 1750 1163 nihil
1780 1136 1928 1166 con-15

112 1189 258 1243 prendi
300 1202 443 1242 posse,
481 1190 515 1229 si
555 1189 779 1242 quicquam
817 1186 1044 1241 conprendi
1085 1200 1210 1240 posse
1243 1186 1416 1226 dicatur.
1477 1185 1553 1225 Illo
1585 1186 1709 1225 modo
1742 1186 1877 1238 potius

110 1256 229 1305 putat
257 1251 516 1304 urguendum
549 1251 678 1290 fuisse
701 1250 982 1290 Carneadem:
1014 1264 1108 1289 cum
1140 1249 1341 1302 sapientis
1365 1248 1527 1288 nullum
1550 1247 1763 1287 decretum
1787 1259 1877 1286 esse

111 1314 241 1367 possit
273 1314 350 1353 nisi
383 1326 696 1366 comprensum,
729 1318 996 1365 perceptum,
1029 1312 1260 1365 cognitum,
1293 1316 1339 1351 ut
1368 1311 1447 1351 hoc
1479 1312 1616 1364 ipsum
1648 1311 1876 1356 decretum,

109 1389 193 1430 quo
223 1376 422 1429 sapientis
443 1381 553 1415 essct
578 1375 681 1415 nihil
712 1388 835 1428 posse
858 1376 1040 1428 percipi,
1070 1374 1273 1415 fateretur
1293 1386 1384 1414 esse
1406 1378 1665 1427 perceptum.
1697 1373 1877 1413 Proinde

108 1438 226 1491 quasi
258 1439 424 1492 sapiens
454 1438 615 1478 nullum
646 1438 759 1478 aliud
791 1437 1005 1478 decretum
1035 1438 1187 1478 habeat
1218 1441 1260 1477 et
1287 1437 1378 1476 sine
1402 1436 1581 1476 decretis
1604 1436 1732 1476 vitam
1754 1449 1876 1489 agere
1892 1450 1927 1478 ρο

107 1500 264 1554 possit!
326 1497 419 1540 ΗΟ.
453 1501 534 1540 Sed
567 1506 611 1540 ut
640 1501 711 1540 illa
741 1500 865 1540 habet
895 1500 1127 1554 probabilia
1158 1512 1241 1539 non
1272 1503 1492 1552 percepta,
1525 1498 1581 1538 sic
1612 1497 1694 1538 hoo
1725 1499 1876 1552 ipsum,

107 1562 209 1602 nihil
250 1576 373 1616 posse
413 1563 583 1616 percipi.
643 1564 744 1602 Nam
777 1563 810 1602 si
853 1563 896 1602 in
926 1562 1007 1602 hoc
1036 1563 1210 1602 haberet
1241 1561 1494 1614 cognitionis
1526 1566 1688 1609 notam,
1731 1562 1876 1602 eadem

105 1630 293 1665 uteretur
312 1627 353 1665 in
375 1626 522 1665 ceteris
542 1640 550 1664 ε
583 1639 708 1679 quam
731 1625 929 1679 quoniam
956 1638 1041 1665 non
1061 1625 1202 1672 habet,
1233 1623 1365 1663 utitur
1385 1623 1687 1676 probabilibus.
1727 1626 1876 1678 Itaque

107 1700 190 1727 non
222 1688 370 1728 metuit
401 1701 452 1727 ne
484 1687 739 1728 confundere
771 1688 911 1728 omnia
933 1687 1122 1728 videatur
1153 1692 1193 1727 et
1225 1686 1383 1726 incerta
1404 1685 1594 1725 reddere.
1636 1688 1726 1727 Non
1751 1687 1875 1734 enim,

107 1764 232 1805 quem
271 1751 322 1790 ad
362 1749 554 1797 modum,
596 1751 630 1790 si
671 1750 909 1803 quaesitum
951 1763 1004 1790 ex
1044 1763 1093 1789 eo
1126 1750 1201 1796 sit,
1242 1748 1455 1788 stellarum
1487 1762 1687 1789 numerus
1718 1763 1794 1803 par
1823 1763 1874 1789 an
1889 1763 1926 1792 <25

107 1814 239 1866 impar
279 1813 352 1860 sit,
393 1812 515 1859 item,
558 1812 592 1851 si
625 1812 675 1851 de
707 1810 844 1852 officio
876 1812 1104 1866 multisque
1136 1812 1229 1852 aliis
1262 1811 1312 1851 de
1343 1811 1489 1858 rebus,
1529 1811 1571 1850 in
1603 1811 1754 1864 quibus
1786 1825 1876 1851 ver-

106 1880 218 1915 satus
263 1875 599 1927 exercitatusque
645 1875 717 1921 sit,
764 1875 925 1916 nescire
969 1888 1013 1914 se
1059 1874 1183 1914 dicat.
1243 1874 1290 1913 In
1332 1874 1503 1914 incertis
1536 1874 1647 1914 enim
1678 1874 1783 1914 nihil
1816 1879 1877 1914 est

106 1937 346 1991 probabile:
378 1937 421 1976 in
453 1937 602 1990 quibus
633 1942 771 1977 autem
804 1942 891 1984 est,
922 1938 965 1977 in
995 1937 1048 1977 iis
1069 1950 1153 1977 non
1176 1936 1309 1976 deerit
1330 1937 1508 1989 sapienti
1530 1950 1606 1977 nec
1629 1937 1731 1991 quid
1751 1937 1877 1977 faciat

106 2013 182 2040 nec
222 2000 321 2052 quid
358 1998 621 2051 respondeat.
689 1996 776 2038 lll.
819 2001 879 2039 Ne
923 2000 1038 2039 illam
1083 1998 1252 2053 quidem
1293 1999 1631 2051 praetermisisti,
1679 2000 1874 2047 Luculle,

103 2062 471 2115 reprehensionem
502 2061 697 2101 Antiochi
728 2084 781 2089 -
812 2076 889 2102 nec
921 2062 1093 2110 mirum;
1125 2063 1167 2102 in
1198 2061 1345 2115 primis
1378 2062 1488 2101 enim
1520 2068 1583 2101 est
1612 2063 1766 2103 nobilis
1798 2076 1925 2110 ——‚30

105 2138 186 2178 qua
217 2124 379 2164 solebat
409 2123 547 2163 dicere
576 2123 808 2164 Antiochus
839 2124 1055 2164 Philonem
1080 2124 1260 2164 maxime
1286 2124 1588 2177 perturbatum.
1638 2125 1740 2165 Cum
1763 2126 1873 2165 enim

105 2191 340 2226 sumeretur
370 2199 522 2232 unum,
565 2200 656 2226 esse
689 2187 895 2239 quaedam
925 2187 1029 2226 falsa
1060 2187 1170 2233 visa,
1202 2187 1405 2234 alterum,
1437 2187 1542 2226 nihil
1575 2200 1623 2227 ea
1655 2187 1820 2227 differre
1851 2201 1875 2228 a

105 2249 234 2295 veris,
275 2261 360 2287 non
400 2248 627 2288 adtendere
666 2249 858 2302 superius
899 2248 1003 2289 illud
1046 2261 1093 2288 ea
1134 2263 1178 2289 re
1210 2262 1233 2288 a
1264 2262 1307 2288 se
1340 2262 1432 2289 esse
1465 2262 1730 2297 concessum,
1762 2249 1874 2301 quod

105 2310 314 2350 videretur
345 2324 434 2350 esse
467 2311 671 2363 quaedam
703 2311 747 2350 in
777 2311 878 2351 visis
910 2312 1173 2360 differentia3
1205 2325 1296 2351 eam
1328 2311 1417 2351 tolli
1451 2311 1605 2359 altem,
1639 2325 1723 2365 quo
1752 2317 1876 2364 neget

105 2372 193 2412 visa
223 2385 246 2411 a
284 2372 399 2412 falsis
430 2386 528 2412 vera
558 2373 745 2413 differre:
789 2373 894 2413 nihil
935 2379 1017 2413 tam
1057 2387 1305 2426 repugnare.
1364 2373 1411 2412 Id
1450 2373 1508 2413 ita
1549 2380 1677 2420 esset,
1722 2374 1756 2413 si
1797 2387 1923 2417 n0535

106 2447 248 2475 verum
279 2435 448 2474 omnino
479 2435 733 2476 tolleremus.
793 2437 885 2475 Non
916 2435 1116 2483 facimus3
1148 2449 1245 2474 nam
1275 2441 1359 2475 tam
1392 2448 1490 2475 vera
1511 2449 1636 2488 quam
1661 2434 1767 2475 falsa
1787 2449 1874 2475 cer-

107 2497 257 2536 nimus.
308 2497 389 2536 Sed
420 2498 626 2550 probandi
660 2499 818 2552 species
851 2504 934 2539 est:
979 2497 1238 2551 percipiendi
1270 2498 1434 2550 signum
1465 2498 1627 2537 nullum
1657 2496 1873 2538 habemus.

189 2663 221 2693 2.
247 2663 406 2702 credoque
422 2681 470 2686 --
486 2663 701 2695 exanclatum
725 2662 824 2695 affert
850 2664 979 2695 Nonius
1002 2673 1036 2705 p.
1062 2664 1132 2695 907.
1154 2682 1188 2686 —
1216 2662 1246 2695 4.
1274 2672 1336 2702 quo
1362 2666 1395 2693 uc
1419 2660 1457 2694 A¹
1483 2680 1516 2684 —
1544 2664 1575 2695 5.
1602 2664 1818 2704 defensionem
1834 2664 1872 2696 A¹

109 2729 142 2733 —
168 2711 199 2743 8.
225 2716 294 2744 stuc
317 2711 354 2744 Β1
382 2732 416 2736 -
455 2713 485 2744 9.
512 2714 545 2744 in
577 2722 661 2745 cons.
697 2714 887 2745 Manutius:
927 2718 955 2745 ec
986 2715 1017 2745 in
1057 2722 1142 2744 cons.
1171 2712 1273 2745 codd.
1304 2731 1337 2734 -
1378 2714 1430 2743 Η.
1458 2716 1566 2744 lamen
1595 2722 1672 2754 sup.
1698 2712 1755 2744 lin.
1784 2714 1806 2744 B
1832 2731 1874 2736 —

105 2760 174 2791 illut
199 2761 222 2792 B
250 2779 285 2784 —
320 2763 371 2794 ΛΞ.
398 2766 433 2793 ut
456 2763 506 2793 ais
529 2764 552 2793 B
578 2772 667 2794 corr.
697 2772 738 2794 ex
763 2764 876 2794 uitatis
902 2782 934 2786 -
971 2765 1138 2803 praessius
1161 2763 1200 2795 A¹
1227 2781 1261 2785 —
1295 2763 1343 2794 ¹4.
1371 2763 1456 2802 quod
1472 2780 1520 2786 --
1538 2763 1744 2794 contrarium
1768 2762 1874 2793 habet

105 2810 234 2841 Nonius
258 2819 291 2850 p.
312 2811 384 2843 463.
406 2831 440 2834 -
469 2814 520 2843 45.
548 2813 653 2852 ipsum
670 2821 739 2844 om.
759 2817 804 2851 A,
831 2814 864 2844 in
889 2814 912 2844 B
932 2813 988 2846 lin.
1008 2816 1210 2845 transversa
1230 2812 1313 2849 del..
1340 2814 1373 2843 at
1391 2814 1509 2844 tuetur
1525 2814 1655 2844 Nonius
1674 2830 1707 2834 —
1729 2813 1780 2844 46.
1800 2822 1875 2844 con-

100 2860 224 2898 prende
246 2859 283 2891 B¹
310 2878 343 2882 —-
375 2863 402 2892 si
426 2863 601 2902 quicquam
625 2863 803 2903 conprendi
823 2873 915 2902 posse
939 2873 1008 2896 om.
1038 2867 1060 2895 A
1078 2865 1102 2895 B
1130 2881 1164 2885 —-
1193 2864 1370 2902 quicquam
1395 2864 1439 2894 G:
1470 2863 1575 2903 ipsum
1600 2863 1624 2894 E
1652 2880 1687 2884 —
1716 2863 1766 2894 48.
1794 2863 1870 2894 sort.

101 2912 207 2948 posset
224 2926 259 2931 —
286 2915 460 2951 cognotam
475 2911 513 2943 B¹
532 2929 567 2934 —
597 2913 648 2944 2¹9.
672 2922 735 2951 quo
752 2913 898 2954 scripsi:
927 2914 982 2952 qui
1006 2915 1030 2945 A
1048 2915 1070 2945 Β
1087 2915 1123 2952 G,
1152 2915 1281 2954 quidem
1298 2914 1335 2951 E,
1356 2914 1441 2953 quod
1458 2923 1473 2945 ι·
1487 2914 1524 2950 0;
1552 2913 1594 2945 cf.
1614 2923 1645 2944 v,
1666 2912 1718 2945 34.
1742 2931 1775 2936 -—
1799 2922 1874 2953 per-

105 2958 180 2989 inde
194 2960 287 2998 quasi
302 2961 430 2999 sapiens
446 2965 504 2992 aut
520 2962 644 2993 nullum
661 2971 692 2994 α.
709 2963 739 2992 d.
755 2962 872 2994 habeat
889 2966 946 2993 au!
963 2964 1030 2994 sine
1047 2964 1078 2993 d.
1098 2973 1129 2994 v.
1151 2972 1250 3003 oyere
1265 2972 1330 2993 non
1351 2963 1452 3001 possit
1469 2963 1558 2993 coni.
1583 2962 1725 2994 Durand
1744 2963 1777 2993 in
1796 2971 1870 2994 cur.

107 3016 179 3039 sec.
207 3007 256 3039 Cf.
276 3009 389 3041 Davis.
409 3011 452 3042 ad
474 3011 508 3042 h.
527 3010 549 3043 l.
571 3028 605 3034 —
625 3013 678 3043 ⁶20.
697 3016 726 3044 et
744 3020 813 3044 om.
834 3014 871 3052 G,
897 3022 954 3044 nec
972 3012 1093 3044 Lamb.
1118 3031 1149 3035 —
1170 3013 1224 3044 ⁶2¹.
1244 3012 1299 3043 illa
1324 3013 1348 3043 B
1362 3013 1409 3044 E:
1436 3013 1488 3044 ille
1504 3015 1530 3044 Α
1545 3014 1569 3043 G
1583 3013 1620 3049 Ο,
1640 3013 1710 3043 alia
1726 3013 1870 3048 Dax·ies;

107 3056 286 3098 intellegas
311 3068 369 3099 ea,
396 3069 437 3091 ex
461 3060 589 3101 quibus
613 3063 719 3094 vitam
744 3063 822 3102 agit.
853 3080 887 3084 —
914 3062 966 3093 ΞΒ.
993 3072 1057 3093 non
1083 3070 1152 3093 om.
1171 3062 1195 3093 B
1218 3079 1249 3084 -
1278 3062 1331 3092 26.
1357 3071 1441 3093 vers.
1468 3064 1745 3101 excercitatusque
1768 3062 1807 3092 sit
1825 3063 1868 3092 G:

106 3111 260 3139 uersatur
285 3110 443 3148 (uersatus
465 3112 507 3149 B,
532 3113 571 3142 ut
592 3111 740 3150 videtur)
773 3112 972 3143 exercitatus
1003 3114 1028 3143 A
1044 3112 1065 3143 Β
1082 3112 1123 3149 13,
1156 3114 1306 3142 versetur
1329 3113 1530 3143 exercitatus
1553 3121 1588 3148 1·;
1622 3112 1698 3143 sort.
1725 3115 1873 3142 versatus

108 3160 153 3188 est
175 3160 273 3198 atque
297 3159 495 3190 exercitatus
521 3177 555 3181 —
581 3161 633 3191 ⁶27.
661 3162 772 3192 dicant
794 3163 835 3192 Α1
863 3180 895 3184 —
924 3162 977 3193 28.
1003 3162 1035 3192 in
1059 3162 1108 3192 his
1131 3161 1156 3192 Ο
1184 3179 1217 3183 -
1244 3169 1410 3200 neque--
1427 3170 1529 3201 neque
1553 3163 1578 3192 G
1601 3179 1628 3183 —
1660 3161 1712 3192 30.
1738 3169 1796 3191 nec
1818 3160 1871 3190 ui-

107 3215 183 3237 rum
205 3207 230 3238 B
257 3224 292 3228 —-
319 3207 372 3238 3¹.
396 3208 570 3247 philionem
592 3210 617 3240 B
643 3227 678 3232 —
706 3210 758 3242 33.
785 3219 824 3242 ea
846 3219 883 3242 re
906 3220 927 3242 α
950 3220 983 3242 se
1005 3220 1039 3242 r:
1067 3220 1088 3242 a
1111 3219 1144 3242 se
1169 3211 1249 3250 (om.
1269 3219 1309 3242 ea
1325 3212 1371 3249 re)
1397 3213 1422 3243 A
1440 3211 1460 3241 Β
1477 3212 1517 3249 Ε,
1545 3210 1608 3242 sed
1632 3210 1781 3242 habetA
1805 3219 1869 3248 as,

108 3257 132 3288 B
157 3265 178 3288 a
200 3265 233 3289 se
255 3258 404 3298 uterque
428 3259 463 3290 in
478 3267 546 3291 ras.
566 3260 717 3298 maiore;
745 3269 783 3293 ea
807 3266 836 3293 te
853 3263 896 3300 G,
922 3270 961 3294 ea
976 3270 1013 3293 re
1030 3270 1049 3291 v
1070 3278 1104 3282 —
1132 3259 1184 3292 34.
1203 3260 1289 3293 alter
1303 3261 1327 3292 B
1343 3261 1380 3300 E,
1407 3261 1504 3293 aliter
1519 3262 1547 3292 Α
1567 3278 1601 3283 -
1628 3260 1680 3292 35.
1700 3260 1812 3300 differe
1827 3261 1865 3291 A.
