2249 3624
313 146 394 187 364
519 197 522 200 ἢ
748 148 1178 190 TUSCULANARUM
1207 149 1647 191 DISPUTATIONUM

311 257 466 302 morte,
507 268 616 308 quae
656 255 728 308 qui
767 254 1026 302 recordetur,
1065 254 1179 294 haud
1218 267 1318 294 sane
1349 254 1580 308 periculum
1612 260 1676 296 est
1705 269 1759 296 ne
1788 269 1874 296 non
1905 262 2079 298 mortem

311 321 383 356 aut
411 316 633 370 optandam
662 321 733 356 aut
763 323 873 356 certe
904 329 990 355 non
1020 317 1248 356 timendam
1279 322 1411 370 putet.

424 379 531 418 XLI.
563 378 667 418 Mihi
697 379 866 439 quidem
896 379 940 418 in
970 380 1053 419 vita
1083 379 1288 420 servanda
1317 379 1485 419 videtur
1515 379 1587 420 illa
1617 380 1706 427 lex,
1739 394 1848 434 quae
1880 381 1924 421 in
1955 382 2082 422 Grae·

313 454 459 481 corum
490 441 692 481 conviviis
725 441 950 481 obtinetur.
1013 442 1118 481 «Aut
1155 442 1300 482 bibat»
1345 442 1482 495 inquit
1523 456 1541 479 (‹
1554 448 1627 482 aut
1657 443 1842 483 abeant»
1878 449 1918 484 et
1947 450 2082 493 recte;

280 508 385 543 aaut
414 503 526 543 enim
554 502 714 542 fruatur
744 503 896 556 aliquis
925 504 1084 558 pariter
1114 517 1206 544 cum
1238 504 1330 544 aliis
1361 504 1578 556 voluptate
1608 505 1778 559 potandi
1809 510 1902 553 aut,
1934 519 1985 545 ne
2017 520 2084 546 so-

311 566 428 605 brius
458 565 502 604 in
532 565 777 606 violentiam
797 567 1108 607 vinolentorum
1138 567 1313 614 incidat,
1344 571 1439 606 ante
1461 566 1665 607 discedat.
1715 567 1782 607 Sic
1803 568 1978 608 iniurias
2001 569 2084 608 for-

311 632 457 674 tunae,
496 640 601 681 quas
642 627 751 667 ferre
791 642 997 681 nequeas,
1039 629 1295 682 defugiendo
1334 629 1564 682 relinquas.
1621 630 1735 670 Haec
1767 631 1933 678 eadem,
1976 645 2084 686 quae

312 689 540 742 Epicurus,
573 689 746 730 totidem
777 692 915 731 verbis
948 692 1047 732 dicit
1076 692 1374 745 Hieronymus.

426 747 521 790 1149.
558 751 681 800 Quod
713 753 746 792 si
776 755 804 794 ii
836 753 1098 808 philosophi,
1130 767 1304 808 quorum
1337 767 1386 794 ea
1416 754 1623 794 sententia
1655 760 1738 802 est,
1774 759 1820 794 ut
1850 755 1981 796 virtus
2011 769 2086 809 per

263 824 298 853 to
314 826 358 853 se
388 814 479 866 ipsa
510 813 617 853 nihil
647 815 800 864 valeat,
832 830 1061 869 omneque,
1093 817 1207 870 quod
1231 817 1455 857 honestum
1477 829 1554 856 nos
1577 822 1618 857 et
1638 817 1849 857 laudabile
1872 831 1964 858 esse
1985 819 2087 859 dici-

312 889 422 923 mus,
453 875 495 915 id
526 875 589 915 illi
621 890 785 919 cassum
818 878 1019 933 quiddam
1053 885 1094 919 et
1122 880 1237 920 inani
1269 880 1383 919 vocis
1415 892 1518 920 sono
1551 879 1796 919 decoratum
1818 893 1909 920 esse
1932 880 2086 929 dicant,

313 939 350 979 ei
379 943 517 979 tamen
549 951 715 994 semper
743 941 912 982 beatum
945 947 1117 982 censent
1149 956 1240 983 esse
1273 942 1527 995 sapientem,
1559 942 1660 995 quid
1681 942 1850 982 tandem
1871 956 1895 983 a
1916 943 2086 984 Socrate

399 1127 430 1160 4.
458 1128 624 1166 optinetur
648 1128 693 1159 C:
720 1128 839 1160 obtinet
863 1129 888 1160 O
913 1137 995 1160 cum
1019 1130 1170 1161 Davisio.
1200 1130 1325 1160 «Recte
1350 1127 1502 1159 Klotzius
1528 1136 1571 1159 ex
1594 1127 1795 1169 Archetypo
1819 1128 1984 1161 obtinetur
2006 1131 2027 1162 i.
2055 1140 2086 1163 e.

312 1178 470 1215 tenetur,
497 1177 667 1209 retinetur
690 1195 729 1210 Ξ
753 1181 932 1216 servatum
959 1180 1038 1211 vide
1065 1180 1136 1212 Cic.
1164 1179 1295 1211 Partitt.
1323 1179 1415 1209 Orat.
1442 1177 1460 1217 S
1487 1177 1560 1208 430.
1591 1177 1731 1208 Terent.
1758 1178 1822 1209 Ad.
1848 1180 1903 1216 ΙΙΙ,
1930 1182 1960 1218 i,
1987 1181 2029 1212 26
2054 1183 2089 1213 et

313 1225 356 1257 cf.
382 1225 493 1257 verba
516 1229 625 1258 tenere
649 1227 805 1269 (Philipp.
834 1229 873 1267 V,
900 1229 971 1267 35),
1006 1230 1156 1261 retinere.
1185 1229 1335 1260 Obtinere
1358 1227 1518 1260 absolute
1543 1228 1588 1258 ita
1614 1228 1787 1268 positum,
1813 1231 1852 1259 ut
1875 1232 1969 1261 esset
1993 1231 2089 1263 idem

313 1275 409 1316 quod
432 1276 540 1307 locum
563 1276 722 1316 obtinere,
754 1278 883 1316 valere,
910 1279 1047 1312 durare.
1078 1279 1286 1311 recentioris
1312 1277 1457 1309 demum
1483 1277 1558 1308 aevi
1583 1277 1779 1317 putandum
1805 1280 1868 1310 est.
1907 1281 1995 1311 Nam
2019 1283 2087 1312 Ati.

312 1326 374 1363 IX,
401 1327 432 1364 7,
458 1326 478 1358 4
502 1326 661 1364 obtinere,
697 1331 735 1359 ut
758 1331 866 1359 tenere
889 1328 996 1360 Acad.
1024 1330 1063 1367 ΙΙ,
1091 1329 1149 1367 98,
1185 1331 1239 1360 est
1263 1337 1419 1365 causam,
1449 1336 1519 1358 rem
1543 1326 1705 1366 oblinere,
1730 1329 1862 1359 vin-cere
1886 1328 1941 1368 (cf.
1968 1329 2088 1362 FamIl.

311 1374 398 1413 VIII,
426 1375 457 1415 6,
483 1377 514 1408 5.
541 1375 625 1408 Plin.
653 1378 738 1418 Epp.
765 1379 850 1415 VIII,
878 1379 941 1419 tt).
969 1381 1006 1410 R.
1027 1382 1061 1411 Ρ,
1081 1380 1136 1416 VI,
1156 1380 1195 1410 47
1221 1379 1341 1416 subter,
1367 1378 1405 1408 ut
1428 1375 1532 1417 paulo
1557 1378 1637 1416 post
1659 1377 1761 1416 infra,
1788 1377 1947 1409 adverbii
1971 1378 2090 1412 locum

313 1424 459 1457 obtinet.
496 1427 599 1467 Apud
623 1428 819 1460 Sallustium
843 1430 915 1469 lug.
944 1430 996 1467 47,
1023 1430 1041 1460 7
1064 1429 1176 1468 fama,
1203 1437 1288 1467 quae
1306 1428 1525 1467 plerosque
1549 1425 1709 1457 obtinet
1735 1427 1782 1466 (z
1798 1429 1996 1469 occupavit,
2023 1430 2092 1460 im-

312 1474 429 1516 plevit)
455 1476 558 1517 paulo
582 1477 726 1510 brevius
752 1488 815 1520 pro
839 1480 949 1518 fama,
977 1489 1061 1519 quae
1084 1479 1193 1518 apud
1215 1479 1389 1517 plerosque
1412 1477 1519 1507 locum
1543 1476 1662 1507 obtinet
1686 1476 1818 1508 dictum
1844 1481 1898 1509 est
1923 1478 1982 1518 (ct.
2009 1488 2091 1520 spes

311 1534 369 1556 me
392 1527 536 1563 tenet);
566 1527 648 1559 ibid.
676 1528 728 1565 80.
756 1529 787 1565 7,
815 1530 842 1560 si
866 1529 1005 1569 vulgata
1030 1529 1133 1560 lectio
1158 1529 1266 1568 (nulla.
1287 1537 1349 1567 pro
1373 1527 1464 1558 socia
1487 1527 1663 1567 obtinet)
1687 1536 1771 1558 vera
1797 1529 1869 1565 est,
1896 1536 1937 1559 ex
1961 1530 2093 1560 animus

314 1575 401 1613 (viri)
431 1576 640 1608 multitudine
670 1578 867 1609 distrahitur
890 1578 1155 1618 intelligendum
1180 1581 1233 1610 est
1257 1579 1424 1616 animum,
1458 1579 1494 1608 ut
1525 1577 1644 1608 obtinet
1668 1578 1710 1609 sit
1735 1581 1837 1615 tenet,
1866 1578 2000 1616 retinet,
2027 1580 2091 1611 sed

311 1625 506 1657 videndum
531 1629 602 1666 est,
630 1637 672 1658 ne
699 1628 770 1659 sere
797 1629 954 1659 oninium
980 1629 1084 1660 codd.
1111 1630 1285 1669 scriptura
1311 1629 1435 1659 nullam
1461 1630 1519 1658 aut
1543 1628 1631 1668 ipsa,
1658 1629 1685 1659 si
1712 1636 1753 1658 ex
1778 1628 1910 1657 animus
1925 1626 2012 1667 (viri)
2034 1637 2094 1660 as-

312 1676 506 1716 sumpseris
529 1677 583 1707 ϊῖν
609 1678 669 1715 (ct.
697 1679 733 1709 T.
761 1680 801 1710 D.
828 1679 868 1716 V,
896 1680 961 1717 70),
990 1679 1141 1710 obtineri
1167 1680 1277 1720 possit
1304 1679 1343 1719 (i.
1371 1687 1403 1709 e.
1430 1677 1560 1708 nullam
1586 1678 1638 1708 vir
1661 1679 1697 1708 ut
1723 1678 1855 1709 sociam
1881 1678 2008 1717 tuetur)
2034 1680 2094 1710 aut

313 1723 444 1764 aliquid
473 1726 508 1757 in
539 1735 580 1758 ea
612 1728 684 1759 vitii
714 1727 818 1759 lateat
848 1729 956 1768 (nulla
984 1730 1036 1760 ius
1060 1738 1125 1768 pro
1153 1730 1240 1759 socia
1266 1727 1436 1767 obtinetff’).
1477 1725 1653 1758 Laudatur
1675 1727 1764 1758 Livii
1786 1725 1869 1757 illud
1895 1727 1990 1767 ‹QXXL
2017 1727 2090 1767 46):

311 1775 427 1806 malim
449 1776 487 1807 de
507 1777 575 1817 filio
598 1787 712 1809 verum
736 1787 813 1817 esse,
841 1780 946 1818 quod
969 1783 998 1810 et
1018 1780 1131 1819 plures
1149 1779 1316 1809 tradidere
1333 1780 1485 1808 auctores
1502 1779 1531 1806 et
1552 1776 1668 1815 fama
1692 1776 1896 1812 obtimum
1924 1778 1959 1807 at
1975 1786 2091 1818 neque

309 1825 404 1864 fama
428 1825 601 1860 ablativus
626 1831 695 1867 est,
722 1829 787 1861 sed
811 1830 1067 1867 nominativus,
1095 1831 1128 1860 et
1154 1829 1239 1868 quod
1264 1828 1443 1859 obiectum
1469 1827 1653 1866 utriusque
1679 1826 1875 1858 sententiae
1901 1835 2091 1860 commune

313 1878 367 1907 est
389 1876 598 1918 obtinuitque
623 1881 779 1911 servandi
803 1881 983 1912 notionem
1009 1880 1156 1911 obtinet.
1193 1878 1297 1919 Apud
1323 1876 1582 1918 Quinctilianum
1606 1877 1631 1915 1,
1654 1876 1686 1911 7,
1706 1875 1746 1907 30
1771 1876 1858 1915 quod
1882 1884 1952 1908 non
1977 1878 2093 1910 minus

313 1925 495 1959 obiectum
527 1930 723 1961 sententiae
749 1932 801 1961 est
827 1938 931 1970 quam
958 1930 998 1966 ΙΙ,
1025 1931 1056 1967 5,
1085 1930 1124 1961 48
1150 1932 1183 1961 et
1210 1930 1279 1965 Vll,
1307 1929 1336 1964 ’1,
1365 1928 1382 1958 6
1409 1926 1627 1958 subiectum:
1664 1934 1879 1966 quamquam
1905 1929 2024 1959 nescio
2049 1938 2093 1961 an

312 1976 543 2009 scribendum
569 1979 611 2009 sit
636 1980 698 2010 nisi
722 1980 828 2020 quid.
863 1980 949 2011 Cum
978 1980 1048 2011 Liv.
1068 1980 1153 2018 XXI,
1173 1979 1214 2011 46
1240 1978 1436 2019 comparari
1462 1975 1552 2008 solet
1576 1977 1600 2010 Ι,
1622 1975 1641 2007 4
1661 1976 1780 2007 Tenet
1802 1977 1896 2016 fama
1912 1978 2093 2018 ——lupam

312 2027 524 2068 --flexisse,
552 2036 658 2068 quem
686 2030 765 2060 Livii
792 2028 908 2060 locuni
934 2039 973 2060 ex
1001 2038 1124 2060 eorum
1150 2038 1312 2062 numero.
1342 2027 1402 2058 ubi
1428 2030 1536 2058 tenere
1559 2026 1661 2066 (usich
1684 2026 1828 2066 hatten»)
1852 2027 1997 2059 durandi
2020 2029 2091 2061 vim

313 2076 421 2108 habet
445 2078 495 2117 (ΙΙ,
523 2078 553 2109 3.
575 2078 627 2110 119.
648 2078 700 2111 47.
726 2080 842 2115 XXIII,
862 2079 914 2111 44.
942 2080 1056 2113 XXIV.
1077 2078 1128 2111 47.
1156 2079 1256 2116 XXV,
1276 2079 1328 2109 39.
1355 2077 1500 2113 XXXIII,
1520 2076 1573 2107 22.
1599 2076 1745 2114 XXXVI,
1772 2075 1837 2115 43),
1865 2077 2092 2110 eximendum

313 2135 392 2159 esse
418 2127 539 2166 docet,
572 2128 668 2168 quod
692 2129 873 2167 XXXVIII,
902 2130 941 2160 ⁴2
967 2128 1109 2168 legitur:
1141 2130 1300 2169 famaque
1328 2129 1392 2159 ita
1418 2128 1466 2166 (=
1490 2125 1594 2161 illud;
1628 2126 1670 2157 cf.
1698 2126 1836 2167 Madvig
1868 2126 1886 2167 g
1910 2127 1973 2159 395
2000 2138 2034 2160 n.
2061 2129 2091 2169 6)

313 2180 395 2208 tenet
421 2178 452 2218 (i.
480 2186 511 2208 e.
540 2177 693 2217 obtinet,
723 2179 965 2218 «belzauplet»},
994 2179 1139 2211 Celaenis
1162 2181 1337 2217 Marsyam
1361 2182 1501 2208 certasse
1525 2176 1579 2216 (cf.
1609 2177 1679 2209 Cic.
1701 2177 1824 2209 Parad.
1844 2178 1868 2215 Ι,
1888 2177 1918 2208 3.
1942 2177 1992 2209 44.
2020 2179 2091 2211 Fat.

313 2227 332 2268 ἓ
358 2228 409 2259 Ξῖ.
436 2227 506 2266 al.).
543 2229 574 2267 Ι,
602 2229 641 2259 Ι17
667 2229 753 2267 quod
782 2238 869 2259 nunc
899 2238 1026 2268 quoque
1058 2233 1167 2261 tenet
1198 2238 1312 2260 nomen
1344 2226 1551 2268 simpliciter
1582 2229 1653 2258 est:
1689 2229 1775 2266 quod
1802 2237 1888 2259 nunc
1914 2228 1969 2265 (id)
1995 2230 2094 2260 etiam

313 2287 399 2308 nunc
421 2279 554 2314 retinet,
585 2282 713 2317 servat,
746 2278 839 2309 habet
871 2279 930 2317 (cs.
958 2278 1072 2319 Virgil.
1101 2281 1186 2310 Aen.
1214 2279 1274 2316 VI,
1304 2278 1378 2310 ⁶235.
1407 2277 1503 2308 Ovid.
1531 2277 1611 2308 Met.
1638 2277 1693 2315 XI,
1721 2277 1794 2309 795.
1821 2277 1891 2314 Xll,
1919 2277 1993 2309 897.
2021 2277 2091 2318 al.).

314 2327 460 2359 Duobus
484 2327 548 2359 illis
573 2327 793 2366 Quinctiliani
818 2327 922 2367 Iocis,
951 2330 1008 2368 qui
1034 2338 1051 2359 a
1080 2329 1252 2360 Freundio
1277 2336 1419 2369 quoque
1448 2327 1687 2358 intransitivae
1713 2327 1857 2358 durandi
1882 2329 2012 2359 notioni
2036 2338 2095 2360 as—

314 2378 438 2418 signati
462 2380 562 2416 sunt,
590 2379 636 2417 II,
664 2380 694 2416 4,
723 2380 734 2409 t
766 2381 800 2410 et
824 2379 916 2416 VIII,
943 2380 974 2417 5,
1002 2380 1032 2417 2,
1061 2379 1189 2410 obiecti
1214 2379 1401 2419 primariae
1427 2378 1621 2408 sententiae
1647 2377 1763 2417 (tenuit
1781 2395 1816 2400 —-
1836 2377 1858 2408 i.
1885 2385 1916 2408 e.
1941 2377 2093 2417 obtinuit,

313 2429 465 2466 retinuit,
494 2429 637 2466 pervicit
663 2446 697 2449 —
726 2429 936 2468 consuetudo)
969 2430 1045 2460 vice
1077 2429 1171 2468 fungi
1205 2427 1452 2459 secundariam
1486 2436 1549 2467 per
1575 2431 1610 2457 ut
1633 2435 1807 2458 annexam
1833 2425 1989 2458 declarat
2013 2436 2094 2459 cum

314 2477 398 2509 illud
423 2479 579 2509 Suetonii
604 2479 680 2518 (Tit.
706 2478 755 2517 8):
789 2480 891 2510 tenuit
918 2479 1052 2519 (Titus),
1081 2487 1119 2510 ne
1143 2487 1239 2517 quem
1262 2479 1331 2509 sine
1354 2486 1412 2517 ope
1437 2478 1611 2508 dimitteret
1634 2476 1690 2516 (cf.
1712 2477 1782 2508 Cic.
1803 2475 1918 2508 Plane.
1937 2477 1969 2508 8.
1996 2477 2031 2509 T.
2052 2479 2092 2510 D.

314 2528 356 2566 V,
382 2526 423 2559 34
446 2541 485 2554 =
508 2528 547 2558 N.
574 2529 616 2559 D.
643 2529 668 2566 Ι,
695 2528 736 2559 95
760 2530 968 2560 retinendum
990 2528 1065 2559 hoc
1088 2538 1171 2565 esse,
1197 2529 1274 2559 deus
1297 2531 1341 2558 ut
1365 2527 1476 2558 beatus
1498 2528 1550 2557 sit.
1583 2527 1654 2557 Liv.
1682 2527 1720 2565 11,
1741 2526 1794 2558 42.
1820 2527 1876 2564 IV,
1897 2526 1949 2558 30.
1975 2527 2093 2566 XXIII,

314 2579 368 2610 20.
395 2577 479 2609 Plin.
506 2579 591 2619 Epp.
619 2579 673 2614 Vl,
700 2580 731 2616 5,
760 2579 803 2617 t),
830 2581 903 2610 tum
929 2579 997 2610 hoc
1031 2580 1140 2619 ipsius
1166 2577 1385 2617 Quinctiliani
1412 2578 1447 2617 (Ι,
1473 2578 1506 2613 5,
1533 2577 1602 2614 60):
1636 2580 1745 2608 ut--
1763 2577 1961 2615 dicerentur,
1992 2578 2095 2608 reti-

316 2631 513 2663 nuerunt;
541 2627 637 2668 quod
661 2628 716 2665 IX,
743 2627 775 2666 4,
802 2627 841 2659 47
867 2628 1004 2668 legitur,
1030 2630 1084 2659 sed
1106 2637 1223 2659 nornen
1248 2628 1329 2658 illud
1354 2631 1452 2664 tenet,
1481 2626 1515 2657 id
1541 2627 1686 2666 quidem
1711 2626 1766 2658 illo
1793 2626 1898 2658 modo
1924 2625 2096 2666 intelliga-

316 2680 372 2709 tur
396 2687 544 2710 necesse
570 2680 640 2716 est,
668 2678 731 2710 sed
757 2678 878 2709 dubito
903 2687 946 2709 an
971 2677 1199 2709 scribendum
1225 2679 1269 2709 sit
1292 2681 1418 2709 tenetur
1441 2678 1500 2707 aut
1525 2680 1631 2708 tenent
1647 2676 1721 2716 (alii
1742 2677 1864 2716 pedes).
1892 2677 1992 2715 Quod
2009 2686 2094 2709 vero

317 2736 398 2759 cum
423 2727 495 2764 alii,
522 2730 597 2759 tum
622 2728 816 2760 Freundius
841 2732 948 2759 tenere
974 2730 1088 2759 neutr.
1115 2729 1159 2758 ita
1177 2736 1318 2767 quoque
1344 2728 1500 2768 positum
1517 2726 1622 2758 fuisse
1640 2725 1730 2761 vult,
1758 2727 1795 2757 ut
1813 2728 1907 2758 esset
1923 2727 2097 2758 stationem

315 2778 451 2815 habere,
479 2786 598 2808 errare
624 2778 707 2808 mihi
733 2778 882 2809 videtur.
909 2779 998 2809 Nam
1023 2777 1116 2818 apud
1141 2778 1273 2808 Livium
1298 2778 1352 2813 ΙΙΙ,
1381 2778 1420 2808 62
1445 2781 1576 2807 tenuere
1594 2777 1625 2815 (i.
1647 2785 1677 2807 e.
1698 2777 1871 2815 retinuere)
1893 2776 2094 2809 subiectum

317 2828 460 2870 (Sabini)
486 2836 567 2858 cum
592 2827 821 2867 praecedenti
845 2827 1041 2868 prodoseos
1059 2826 1167 2858 serbo
1186 2830 1380 2865 aequassent
1399 2834 1588 2858 commune
1607 2824 1733 2861 habet;
1761 2825 1803 2857 cf.
1823 2826 1878 2864 VI,
1898 2826 1950 2858 44.
1976 2826 2093 2864 XXXI,

318 2879 370 2911 46.
396 2878 526 2914 XXXII,
555 2879 572 2908 5
598 2877 689 2917 (qua
714 2878 860 2909 abscisae
884 2886 982 2916 rupes
1005 2881 1118 2915 erant,
1144 2877 1240 2907 statio
1262 2885 1449 2915 paucorum
1474 2875 1628 2915 tenebat),
1656 2878 1693 2906 ut
1718 2876 1811 2915 VIrg.
1837 2878 1923 2908 Aen.
1950 2877 1990 2915 11,
2016 2876 2092 2914 505,

317 2937 385 2969 qua
409 2926 507 2959 solita
530 2926 812 2966 breviloquentia
838 2927 971 2958 dictum
997 2935 1075 2958 esse
1100 2936 1164 2967 pro
1186 2931 1315 2965 partem
1341 2926 1457 2967 (loca),
1492 2935 1558 2966 qua
1592 2925 1735 2966 (quibus)
1760 2924 1815 2957 vel
1841 2934 1883 2956 ex
1908 2933 1968 2964 eo,
2000 2924 2095 2965 quod

317 2976 501 3020 praecedit
532 2977 720 3016 (Asnaum
750 2977 996 3016 Athenayoram
1019 2978 1153 3017 tenere),
1186 2976 1327 3015 intelligi
1360 2978 1508 3017 poterat.
1550 2976 1667 3007 Tenere
1692 2974 1781 3006 facili
1806 2974 1961 3015 quadam
1985 2973 2095 3015 ellipsi

318 3037 382 3069 pro
405 3036 539 3058 cursum
562 3027 649 3066 (iter,
675 3032 782 3058 tenere
805 3028 922 3067 posuit
946 3026 1087 3058 Ovidius
1112 3028 1192 3057 Met.
1219 3028 1258 3060 Il,
1280 3026 1353 3057 tio.
1381 3026 1497 3056 Livius
1521 3026 1545 3061 Ι,
1567 3026 1596 3056 4.
1623 3025 1709 3063 XXI,
1728 3023 1780 3055 49.
1807 3025 1922 3061 XXXI,
1941 3024 2018 3056 45.»
2036 3025 2092 3056 W.

321 3094 355 3100 —
384 3077 414 3108 6.
442 3077 656 3107 uinulentiam
680 3076 754 3108 1²1²ss
785 3095 818 3099 -—
844 3080 921 3108 ante
945 3076 1070 3107 dicebat
1095 3078 1119 3107 G
1134 3078 1159 3107 R
1187 3094 1221 3098 —
1250 3076 1279 3107 ἕ).
1307 3076 1333 3106 si
1357 3075 1405 3106 his
1423 3075 1623 3114 philosophis
1641 3075 1664 3105 C
1687 3092 1720 3096 ——
1749 3075 1800 3105 40.
1820 3083 1993 3113 omnesque
2010 3074 2033 3105 C
2055 3091 2092 3098 -

319 3129 468 3158 dit-mnus
492 3128 569 3158 GR.
596 3126 682 3157 Vide
708 3127 750 3157 ad
777 3128 802 3157 ΙΙ
829 3129 846 3166 {a
872 3127 925 3158 47.
950 3145 984 3149 -
1014 3128 1063 3158 Μ.
1083 3127 1206 3163 dicunt,
1232 3129 1338 3156 tamen
1360 3125 1568 3156 Lambinus:
1596 3125 1708 3155 dicant
1723 3127 1752 3154 et
1768 3127 1879 3154 tamen
1896 3124 1940 3160 C;
1967 3123 2091 3162 dicant,

324 3177 374 3217 let]
400 3181 507 3207 lamen
534 3176 570 3207 O.
607 3176 824 3208 «Videndum
852 3179 903 3208 est
929 3186 972 3208 ne
993 3177 1115 3208 Cicero
1140 3176 1319 3216 scripserit
1343 3176 1371 3206 ei
1395 3179 1522 3209 tament
1549 3174 1592 3206 ct.
1612 3174 1695 3205 ibid.
1715 3182 1872 3213 omneque
1896 3173 1956 3213 (id)
1973 3173 2093 3212 quod-

320 3229 366 3259 id.
392 3228 447 3265 ΙΙΙ,
474 3227 509 3258 74
540 3227 573 3257 id
597 3228 780 3266 quod-id,
808 3227 848 3257 ab
873 3236 908 3258 eo
925 3245 942 3250 -
960 3227 1001 3258 ab
1025 3236 1071 3258 eo.
1100 3229 1123 3264 Ι,
1150 3227 1190 3258 73
1216 3226 1328 3256 illud·
1345 3226 1394 3256 id.
1430 3224 1575 3266 Philipp.
1603 3225 1642 3264 ll,
1663 3224 1715 3256 30.
1742 3222 1860 3256 Famil.
1879 3223 1967 3261 XIII,
1985 3223 2089 3261 57‚2.

322 3277 459 3318 Madvig
483 3277 528 3309 ad
551 3278 624 3308 Fin.
650 3276 690 3316 V,
716 3277 769 3308 ⁶22.
796 3278 851 3308 Sic
875 3277 981 3309 etiam
1004 3277 1060 3317 IV,
1086 3278 1127 3309 57
1151 3280 1181 3309 et
1203 3285 1266 3318 pro
1291 3276 1359 3307 ei.»
1384 3275 1440 3307 W.
