2249 3624
210 118 291 159 494
367 108 376 120 '⁴
871 120 940 159 DE
971 118 1326 158 DIVINATIONE

210 225 341 264 ullum
375 224 464 264 sine
496 223 707 276 locuplete
739 229 909 263 auctore
941 229 1067 276 atque
1100 228 1226 269 teste,
1270 235 1377 275 quae
1410 221 1509 275 quia
1539 226 1636 261 nota
1666 222 1742 262 tibi
1774 226 1892 270 sunt,
1922 235 1986 263 re-

210 286 385 339 linquo;
419 285 599 325 defendo
630 299 759 324 unum
791 285 893 324 hoc:
925 298 1155 338 numquam
1189 285 1291 324 illud
1315 284 1499 324 oraclum
1523 284 1696 336 Delphis
1720 289 1801 324 tam
1825 285 1987 325 celebre

211 354 252 387 et
287 354 368 387 tam
409 348 566 387 clarum
605 347 753 386 fuisset
791 360 929 400 neque
971 348 1096 386 tantis
1135 347 1255 386 donis
1287 346 1485 386 refertum
1517 349 1701 386 omnium
1736 347 1988 400 populorum

209 415 334 463 atque
365 424 531 463 regum,
564 410 642 449 nisi
675 410 810 448 omnis
842 415 956 448 aetas
985 409 1219 448 oraclorum
1242 408 1408 448 illorum
1432 408 1649 448 veritatem
1671 415 1782 448 esset
1803 415 1989 463 experta.

177 470 275 511 538.
308 472 422 511 Idem
454 473 536 511 iam
568 471 640 510 diu
674 484 757 509 non
790 470 902 510 facit.
954 471 1004 510 Ut
1035 471 1163 523 igitur
1194 485 1306 510 nunc
1337 473 1380 510 in
1412 471 1573 510 minore
1603 471 1736 524 gloria
1767 478 1849 520 est,
1893 473 1993 526 quia

210 535 347 573 minus
379 533 644 573 oraculorum
680 533 839 572 veritas*
865 532 1056 579 excellit,
1092 532 1151 571 sic
1182 538 1268 572 tum
1300 534 1380 573 nisi
1413 545 1572 572 summa
1603 533 1778 573 veritate
1805 534 1848 573 in
1878 539 1993 574 tanta

209 597 343 650 gloria
373 610 456 636 non
487 595 646 634 fuisset.
708 596 848 634 Potest
887 600 1026 634 autem
1065 594 1125 633 vis
1164 594 1234 634 illa
1267 600 1424 641 terrae,
1469 608 1576 648 quae
1606 592 1788 635 inentem
1820 594 1991 650 Pythiae

209 659 351 699 divino
384 658 540 698 adflatu
573 657 831 705 concitabat,
864 657 1087 697 evanuisse
1118 662 1353 705 vetustate,
1387 663 1430 697 ut
1462 657 1667 711 quosdam
1699 659 1920 699 evanuisse
1953 664 1994 699 et

210 721 425 763 exaruisse
466 733 611 759 amnes
651 725 724 759 aut
765 719 808 759 in
846 720 972 759 alium
1014 733 1180 759 cursum
1223 725 1437 760 contortos
1480 726 1521 759 et
1559 719 1747 761 deflexos
1786 721 1991 762 videmus.

160 793 194 821 ⁴0
211 786 314 832 Sed,
337 789 382 823 ut
410 783 493 829 vis,
516 781 741 831 acciderit3
777 794 926 836 magna
958 782 1070 822 enim
1103 784 1296 836 quaestio
1328 789 1412 823 est:
1449 783 1574 823 modo
1602 789 1767 823 maneat
1793 782 1855 831 id,
1877 783 1992 836 quod

209 847 354 900 negari
383 859 469 885 non
500 850 663 898 potest,
706 846 788 885 nisi
821 859 984 885 omnem
1016 845 1232 885 historiam
1264 846 1617 898 perverterimus,
1659 845 1801 885 multis
1842 846 1991 887 saeclis

208 923 335 950 verax
364 908 495 948 fuisse
526 907 569 946 id
601 907 835 947 oraculum.

321 972 414 1011 XX.
452 968 520 1009 39.
553 970 634 1010 Sed
668 971 907 1010 omittamus
940 970 1133 1018 oracula,
1173 970 1391 1010 veniamus
1423 971 1474 1009 ad
1509 971 1684 1011 somnia.
1744 972 1805 1011 De
1837 971 1990 1024 quibus

208 1036 424 1088 disputans
458 1033 717 1087 Chrysippus
757 1033 899 1072 multis
938 1038 979 1073 et
1016 1033 1186 1073 minutis
1229 1033 1403 1073 somniis
1443 1033 1691 1086 colligendis
1728 1032 1828 1073 facit
1865 1034 1990 1081 idem,

157 1106 192 1134 45
208 1097 321 1153 quod
354 1097 592 1150 Antipater,
634 1110 682 1136 ea
715 1096 997 1149 conquirens,
1030 1109 1138 1149 quae
1172 1096 1442 1149 Antiphontis
1474 1096 1823 1149 interpretatione
1855 1096 1992 1150 expli-

208 1167 301 1202 cata
331 1159 547 1199 declarant
577 1159 648 1198 illa
680 1159 847 1212 quidem
883 1172 1059 1198 acumen
1092 1158 1354 1212 interpretiS,
1377 1160 1449 1198 sed
1472 1159 1676 1212 exemplis
1698 1158 1991 1212 grandioribus

209 1223 349 1264 decuit
384 1222 458 1261 uti.
525 1222 701 1275 Dionysi
740 1227 896 1268 mater,
939 1221 1054 1268 eius,
1097 1220 1168 1273 qui
1204 1221 1524 1274 Syracosiorum
1560 1227 1765 1274 tyrannus
1802 1221 1906 1268 fuit,
1946 1224 1993 1260 ut

208 1287 409 1340 scriptum
441 1284 551 1338 apud
583 1284 804 1324 Philistum
838 1289 925 1330 est,
966 1289 1007 1323 et
1047 1283 1215 1322 doctum
1257 1283 1470 1324 hominem
1504 1290 1545 1324 et
1575 1284 1819 1337 diligentem
1851 1288 1893 1322 et
1923 1295 1992 1322 ae-

209 1350 375 1403 qualem
413 1354 649 1400 temporum
692 1347 881 1394 illorum,
923 1360 1016 1386 cum
1057 1359 1261 1398 praegnas
1300 1346 1410 1386 hunc
1450 1346 1585 1400 ipsum
1616 1346 1863 1399 Dionysium
1895 1344 1988 1385 alvo

159 1421 194 1449 20
209 1414 457 1457 contineret,
490 1411 715 1450 somniavit
746 1424 789 1449 se
823 1408 1039 1462 peperisse
1072 1409 1344 1448 Saturiscum.
1404 1409 1511 1448 Huic
1543 1409 1791 1462 interpretes
1822 1412 1991 1461 porten-

208 1483 368 1523 torum,
401 1474 472 1528 qui
505 1473 705 1513 Galeotae
738 1478 823 1512 tum
857 1472 899 1511 in
933 1471 1074 1511 Sicilia
1107 1470 1450 1518 nominabantur,
1492 1470 1824 1523 responderunt,
1857 1475 1903 1510 ut
1932 1470 1990 1510 ait

207 1540 420 1584 Philistus,
453 1549 560 1582 eum,
595 1549 720 1588 quem
752 1534 823 1573 illa
855 1534 1101 1587 peperisset,
1134 1532 1412 1572 clarissimum
1437 1533 1636 1573 Graeciae
1669 1532 1866 1573 diuturna
1896 1547 1988 1573 cum

206 1602 375 1643 fortuna
406 1600 510 1640 fore.
573 1596 638 1637 4-0.
670 1599 776 1637 Num
808 1602 848 1636 te
880 1596 933 1635 ad
964 1596 1125 1636 fabulas
1158 1609 1310 1635 revoco
1343 1596 1408 1635 vel
1440 1602 1675 1636 nostrorum
1710 1595 1775 1635 vel
1807 1595 1986 1636 Graeco-

207 1679 298 1705 rum
330 1663 581 1717 poetarum‘?
642 1662 789 1699 Narrat
820 1660 930 1698 enim
963 1664 1004 1698 et
1034 1659 1146 1712 apud
1177 1659 1359 1697 Ennium
1394 1658 1575 1697 Vestalis
1607 1658 1705 1698 illa:

156 1734 192 1762 25
375 1727 555 1766 Eccita
587 1737 694 1763 cum
727 1722 973 1763 tremulis
1006 1736 1136 1762 anus
1169 1721 1358 1761 attulit
1388 1721 1611 1760 artubus
1644 1721 1845 1768 lumen,

378 1789 527 1828 Talia
560 1793 662 1827 tum
695 1791 946 1826 memorat
977 1785 1255 1824 lacrimans
1289 1784 1559 1823 exterrita
1591 1797 1796 1823 somno:

376 1850 634 1904 Eurydica
666 1852 955 1901 prognata,
988 1852 1135 1900 pater
1167 1860 1312 1900 quam
1345 1851 1533 1886 noster
1563 1846 1783 1893 amavit,

377 1915 529 1953 Vires
562 1912 776 1964 vitaque
810 1923 1003 1962 corpus
1037 1923 1195 1949 meum
1228 1921 1361 1948 nunc
1395 1908 1600 1948 deserit
1631 1921 1790 1949 omne.

377 1979 495 2017 Nam
527 1988 599 2014 me
631 1974 782 2013 visus
814 1973 962 2012 homo
994 1972 1216 2025 pulcher
1246 1985 1339 2024 per
1372 1985 1596 2012 amoena
1627 1971 1820 2011 salicta

158 2049 195 2078 30
377 2041 437 2079 Et
467 2040 612 2092 ripas
643 2042 856 2090 raptare
888 2036 1142 2087 locosque
1174 2047 1371 2074 novos:
1412 2035 1492 2074 ita
1525 2035 1637 2075 sola

378 2105 499 2143 Post
529 2101 652 2147 illa,
686 2111 936 2152 germana
968 2109 1144 2144 soror,
1177 2110 1348 2137 errare
1381 2097 1594 2137 videbar

379 2165 659 2216 Tardaque
691 2162 967 2213 vestigare
1000 2166 1047 2199 et
1081 2173 1345 2213 quaerere
1378 2166 1427 2199 te
1460 2174 1625 2213 neque
1658 2173 1812 2214 posse

381 2228 542 2268 Corde
575 2238 873 2280 capessere:
906 2223 1101 2263 semita
1131 2222 1276 2262 nulla
1308 2223 1494 2275 pedem
1527 2223 1815 2263 stabilibat.

280 2289 345 2331 4l.
378 2290 522 2330 Exim
554 2287 884 2340 compellare
916 2291 1060 2339 pater
1092 2298 1165 2324 me
1197 2298 1328 2325 voce
1360 2285 1578 2325 videtur

159 2362 195 2390 35
378 2353 468 2393 His
499 2353 700 2391 verbis:
743 2350 776 2390 O
809 2355 989 2402 gnata,
1022 2348 1122 2388 tibi
1154 2354 1279 2388 sunt
1310 2354 1435 2388 ante
1468 2348 1744 2400 gerendae

297 2513 327 2542 4.
354 2509 411 2541 tibi
434 2511 515 2539 nota
539 2507 567 2538 H
601 2523 635 2528 -
673 2505 704 2537 ⁶2.
732 2505 859 2546 defenso
885 2506 913 2537 H
951 2524 984 2528 —
1023 2507 1052 2537 5.
1079 2505 1161 2545 facit
1186 2504 1231 2536 C:
1263 2505 1300 2544 fit
1324 2504 1496 2536 Davisius.
1528 2522 1561 2527 —-
1595 2513 1683 2535 nunc
1706 2511 1783 2544 sup.
1809 2502 1868 2536 lin.
1894 2504 1921 2536 A
1950 2522 1984 2528 --

1634 2561 1649 2580 C

207 2600 239 2631 in
266 2600 392 2630 minore
415 2596 590 2628 Davisius:
616 2595 743 2626 minore
760 2594 818 2625 CO
842 2611 876 2616 —
904 2594 933 2625 6.
956 2595 1001 2625 sic
1018 2602 1095 2634 sup.
1115 2592 1173 2624 lin.
1193 2595 1218 2624 Α
1235 2610 1269 2615 -
1297 2596 1373 2623 lunc
1398 2592 1460 2623 nisi
1486 2592 1521 2629 B,
1548 2592 1612 2623 nisi
1635 2595 1704 2622 tum
1729 2592 1755 2623 H
1782 2608 1818 2614 —
1846 2593 1877 2624 8.
1903 2602 1986 2625 eua-

207 2652 314 2681 nuisse
346 2653 374 2679 ct
407 2648 607 2688 (euanuisset
631 2643 681 2683 A¹)
714 2646 885 2676 exaruisse
918 2645 981 2676 AB
999 2645 1049 2675 H:
1087 2644 1258 2675 exaruisse
1282 2644 1386 2684 VfflO
1427 2661 1461 2665 —
1505 2644 1556 2674 40.
1582 2646 1654 2674 utut
1677 2643 1725 2674 vis
1754 2643 1910 2676 Ursinus.
1943 2661 1986 2667 —

208 2699 365 2732 occiderit
388 2698 505 2735 ΑΒΗ,
532 2696 595 2728 sed
621 2705 642 2727 a
667 2697 699 2726 in
726 2696 748 2726 B
776 2704 815 2725 ex
843 2703 931 2725 corr.
962 2712 995 2715 —
1029 2694 1075 2724 Η4
1105 2694 1227 2725 multas
1252 2695 1277 2725 H
1308 2712 1342 2716 —
1369 2694 1486 2725 seculis
1511 2694 1535 2724 Ο
1565 2711 1598 2715 —-
1628 2694 1679 2724 42.
1705 2703 1865 2725 aerarum
1890 2695 1918 2726 H
1942 2713 1986 2718 —

209 2750 357 2781 oraclum
384 2748 445 2778 HV
480 2765 514 2769 -
559 2748 606 2778 13.
634 2748 749 2778 omina
776 2746 827 2783 11¹,
860 2747 1030 2776 mittamus
1062 2745 1139 2775 cod.
1167 2744 1339 2777 [lniensis
1372 2745 1459 2774 teste
1488 2743 1636 2774 Mosero.
1670 2759 1705 2766 —
1744 2744 1860 2775 oracla
1884 2744 1985 2776 BHV

212 2816 246 2822 —
269 2799 318 2831 44.
339 2799 486 2837 disputas
503 2798 540 2828 A*
558 2815 591 2819 —
620 2798 719 2828 isdem
738 2797 775 2834 C,
794 2795 856 2827 sed
876 2794 916 2825 Ψ
932 2804 1022 2827 corr.
1042 2795 1137 2825 idem.
1159 2812 1191 2816 —
1222 2794 1274 2824 116.
1293 2792 1505 2833 modim-ibus
1522 2795 1558 2824 Αἱ
1580 2810 1616 2815 -
1644 2793 1694 2823 Π.
1715 2793 1843 2832 dyonisi
1858 2795 1918 2826 AB
1947 2811 1982 2816 —

207 2849 451 2888 syracosiorum
478 2848 550 2887 (sir.
577 2848 655 2884 BH)
684 2848 727 2878 C:
767 2847 1025 2885 Syracusiarum
1050 2845 1126 2876 A20
1163 2863 1195 2866 —-
1236 2844 1286 2874 49.
1311 2851 1481 2883 praeynas
1504 2845 1560 2874 ΑΗ
1585 2851 1778 2883 praegnans
1800 2844 1983 2875 A2BHvo

212 2918 247 2922 —
274 2899 481 2936 Satyriscum
506 2898 529 2929 O
558 2915 593 2919 —
619 2898 694 2928 hinc
719 2897 744 2927 H
775 2915 808 2919 —
838 2897 889 2927 21.
908 2895 1059 2936 yoleatae
1085 2894 1131 2929 H,
1158 2893 1322 2933 yallealae
1346 2893 1441 2923 ABV
1470 2910 1503 2914 -
1532 2896 1608 2923 tune
1631 2894 1670 2924 B2
1691 2910 1724 2915 —-
1754 2894 1806 2926 23.
1832 2903 1912 2925 num
1936 2894 1981 2925 C:

209 2958 294 2980 nunc
319 2947 455 2987 Erlang.
485 2965 519 2970 —
547 2948 591 2977 ad
615 2955 691 2987 sup.
718 2945 776 2977 lin.
804 2947 827 2977 B
855 2963 888 2967 -
918 2945 971 2976 24.
998 2948 1027 2975 et
1051 2943 1140 2983 apud
1166 2944 1210 2978 C3
1239 2942 1281 2973 cs.
1302 2942 1440 2981 Madvig
1457 2942 1501 2972 ad
1519 2943 1591 2974 Cic.
1619 2942 1663 2973 de
1689 2942 1772 2974 finn.
1798 2943 1922 2984 p.803.
1944 2959 1979 2966 —-

212 2998 346 3030 Vestalis
368 2998 429 3028 Ilia
455 2996 637 3028 Columna.
670 3013 704 3018 —-
738 2997 791 3027 25.
818 2997 922 3027 eccita
946 2994 1058 3025 Klotzz
1092 2997 1121 3024 et
1144 2993 1209 3023 cita
1233 2992 1353 3030 A13v1,
1387 2993 1498 3023 excita
1524 2993 1636 3023 HV²O
1672 3008 1707 3015 —
1741 2992 1873 3023 artubu’
1898 2992 1923 3024 Ο
1948 2994 1984 3024 et

209 3050 259 3081 sic
284 3056 438 3088 semper.
473 3064 507 3068 —
547 3047 597 3077 26.
626 3050 695 3077 tum
718 3049 878 3077 memorat
911 3046 952 3076 C:
986 3046 1218 3075 commemorat
1243 3044 1267 3073 O
1305 3059 1336 3063 -
1377 3042 1430 3072 ²27.
1457 3042 1619 3072 Euridica
1645 3042 1694 3078 H;
1728 3042 1899 3081 Eurydica
1920 3051 1982 3081 pro

208 3102 314 3139 gnata
334 3100 432 3136 paler
457 3096 546 3126 coni.
567 3094 668 3126 Orelli
694 3098 813 3126 contra
840 3102 1071 3126 numerorum
1096 3092 1203 3132 leges.
1235 3108 1269 3113 —
1298 3091 1350 3123 28.
1376 3093 1450 3122 uita
1471 3100 1581 3123 meum
1605 3101 1723 3130 corpus
1745 3101 1832 3123 nunc
1855 3093 1892 3131 B,
1918 3090 1982 3123 sed

208 3155 317 3178 meum
340 3154 430 3184 corp.
457 3145 489 3175 in
515 3154 598 3182 ras,
624 3145 795 3185 uitamque
819 3153 938 3184 corpus
960 3146 1109 3174 nostrum
1134 3142 1159 3171 H
1189 3159 1223 3163 —
1257 3142 1309 3172 29.
1337 3150 1456 3172 amena
1479 3142 1545 3172 AH
1572 3158 1606 3163 ——
1635 3142 1687 3174 30.
1714 3151 1804 3174 noua
1826 3142 1891 3174 sita
1913 3141 1983 3173 sola

211 3195 249 3229 B¹
278 3214 311 3219 —
339 3196 392 3227 32.
419 3203 555 3234 querere
578 3195 688 3233 utique
709 3203 803 3233 posse
827 3195 854 3225 H
881 3210 915 3215 —
944 3194 996 3225 33.
1022 3193 1172 3224 semitam
1194 3192 1321 3223 nullam
1345 3193 1373 3223 H
1400 3209 1434 3214 --
1463 3192 1516 3224 34.
1543 3193 1622 3224 eoein
1645 3191 1838 3232 A2HV(‘?)O
1865 3208 1899 3212 —
1926 3191 1979 3222 35.

209 3255 227 3277 ο
251 3248 355 3286 ynam
379 3252 455 3276 exc.
481 3244 587 3276 Pith.:
619 3248 763 3284 cognata
787 3245 869 3283 AB,
896 3244 1029 3285 coynica
1054 3242 1119 3274 HV
1147 3258 1181 3264 -—
1207 3243 1368 3282 ferundae
1391 3242 1564 3274 Davisius.
