2249 3624
295 150 378 194 382
894 153 965 194 DE
995 153 1220 194 DEORUM
1251 152 1465 194 NATURA

295 259 419 307 deos,
462 259 661 312 quoniam
700 259 845 299 insitas
883 272 1026 299 eorum
1065 259 1132 299 vel
1171 259 1311 312 potius
1348 259 1511 298 innatas
1553 259 1816 313 cognitiones
1847 258 2063 300 habemus.

292 323 353 362 De
390 336 473 375 quo
513 327 651 362 autem
692 322 881 361 omnium
922 327 1068 362 natura
1105 322 1337 369 consentit,
1380 321 1422 360 id
1463 335 1607 361 verum
1649 335 1741 361 esse
1772 335 1946 362 necesse
1979 327 2066 362 est:

291 384 421 436 igitur
450 384 551 425 deos
583 382 865 424 confitendum
897 389 971 424 est.
1018 384 1141 431 Quod
1164 384 1361 437 quoniam
1390 382 1477 423 fere
1500 389 1663 424 constat
1692 384 1802 424 inter
1823 385 1958 424 omnis
1980 398 2066 424 non

290 447 569 499 philosophos
613 447 767 494 solum,
808 446 880 486 sed
920 447 1043 486 etiam
1076 446 1292 493 indoctos,
1334 445 1539 485 fateamur
1570 451 1760 486 constare
1792 446 1897 486 illud
1930 448 2066 494 etiam,

257 508 396 549 5hanc
435 522 513 549 nos
553 509 707 549 habere
749 509 835 549 sive
872 509 1234 561 anticipationem,
1273 514 1319 548 ut
1348 513 1444 548 ante
1477 508 1586 556 dixi,
1629 509 1716 549 sive
1747 510 2064 564 praenotionem

289 571 464 611 deorum
496 595 550 600 -—
581 577 678 611 sunt
719 572 829 612 enim
869 571 993 611 rebus
1034 571 1155 610 novis
1186 584 1293 611 nova
1329 570 1524 624 ponenda
1555 572 1745 619 nomina,
1785 577 1833 612 ut
1861 572 2066 626 Epicurus

286 634 376 686 ipse
415 634 639 689 πρόληψιν
679 633 924 688 appellavit,
967 647 1091 686 quam
1133 639 1253 673 antea
1290 647 1414 673 nemo
1458 647 1508 674 eo
1548 635 1674 674 verbo
1717 635 1954 674 nominarat
1984 648 2065 674 —2

286 696 394 735 hanc
424 697 552 750 igitur
580 696 805 743 habemus,
844 701 891 734 ut
921 696 1022 735 deos
1051 696 1198 735 beatos
1231 702 1271 736 et
1301 696 1546 737 inmortales
1578 702 1786 750 putemus.
1846 695 1914 737 45.
1946 697 2065 746 Quae

287 759 397 798 enim
429 759 550 798 nobis
581 764 730 798 natura
750 757 1092 798 informationem
1115 758 1302 811 ipsorum
1327 759 1500 799 deorum
1524 758 1652 806 dedit,
1677 759 1823 800 eadem
1845 760 2067 814 insculpsit

240 822 327 860 toin
358 821 590 869 mentibus,
622 826 667 860 ut
697 834 769 860 eos
801 825 992 860 aeternos
1025 825 1065 860 et
1094 820 1239 860 beatos
1269 821 1535 861 haberemus.
1583 821 1704 869 Quod
1729 822 1762 862 si
1784 823 1840 862 ita
1861 828 1936 870 est,
1967 836 2064 862 vere

285 884 477 935 exposita
508 883 580 922 illa
611 884 817 923 sententia
849 889 911 923 est
942 883 992 922 ab
1023 883 1230 936 Epicuro,
1263 886 1374 937 quod
1408 884 1575 924 beatum
1598 889 1901 937 aeternumque
1923 885 1990 932 sit,
2020 884 2064 923 id

284 959 361 986 nec
391 945 547 985 habere
577 946 715 999 ipsum
746 945 907 998 negotii
939 946 1165 998 quicquam
1188 959 1265 985 nec
1287 946 1487 986 exhibere
1510 946 1646 993 alteri,
1678 946 1823 1000 itaque
1845 960 1981 1000 neque
2002 948 2065 987 ira

283 1022 421 1062 neque
462 1007 595 1061 gratia
639 1008 791 1055 teneri,
831 1007 946 1061 quod
979 1021 1087 1061 quae
1118 1009 1217 1048 talia
1250 1014 1391 1048 essent
1420 1008 1618 1048 inbecilla
1649 1014 1789 1048 essent
1819 1008 1973 1048 omnia.
2020 1009 2064 1048 Si

282 1071 387 1110 nihil
425 1070 539 1110 aliud
581 1083 878 1123 quaereremus
922 1070 1001 1109 nisi
1044 1075 1088 1110 ut
1119 1070 1221 1110 deos
1253 1071 1320 1124 pie
1353 1071 1588 1111 coleremus
1620 1077 1661 1110 et
1690 1077 1735 1111 ut
1765 1071 2064 1125 superstitione

224 1134 578 1180 ⁹15liberaremur‚
618 1132 718 1172 satis
751 1138 839 1172 erat
870 1132 1049 1180 dictum3
1087 1146 1182 1172 nam
1216 1138 1255 1172 et
1294 1138 1511 1185 praestans
1544 1134 1716 1173 deorum
1748 1139 1898 1173 natura
1926 1133 2064 1173 homi-

280 1211 381 1236 num
412 1196 568 1250 pietate
600 1195 823 1243 coleretur,
855 1208 948 1235 cum
981 1200 1022 1234 et
1052 1200 1222 1234 aeterna
1254 1200 1364 1235 esset
1396 1201 1437 1235 et
1467 1193 1709 1235 beatissima
1728 1221 1780 1227 —
1802 1196 1928 1236 habet
1952 1196 2061 1236 enim

280 1260 595 1299 venerationem
626 1258 779 1298 iustam
813 1257 1015 1312 quicquid
1048 1257 1217 1297 excellit
1238 1281 1317 1305 —‚
1349 1263 1389 1298 et
1420 1263 1555 1298 metus
1585 1258 1721 1298 omnis
1744 1272 1767 1299 a
1788 1259 1829 1298 vi
1853 1264 1980 1313 atque
2001 1259 2063 1299 ira

280 1322 452 1362 deorum
494 1321 637 1375 pulsus
677 1326 811 1369 esset;
850 1319 1106 1373 intellegitur
1148 1321 1260 1360 enim
1299 1333 1323 1360 a
1363 1320 1484 1360 beata
1515 1320 1810 1374 inmortalique
1841 1327 1989 1361 natura
2021 1326 2062 1360 et

279 1385 382 1424 iram
423 1389 463 1424 et
501 1384 677 1436 gratiam
709 1384 942 1436 segregari,
987 1383 1139 1436 quibus
1180 1383 1352 1423 remotis
1395 1383 1533 1423 nullos
1573 1396 1596 1423 a
1633 1383 1797 1436 superis
1828 1383 2060 1436 inpendere

227 1457 264 1486 20
279 1452 426 1486 metus.
473 1446 555 1486 Sed
587 1445 639 1486 ad
670 1445 777 1486 hanc
807 1443 1133 1485 confirmandam
1156 1445 1398 1498 opinionem
1426 1445 1614 1499 anquirit
1636 1446 1800 1486 animus
1823 1450 1863 1485 et
1882 1444 2058 1485 formam

279 1514 320 1549 et
350 1511 459 1550 vitae
490 1509 698 1549 actionem
729 1509 969 1561 mentisque
1001 1508 1273 1561 agitationem
1304 1508 1345 1547 in
1378 1510 1470 1548 deo.

391 1572 540 1611 XVIII.
572 1568 639 1609 46.
670 1572 729 1610 Ac
761 1571 813 1610 de
843 1571 977 1610 forma
1009 1569 1181 1623 quidem
1211 1570 1362 1623 partim
1394 1575 1543 1610 natura
1562 1583 1640 1610 nos
1663 1570 1878 1619 admonet,
1909 1570 2058 1625 partim

276 1635 383 1676 ratio
426 1634 560 1674 docet.
616 1635 718 1673 Nam
762 1647 785 1673 a
825 1638 972 1673 natura
1014 1630 1217 1672 habemus
1257 1646 1400 1672 omnes
1432 1634 1618 1673 omnium
1655 1634 1841 1686 gentium
1875 1634 2058 1687 speciem

276 1698 435 1738 nullam
466 1696 590 1737 aliam
621 1696 703 1736 nisi
733 1695 958 1736 humanam
993 1695 1192 1735 deorum:
1225 1709 1334 1749 quae
1366 1696 1477 1735 enim
1503 1695 1636 1736 forma
1659 1696 1742 1736 alia
1765 1698 1945 1736 occurrit
1966 1710 2059 1736 um-

225 1770 261 1800 25
277 1774 401 1814 quam
433 1764 502 1800 aut
532 1758 722 1812 vigilanti
753 1759 948 1811 cuiquam
981 1763 1052 1798 aut
1083 1758 1340 1797 dormienti?
1388 1758 1491 1805 Sed,
1533 1772 1586 1798 ne
1619 1759 1760 1798 omnia
1803 1764 2057 1799 revocentur

275 1823 327 1863 ad
359 1824 513 1876 primas
544 1821 759 1869 notiones,
799 1821 904 1860 ratio
936 1821 1015 1860 hoc
1046 1821 1157 1861 idem
1189 1821 1279 1874 ipsa
1313 1821 1509 1862 declarat.
1572 1820 1639 1862 47.
1670 1823 1775 1862 Nam
1808 1834 1902 1860 cum
1933 1833 2057 1874 prae-

275 1885 587 1925 stantissumam
618 1890 831 1931 naturam,
862 1884 928 1923 vel
960 1885 1057 1937 quia
1080 1885 1198 1924 beata
1220 1889 1283 1924 est
1303 1885 1369 1923 vel
1394 1886 1492 1938 quia
1515 1885 1794 1937 sempiterna,
1828 1884 2054 1924 convenire

274 1948 463 1988 videatur
493 1946 668 1986 eandem
701 1960 791 1986 esse
824 1946 1170 1999 pulcherrimam,
1207 1960 1315 2000 quae
1349 1948 1584 2000 conpositio
1618 1947 1912 1993 membrorum,
1945 1959 2055 1999 quae

274 2009 548 2050 conformatio
589 2009 951 2056 liniamentorum,
1000 2022 1106 2062 quae
1146 2008 1296 2061 ligura,
1344 2023 1453 2063 quae
1494 2011 1657 2063 species
1697 2010 1878 2049 humana
1917 2013 2056 2061 potest

222 2083 259 2114 30
274 2086 365 2113 esse
397 2070 641 2125 pulchrior?
692 2072 776 2111 Vos
808 2071 999 2124 quidem,
1038 2072 1191 2119 Lucili,
1233 2072 1374 2112 soletis
1406 2095 1459 2102 —
1490 2087 1585 2113 nam
1619 2073 1735 2113 Cotta
1778 2084 1895 2111 meus
1927 2072 2053 2112 modo

271 2135 370 2182 hoc,
403 2134 528 2174 modo
562 2133 664 2174 illud
686 2156 758 2182 --,
791 2148 884 2173 cum
917 2132 1136 2174 artificium
1169 2134 1366 2187 effingitis
1390 2135 1677 2190 fabricamque
1701 2135 1898 2182 divinam,
1930 2148 2054 2188 quam

272 2199 354 2238 sint
385 2197 524 2238 omnia
555 2197 596 2236 in
628 2197 805 2236 hominis
838 2194 969 2249 figura
1000 2210 1085 2235 non
1117 2199 1241 2237 modo
1273 2198 1325 2237 ad
1357 2211 1500 2245 usum,
1533 2212 1678 2238 verum
1702 2198 1825 2237 etiam
1847 2196 1899 2236 ad
1922 2210 2052 2237 venu-

272 2266 420 2301 statem
451 2265 570 2313 apta,
602 2259 851 2300 describere.
903 2257 968 2297 48.
1003 2259 1127 2307 Quod
1160 2261 1193 2300 si
1218 2261 1404 2300 omnium
1427 2261 1703 2301 animantium
1726 2259 1901 2299 formam
1923 2259 2054 2300 vincit

270 2323 451 2364 hominis
489 2320 644 2375 figura,
682 2322 784 2362 deus
825 2326 962 2361 autem
1000 2323 1189 2363 animans
1231 2329 1315 2370 est,
1357 2337 1405 2363 ea
1438 2322 1567 2377 figura
1598 2323 1786 2377 profecto
1819 2328 1904 2370 est,
1945 2335 2053 2376 quae

221 2386 549 2440 35pulcherrima
595 2390 655 2425 est
703 2384 911 2432 omnium,
959 2386 1246 2440 quoniamque
1296 2386 1398 2425 deos
1442 2384 1708 2426 beatissimos
1753 2398 1844 2425 esse
1877 2389 2054 2434 constat,

270 2447 418 2488 beatus
449 2452 589 2487 autem
622 2461 713 2487 esse
746 2448 836 2487 sine
869 2447 1023 2487 virtute
1055 2462 1177 2488 nemo
1209 2454 1350 2502 potest
1380 2462 1458 2488 nec
1490 2449 1623 2489 virtus
1657 2449 1747 2489 sine
1769 2448 1931 2488 ratione
1953 2461 2054 2488 con-

272 2516 380 2551 stare
412 2524 488 2550 nec
519 2510 623 2550 ratio
654 2523 832 2563 usquam
864 2510 1002 2550 inesse
1034 2511 1114 2550 nisi
1136 2511 1178 2550 in
1201 2511 1385 2551 hominis
1408 2509 1560 2564 figura,
1591 2511 1772 2551 hominis
1793 2524 1886 2550 esse
1908 2510 2051 2564 specie

271 2573 374 2613 deos
406 2571 686 2613 confitendum
719 2578 794 2612 est.
857 2570 924 2611 49.
955 2574 1041 2612 Nec
1072 2578 1212 2613 tamen
1244 2586 1293 2613 ea
1325 2574 1487 2626 species
1520 2587 1672 2626 corpus
1705 2578 1790 2619 est,
1824 2571 1898 2612 sed
1930 2570 2050 2626 quasi

270 2649 440 2689 corpus,
471 2648 549 2675 nec
579 2633 706 2675 habet
736 2634 1006 2688 sanguinem,
1038 2636 1111 2676 sed
1145 2636 1263 2689 quasi
1295 2636 1556 2690 sanguinem.
1610 2636 1723 2675 XIX.
1756 2634 1871 2675 Haec
1904 2647 2051 2688 quam-

356 2834 386 2866 3.
419 2834 486 2873 fere
518 2835 541 2865 B
557 2832 602 2865 E:
639 2834 712 2874 fieri
737 2834 761 2865 Α
779 2834 802 2865 C
818 2834 841 2865 P
875 2851 910 2856 ——
948 2832 979 2865 4.
1010 2834 1180 2873 fateamur
1213 2835 1314 2875 (corr.
1342 2842 1383 2865 ex
1405 2833 1562 2874 fatemur)
1589 2833 1634 2865 B:
1670 2833 1816 2874 fatemur
1840 2831 1983 2865 ACEP
2006 2848 2050 2855 -

266 2885 297 2917 5.
325 2884 594 2924 anticipatione·
614 2885 862 2923 -praenotione
894 2892 986 2915 corr.
1021 2892 1063 2914 ex
1095 2880 1336 2923 anticipatione
1353 2883 1635 2923 -—praenotione‘
1670 2883 1694 2914 C
1735 2899 1769 2906 —
1809 2883 1839 2914 7.
1862 2881 2049 2922 problebsin

266 2937 293 2966 A
308 2935 332 2966 E
349 2936 391 2971 1³3
413 2934 600 2974 proplebsin
626 2933 699 2973 (litt.
725 2935 805 2974 post
829 2943 847 2965 o
873 2942 974 2965 erasa
1000 2934 1035 2964 et
1058 2941 1236 2973 superscr.
1262 2933 1291 2972 b)
1317 2934 1360 2970 B3
1385 2933 1574 2973 problepsin
1598 2942 1690 2964 corr.
1711 2942 1752 2964 ex
1774 2931 1941 2972 prolebsin
1965 2931 1990 2963 C
2009 2947 2044 2953 -

267 2984 297 3015 9.
325 2985 460 3016 deorum
482 2986 629 3023 ipsorum
652 2984 677 3014 Ο
704 3001 739 3006 -
768 2983 820 3015 42.
847 2992 887 3014 ue
909 2983 1060 3015 exhibere
1086 2984 1109 3014 C
1139 3001 1173 3004 —
1202 2983 1253 3015 44.
1281 2985 1451 3022 querimus
1476 2986 1519 3022 Α,
1546 2984 1737 3023 quaerimus
1761 2983 1785 3014 C
1802 2984 1825 3014 P
1850 2999 1884 3004 —-
1913 2981 1966 3013 49.
1993 2982 2048 3012 in-

263 3034 381 3074 pedere
405 3042 493 3064 corr.
520 3034 554 3064 in
578 3033 726 3072 inpedire
749 3034 775 3064 A
804 3050 837 3055 -—
865 3033 918 3064 20.
946 3034 1095 3073 anquirit
1120 3042 1208 3064 corr.
1238 3035 1271 3064 in
1295 3034 1435 3072 inquirit
1460 3035 1482 3064 P
1511 3051 1545 3055 —
1576 3033 1630 3065 Ἥ.
1656 3033 1745 3064 vitae
1769 3032 1931 3063 actionem
1953 3039 2047 3062 men-

266 3084 369 3123 tisque
393 3084 608 3124 agitationem
633 3084 776 3114 Beierus
803 3083 858 3123 (ad
885 3084 957 3115 Cic.
977 3083 1020 3114 de
1047 3082 1141 3114 Offic.
1162 3083 1174 3113 1
1201 3082 1218 3122 g
1244 3083 1316 3122 47):
1342 3083 1445 3113 vitam
1470 3085 1499 3114 et
1523 3083 1686 3114 actionem
1708 3082 1824 3112 mentis
1848 3084 1948 3120 atque
1969 3080 2046 3120 ayt*-

267 3134 425 3165 tationem
449 3132 516 3165 ‘210
544 3151 579 3155 —
606 3134 658 3164 Ἡ.
684 3137 816 3172 partem
833 3138 1025 3173 --partem
1050 3131 1087 3164 B¹
1104 3134 1125 3164 P
1154 3150 1185 3153 —
1214 3131 1266 3163 ⁹24.
1295 3133 1363 3164 alia
1385 3133 1497 3173 forma
1522 3133 1546 3164 O
1575 3150 1609 3155 —
1637 3132 1690 3163 ⁶29.
1717 3131 1937 3172 conformatio
1961 3130 2041 3162 BP:

267 3183 475 3224 confirmatio
500 3184 525 3213 Α
541 3182 589 3218 Ε;
621 3182 778 3222 formatio
804 3183 828 3214 C
862 3199 897 3205 —
933 3183 985 3214 33.
1013 3182 1187 3214 discribere
1211 3182 1234 3213 B
1262 3199 1295 3204 —
1333 3182 1384 3213 35.
1406 3183 1634 3222 pulcherrima
1658 3184 1703 3213 est
1727 3180 1865 3221 Madvig
1890 3179 1944 3220 (ad
1969 3179 2042 3211 Cic.

269 3231 313 3263 de
338 3233 434 3263 Fiun.
461 3240 493 3273 p.
520 3230 612 3271 448):
638 3232 862 3271 pulcherrima
885 3232 925 3264 sit
949 3230 1017 3265 ςὶῑΟ
1046 3249 1080 3255 —-
1107 3232 1160 3264 36.
1187 3231 1299 3265 beatus
1322 3235 1431 3264 aulem
1454 3233 1521 3264 sine
1544 3231 1667 3264 virtute
1689 3240 1783 3263 nemo
1802 3232 1909 3271 potest
1931 3236 1996 3261 esse
2017 3229 2042 3261 P

273 3299 309 3305 —
336 3281 389 3314 37.
414 3281 450 3313 in
473 3289 543 3314 om.
568 3281 726 3313 ACEP.
