2249 3624
645 182 807 222 Lm.11.
850 182 1309 223 cmxvii—xvui.
1345 182 1405 236 §§
1428 182 1619 224 57—64..
1930 181 2004 223 701

252 290 424 332 multum
456 288 498 328 in
530 286 592 328 his
624 287 741 327 libris
773 293 939 328 secutus
972 302 1076 334 sum,
1108 303 1190 328 non
1224 290 1532 342 interpretatus,
1555 296 1595 330 et
1618 290 1842 330 Phalereus
1865 291 2012 330 Deme-

251 353 373 396 trius,
412 350 482 404 qui
514 350 735 396 Periclem,
776 352 1006 404 principem
1040 352 1262 397 Graeciae,
1295 352 1522 405 vituperat,
1555 353 1666 406 quod
1701 359 1854 393 tantam
1888 368 2013 406 pecu-

251 415 361 455 niam
392 414 433 452 in
467 412 681 466 praeclara
714 413 783 452 illa
816 414 1043 466 propylaea
1077 413 1318 454 coniecerit.
1365 416 1443 454 Sed
1479 415 1528 453 de
1561 416 1638 454 boc
1669 430 1820 467 genere
1852 423 1937 456 toto
1970 418 2010 456 in

250 476 301 516 iis
331 476 474 521 libris,
516 488 623 528 quos
655 474 707 514 de
739 488 782 513 re
817 476 984 527 publica
1015 477 1183 529 scripsi,
1225 477 1446 529 diligenter
1485 484 1547 517 est
1578 479 1847 531 disputatum.
1907 481 2012 519 Tota

250 539 377 592 igitur
406 538 512 578 ratio
544 537 688 576 talium
722 537 990 587 largitionum
1025 552 1177 588 genere
1208 539 1356 578 vitiosa
1381 545 1461 586 est,
1486 542 1742 593 temporibus
1766 543 2044 589 necessaria,5

251 607 291 641 et
321 606 407 640 tum
440 600 577 652 ipsum
610 605 651 638 et
681 599 731 638 ad
764 599 982 638 facultates
1013 601 1368 641 accommodanda
1391 608 1430 641 ct
1453 603 1737 642 mediocritate
1761 604 2013 643 moderanda

251 668 325 703 est.
385 663 533 701 XVllI.
567 658 633 700 til.
666 662 711 700 In
744 661 815 700 illo
848 667 984 701 autem
1019 663 1149 702 altero
1182 676 1334 713 genere
1367 664 1588 714 largiendi,
1633 666 1745 718 quod
1777 679 1798 705 a
1833 667 2013 706 liberali-

250 730 332 765 tate
362 722 650 777 proficiscitur,
684 737 766 763 non
800 738 882 763 uno
917 725 1041 763 modo
1074 726 1113 763 iu
1147 725 1385 777 disparibus
1417 728 1552 766 causis
1585 728 1735 768 adfecti
1768 743 1858 768 esse
1890 729 2014 769 debe-

250 800 354 826 mus.
414 786 505 826 Alia
546 800 671 826 causa
712 792 773 826 est
813 788 926 834 eius,
967 788 1035 840 qui
1078 788 1313 827 calamitate
1358 790 1580 840 premitur,
1624 802 1662 828 et
1695 792 1805 838 eius,
1845 793 1916 844 qui
1948 805 2014 831 res

249 849 442 888 meliores
483 850 648 902 quaerit
686 849 811 888 nullis
854 850 938 888 suis
979 850 1100 888 rebus
1139 850 1339 889 adversis.
1399 850 1464 890 (52.
1499 852 1749 904 Propensior
1779 854 2066 906 benignitasw

249 925 339 952 esse
382 911 553 951 debebit
594 911 637 950 in
680 912 972 958 calamitosos,
1019 912 1096 951 nisi
1136 912 1242 952 forte
1283 919 1405 952 erunt
1437 913 1547 965 digni
1581 916 1829 955 calamitate.
1889 918 1933 956 In
1966 919 2016 957 iis

252 980 410 1021 tamen,
445 974 516 1027 qui
550 987 593 1013 se
625 974 812 1014 adiuvari
847 975 1001 1021 volent,
1034 988 1117 1014 non
1150 989 1202 1015 ne
1234 974 1496 1027 adfligantur,
1528 977 1598 1015 sed
1631 984 1675 1016 ut
1706 979 1894 1018 altiorem
1927 994 2018 1032 gra-

253 1036 350 1077 dum
382 1037 632 1083 ascendant,
664 1037 845 1076 restricti
877 1038 1046 1077 omnino
1079 1050 1170 1077 esse
1201 1038 1318 1077 nullo
1351 1038 1476 1077 modo
1510 1039 1727 1087 debemus,
1767 1042 1837 1081 sed
1873 1042 1914 1082 in
1946 1043 2018 1082 de-

252 1099 430 1152 ligendis
464 1099 626 1139 idoneis
658 1099 855 1139 iudicium
880 1105 921 1139 et
943 1099 1202 1152 diligentiam
1225 1100 1439 1139 adhibere.
1480 1102 1581 1140 Nam
1605 1103 1814 1154 praeclare
1837 1105 2016 1145 Ennius:

477 1162 608 1201 Bene
646 1161 777 1201 sacta
816 1161 942 1201 male
981 1162 1143 1202 locata
1182 1163 1309 1202 male
1346 1162 1476 1202 facta
1513 1164 1745 1205 arbitror.
2032 1173 2066 1201 45

251 1221 317 1265 63.
360 1223 485 1272 Quod
526 1229 665 1264 autem
706 1225 908 1264 tributum
948 1231 1011 1265 est
1049 1225 1159 1265 bono
1192 1226 1282 1264 viro
1316 1231 1354 1265 et
1386 1230 1524 1278 grato,
1562 1226 1601 1265 in
1635 1240 1684 1266 eo
1716 1242 1808 1267 eum
1841 1242 1891 1268 ex
1924 1230 2016 1283 ipso

250 1285 408 1328 fructus
440 1292 523 1334 est,
565 1292 652 1326 tum
694 1287 820 1326 etiam
862 1301 914 1326 ex
945 1287 1109 1327 ceteris.
1171 1288 1421 1329 Temeritate
1453 1288 1564 1327 enim
1596 1295 1752 1328 remota
1785 1291 2018 1341 gratissima

251 1356 315 1390 est
343 1350 592 1396 liberalitas,
625 1362 760 1402 eoque
792 1362 882 1389 eam
915 1350 1144 1389 studiosius
1175 1350 1367 1403 plerique
1399 1350 1593 1397 laudant,
1625 1353 1734 1404 quod
1769 1354 1916 1392 summi
1949 1368 2018 1393 cu-

249 1414 397 1466 iusque
439 1412 605 1451 bonitas
645 1425 867 1451 commune
908 1411 1141 1465 perfugium
1189 1418 1251 1452 est
1288 1413 1489 1452 omnium.
1559 1414 1704 1453 Danda
1737 1414 1862 1466 igitur
1892 1428 2018 1468 opera

251 1480 312 1515 est
342 1479 389 1514 ut
420 1474 471 1514 iis
502 1474 717 1514 beneficiis
750 1487 874 1527 quam
906 1474 1107 1526 plurimos
1140 1473 1405 1523 adiiciamus,
1438 1488 1614 1528 quorum
1648 1477 1842 1516 memoria
1874 1477 2018 1517 liberis
2032 1486 2068 1515 20

249 1536 515 1590 posterisque
545 1536 768 1590 prodatur,
811 1541 857 1576 ut
895 1537 945 1575 iis
987 1537 1161 1589 ingratis
1194 1551 1285 1576 esse
1317 1551 1400 1577 non
1432 1538 1568 1577 liceat.
1629 1538 1783 1578 Omnes
1815 1541 1926 1579 enim
1957 1542 2019 1581 in-

248 1612 476 1638 memorem
517 1596 711 1638 beneficii
753 1599 933 1637 oderunt
974 1611 1151 1652 eamque
1189 1600 1382 1640 iniuriam
1415 1600 1457 1639 in
1490 1600 1739 1640 deterrenda
1771 1602 2018 1643 liberalitate

250 1661 327 1701 sibi
360 1661 483 1700 etiam
514 1661 606 1700 fieri
638 1674 842 1714 eumque,
887 1661 958 1714 qui
990 1660 1134 1708 faciat,
1176 1675 1439 1702 communem
1478 1662 1642 1702 hostem
1674 1664 1912 1706 tenuiorum
1943 1680 2020 1719 pu-

250 1727 351 1763 tant.
398 1724 535 1776 Atque
565 1723 669 1762 haee
700 1723 937 1775 benignitas
971 1723 1093 1762 etiam
1126 1724 1185 1763 rei
1218 1724 1414 1776 publicae
1447 1730 1507 1764 est
1539 1725 1667 1772 utilis,
1700 1725 1848 1766 redimi
1881 1741 1901 1766 e
1934 1741 2020 1767 ser-

251 1786 383 1826 vitute
416 1792 573 1839 captos,
605 1786 852 1838 locupletari
880 1785 1112 1825 tenuiores:
1146 1785 1259 1839 quod
1291 1786 1460 1838 quidem
1493 1787 1616 1839 volgo
1649 1788 1815 1828 solitum
1847 1790 1937 1830 fieri
1968 1791 2018 1830 ab
2032 1799 2068 1827 ⁶25

251 1847 399 1888 ordine
440 1853 584 1888 nostro
624 1849 667 1887 in
711 1850 899 1887 oratione
934 1848 1069 1887 Crassi
1102 1849 1298 1902 scriptum
1333 1850 1499 1902 copiose
1531 1849 1734 1890 videmus.
1794 1853 1909 1893 Hane
1941 1866 2018 1905 ego

252 1911 600 1950 consuetudinem
640 1910 909 1963 benignitatis
951 1910 1161 1962 largitioni
1206 1924 1423 1950 munerum
1467 1912 1591 1964 longe
1622 1918 1847 1967 antepono.
1907 1916 2020 1955 Haec

253 1978 314 2013 est
344 1973 529 2026 gravium
559 1969 774 2012 hominuin
807 1978 933 2025 atque
965 1985 1233 2025 magnorum,
1265 1973 1336 2012 illa
1367 1973 1486 2025 quasi
1518 1973 1831 2015 adsentatorum
1864 1977 2020 2030 populi,

252 2035 534 2075 multitudinis
566 2035 777 2075 levitatem
810 2035 1023 2088 voluptate
1046 2035 1167 2087 quasi
1191 2035 1464 2074 titillantium.
1524 2033 1590 2075 64.
1625 2038 1855 2078 Conveniet
1881 2045 2018 2079 autem

253 2110 344 2137 cum
376 2098 418 2137 in
451 2097 588 2137 dando
621 2095 863 2136 munificum
895 2111 987 2137 esse
1029 2102 1116 2136 tum
1158 2098 1201 2135 in
1234 2098 1440 2150 exigendo
1474 2112 1557 2137 non
1589 2100 1780 2140 acerbum
1813 2102 1854 2140 in
1888 2102 2020 2141 omni·
2034 2110 2070 2139 3ο

253 2172 333 2212 que
365 2173 408 2199 re
439 2159 741 2207 contrahenda,
775 2160 1000 2199 vendundo
1034 2159 1233 2206 emendo,
1266 2159 1537 2200 conducendo
1570 2160 1765 2209 locando,
1797 2164 2020 2203 vicinitati-

251 2221 329 2261 bus
361 2227 401 2261 et
434 2222 649 2269 confiniis,
682 2235 888 2275 aequum,
920 2222 1106 2268 facilem,
1138 2222 1268 2261 multa
1299 2223 1442 2261 multis
1482 2222 1533 2262 de
1565 2236 1639 2262 suo
1672 2224 1759 2263 iure
1791 2226 2020 2276 cedentem,

253 2296 276 2323 a
305 2283 448 2323 litibus
480 2298 593 2332 vero,
625 2290 828 2337 quantum
861 2283 981 2324 liceat
1013 2290 1053 2323 et
1083 2284 1226 2324 nescio
1249 2297 1299 2323 an
1322 2285 1449 2337 paulo
1471 2285 1567 2337 plus
1589 2286 1714 2326 etiam
1738 2300 1861 2339 quam
1884 2288 2020 2336 liceat,

253 2344 560 2386 abhorrentem.
630 2347 704 2386 Est
744 2347 852 2385 enim
893 2360 976 2386 non
1016 2346 1143 2386 modo
1182 2346 1353 2386 liberale
1394 2347 1565 2399 paulum
1597 2361 1680 2386 non
1712 2362 1937 2402 numquam
1970 2350 2020 2390 de

255 2420 329 2447 suo
366 2408 457 2447 iure
500 2407 726 2456 decedere,
767 2408 841 2447 sed
880 2408 1092 2448 interdum
1134 2409 1257 2448 etiam
1297 2409 1571 2448 fructuosum.
1638 2410 1841 2451 Habenda
1881 2417 2070 2452 autem35

255 2470 359 2510 ratio
391 2476 454 2510 est
484 2471 545 2511 rei
575 2470 810 2519 familiaris,
843 2483 968 2526 quam
1001 2471 1171 2524 quidem
1203 2471 1341 2511 delabi
1373 2471 1511 2510 sinere
1543 2472 1796 2525 flagitiosum
1830 2480 1914 2521 est,
1947 2475 2020 2514 sed

343 2612 374 2643 4.
400 2612 433 2643 in
458 2620 527 2644 om.
548 2620 595 2653 cp
622 2629 657 2634 —
685 2613 786 2644 secuti
808 2621 920 2643 sumus
942 2622 1008 2644 non
1030 2614 1241 2653 interpretati
1266 2621 1284 2645 e
1318 2632 1351 2636 -
1385 2614 1416 2645 ⁶2.
1441 2615 1582 2653 periclen
1608 2621 1657 2645 ac
1685 2632 1719 2637 —
1746 2616 1879 2656 gratiae
1902 2617 1955 2649 Bb
1983 2633 2019 2639 -

256 2659 287 2693 4.
312 2661 354 2693 iis
376 2662 419 2693 B:
451 2663 500 2693 his
523 2664 630 2701 Hah,
661 2663 723 2702 lu'J's
747 2670 765 2693 c
802 2680 836 2684 —
875 2663 1047 2703 diliqenler
1070 2672 1140 2694 om.
1168 2672 1186 2694 ο
1225 2682 1259 2685 ——
1297 2664 1501 2703 disputatum
1525 2667 1571 2695 est
1601 2673 1618 2695 c
1659 2683 1693 2688 —
1732 2666 1762 2696 5.
1787 2674 1911 2706 genera
1934 2667 1955 2698 b
1980 2684 2023 2690 —-

255 2713 443 2744 necessaria
467 2716 513 2744 est
535 2717 564 2744 et
587 2721 605 2744 c
633 2728 668 2735 -
697 2714 727 2744 6.
755 2716 823 2743 tum
847 2713 954 2752 ipsum
979 2714 1118 2745 ssuao:
1148 2723 1221 2744 cum
1246 2715 1352 2753 ipsum
1374 2715 1412 2750 b;
1439 2717 1549 2745 tamen
1572 2715 1643 2753 ipsa
1670 2723 1701 2746 o.
1739 2715 1788 2747 Cf.
1818 2716 1954 2757 Madvig
1977 2718 2021 2749 ad

258 2762 328 2794 Cic.
349 2763 392 2795 de
411 2763 520 2795 Finib.
540 2763 665 2804 p.⁶.>56.
695 2781 730 2786 —
758 2764 788 2793 7.
816 2766 860 2794 ese
885 2771 954 2794 om.
974 2771 992 2794 c
1019 2780 1053 2784 —
1082 2764 1148 2794 alio
1172 2772 1189 2794 c
1219 2782 1251 2786 —
1279 2764 1309 2796 8.
1329 2765 1438 2795 causis
1461 2773 1530 2796 om.
1551 2772 1568 2795 c
1597 2782 1631 2787 -—
1658 2765 1687 2795 9.
1707 2768 1736 2796 ec
1752 2767 1831 2808 eius]
1848 2769 1979 2799 etenim
2002 2777 2022 2809 p

259 2827 294 2833 —
323 2813 374 2844 Η.
399 2813 447 2844 his
472 2814 571 2853 llap,
597 2813 658 2852 hiJ's
682 2820 700 2843 ο
729 2830 763 2835 -
797 2814 850 2844 112.
877 2813 991 2844 uolunt
1014 2814 1034 2844 b
1063 2831 1097 2835 —
1125 2823 1164 2845 ne
1189 2816 1260 2853 tjp:
1289 2814 1346 2854 [ut]
1367 2823 1405 2845 ne
1430 2822 1448 2844 o
1488 2832 1522 2836 —
1562 2814 1613 2845 43.
1640 2823 1706 2845 esse
1728 2816 1817 2847 nullo
1840 2819 1935 2849 modo
1959 2827 2024 2849 esse

256 2860 403 2893 debemus
425 2864 446 2894 b
474 2880 508 2884 —
535 2863 589 2894 sed
615 2863 831 2902 intelliyemlis
854 2862 892 2898 b3
919 2863 974 2893 sed
998 2864 1029 2893 in
1056 2864 1228 2903 ‹liliyetidis
1251 2872 1272 2903 p
1299 2881 1331 2884 —
1363 2865 1414 2895 45.
1442 2863 1594 2903 beneficia
1619 2865 1704 2895 vitale
1727 2873 1774 2904 cp
1803 2883 1836 2888 —
1866 2867 1917 2898 46,
1937 2868 2022 2909 eum]

257 2913 325 2941 tum
347 2920 368 2950 p
395 2930 430 2934 —
458 2913 509 2943 47.
535 2913 741 2952 grauissima
766 2913 830 2951 B¹p
859 2930 892 2933 —
920 2912 960 2942 ⁶20
979 2913 1082 2943 etet.
1109 2913 1158 2943 his
1183 2913 1286 2952 Hap,
1313 2914 1373 2952 hiJ‘s
1397 2922 1414 2944 c
1444 2931 1475 2935 -
1505 2913 1732 2952 *zhprobetur
1753 2923 1774 2953 p
1804 2933 1836 2937 —
1864 2916 1917 2947 22.
1937 2918 2025 2949 dete-

256 2961 360 2992 renda
383 2962 531 2993 libertate
562 2970 583 3001 p
619 2979 661 2984 —-
696 2962 748 2993 23.
776 2962 963 2992 tenuiorum
991 2970 1056 2993 esse
1082 2966 1201 3001 putant
1231 2972 1248 2994 c
1287 2980 1321 2984 -—
1360 2962 1411 2993 024„
1438 2963 1540 3001 Atque
1563 2963 1642 2994 haec
1665 2963 2024 3004 beniqnttas--tenu-

256 3009 351 3041 iores.
377 3011 471 3042 Hanc
494 3020 615 3052 e90--
632 3014 732 3050 atque
755 3020 953 3051 magnorum
986 3013 1184 3043 Lactantius
1210 3013 1291 3043 lust.
1319 3012 1387 3042 div.
1414 3012 1468 3049 Vl,
1490 3012 1539 3043 42.
1576 3029 1610 3034 —
1648 3013 1700 3044 ⁹26.
1728 3022 1806 3054 eryo
1829 3016 1877 3047 ab
1905 3032 1939 3038 —
1967 3016 2022 3047 27.

257 3057 351 3099 longe
374 3068 440 3099 cp:
469 3070 538 3092 om.
558 3061 680 3092 BHab
711 3078 744 3082 —
772 3061 825 3091 28.
852 3064 897 3091 est
920 3070 1098 3101 superscr.
1119 3062 1151 3092 in
1176 3062 1196 3093 b
1225 3079 1258 3084 —
1287 3063 1381 3100 quasi
1406 3070 1582 3101 superscr.
1604 3063 1680 3093 ead.
1709 3072 1755 3095 m.
1779 3065 1811 3096 in
1836 3074 1857 3105 p
1882 3065 2023 3097 mallem

260 3107 413 3140 abesset.
435 3127 469 3131 —
497 3110 548 3141 29.
568 3109 787 3141 multitudinis
810 3118 875 3140 esse
897 3111 1129 3150 leuitatemque
1151 3120 1172 3151 p
1198 3128 1232 3133 -
1260 3111 1461 3150 uoluptatem
1486 3119 1532 3150 cp
1560 3129 1593 3133 —
1622 3112 1673 3143 30.
1692 3122 1765 3144 cum
1790 3116 1930 3146 eor1·.in
1955 3118 2024 3146 tum

259 3163 296 3194 c,
322 3160 391 3188 tum
413 3167 434 3198 p
462 3176 496 3181 —
529 3159 580 3190 3t.
608 3159 829 3190 contrahendo
852 3168 873 3198 p
901 3178 935 3182 —
962 3161 1130 3191 vendendo
1155 3169 1231 3192 aco
1259 3178 1292 3182 —
1322 3161 1460 3191 locando
1483 3162 1691 3193 conducendo
1714 3172 1734 3202 p
1762 3181 1795 3185 —
1829 3165 1965 3195 locando
1989 3165 2023 3195 in

260 3206 447 3238 ciuitatibus
469 3212 499 3239 et
521 3209 700 3249 confinibus
723 3217 818 3248 equm
842 3217 860 3239 c
888 3227 923 3232 ——
950 3209 1001 3241 33.
1029 3213 1058 3241 et
1081 3211 1187 3241 nescio
1205 3228 1252 3233 --
1269 3210 1365 3240 licea!
1389 3219 1457 3241 om.
1476 3210 1521 3247 ΙΙ,
1548 3211 1580 3241 in
1608 3220 1716 3252 marg.
1743 3221 1761 3243 a
1786 3222 1858 3244 sec.
1886 3222 1932 3244 m.
1959 3213 2023 3243 ha-

261 3253 322 3285 bet
344 3263 365 3294 p
399 3273 433 3278 —
469 3256 521 3289 34.
547 3268 612 3290 non
637 3268 817 3298 numquam
842 3268 1020 3300 superscr.
1047 3270 1119 3292 sec.
1149 3269 1193 3291 m.
1222 3261 1253 3291 in
1278 3268 1299 3299 p
1327 3278 1361 3283 —-
1393 3260 1445 3291 35.
1472 3261 1546 3292 iure
1568 3262 1680 3294 decere
1705 3263 1731 3294 11
1766 3280 1809 3286 —
1843 3263 1895 3294 36.
1921 3262 2022 3294 dilabi

263 3310 314 3335 οο
341 3321 374 3327 -
400 3307 567 3347 flayitium
590 3310 698 3340 est.et
719 3309 767 3339 ita
791 3315 851 3347 cp.
