2249 3624
323 150 404 191 266
754 153 1183 194 TUSCULANARUM
1209 155 1294 194 DIS
1301 155 1645 196 PUTATIONUM

322 258 508 297 rabilem.
566 258 682 298 Unde
719 258 845 310 igitur
875 259 1043 298 ordiar?
1083 273 1135 299 an
1172 260 1317 300 eadem
1346 262 1528 301 breviter
1559 261 1778 313 attingam,
1818 276 1925 315 quae
1957 263 2080 303 modo

325 319 432 366 dixi,
465 333 547 372 quo
577 320 740 360 facilius
772 322 903 360 oratio
935 322 1128 374 progredi
1161 325 1291 375 possit
1320 323 1516 376 longius?
1567 321 1632 361 43.
1656 324 1768 362 Inter
1790 324 1925 363 omnis
1955 326 2082 377 igitur

322 381 400 420 hoc
430 388 590 422 constat
620 396 696 421 nec
719 382 865 422 doctos
893 383 1084 422 homines
1107 384 1262 431 solum,
1296 385 1368 424 sed
1393 386 1517 425 etiam
1539 385 1752 431 indoctos,
1785 387 1966 425 virorum
1989 399 2080 426 esse

322 443 487 483 fortium
519 451 560 484 et
590 445 946 497 magnanimorum
979 450 1019 485 et
1048 446 1292 498 patientium
1315 453 1354 486 et
1377 448 1555 486 humana
1578 447 1830 486 vincentium
1854 448 2083 487 toleranter

290 505 508 545 5dolorem
540 507 649 559 pati,
692 520 768 546 nec
797 520 894 546 vero
927 507 1150 560 quisquam
1181 507 1259 546 fuit
1290 509 1360 561 qui
1395 522 1507 555 eum,
1547 508 1618 560 qui
1649 509 1705 547 ita
1738 514 1966 561 pateretur,
1998 523 2081 550 non

322 566 573 608 laudandum
618 574 795 621 putaret.
866 569 987 617 Quod
1036 583 1134 622 ergo
1177 576 1217 609 et
1256 571 1545 623 postulatura
1575 569 1751 609 fortibus
1794 577 1834 610 et
1878 571 2082 618 laudatur,

321 642 413 668 cum
445 628 506 677 fit,
537 630 577 670 id
609 637 680 670 aut
712 631 983 671 extimescere
1014 633 1186 672 veniens
1218 638 1288 672 aut
1318 647 1402 672 non
1430 633 1535 671 ferre
1563 645 1761 684 praesens
1792 647 1930 673 nonne
1963 640 2082 686 turpe

320 694 411 731 est‘?
443 693 598 746 Atquin
629 693 722 733 vide
755 707 827 740 ne,
859 708 951 733 Cum
983 708 1127 734 omnes
1159 701 1295 734 rectae
1316 696 1443 734 animi
1465 694 1724 733 adfectiones
1747 696 1918 734 virtutes
1941 696 2084 749 appel-

319 753 475 802 lentur,
522 769 603 795 non
649 757 703 795 sit
743 757 822 796 hoc
864 758 1080 810 proprium
1119 770 1272 796 nomen
1304 758 1513 802 omnium,
1561 757 1633 795 sed
1665 757 1715 796 ab
1748 770 1816 804 ea,
1862 771 1969 810 quae
2001 771 2084 797 una

271 818 466 856 ioceteris
505 818 756 865 excellebat,
797 833 940 859 omnes
979 821 1216 860 nominatae
1259 820 1354 859 sint.
1404 820 1625 872 Appellata
1667 825 1728 859 est
1768 820 1876 859 enim
1911 835 1963 860 ex
1994 823 2083 861 viro

318 879 470 926 virtus3
503 881 576 920 viri
606 886 745 920 autem
777 882 945 935 propria
977 883 1157 922 maxime
1187 888 1249 921 est
1277 882 1499 928 fortitudo,
1533 882 1649 921 cuius
1681 895 1851 921 munera
1883 882 1965 922 duo
1989 890 2085 923 sunt

317 941 511 989 maxima,
542 944 686 983 mortis
719 944 964 997 dolorisque
996 945 1264 997 contemptio.
1314 943 1522 983 Utendum
1557 949 1618 983 est
1656 945 1782 996 igitur
1811 945 1897 991 his,
1941 946 1975 984 si
2006 947 2085 985 vir-

318 1004 414 1042 tutis
453 1011 664 1058 compotes
704 1006 769 1045 vel
812 1007 951 1059 potius
992 1007 1025 1046 si
1057 1007 1130 1046 viri
1161 1007 1354 1046 volumus
1387 1019 1498 1052 esse,
1542 1006 1741 1059 quoniam
1773 1019 1796 1045 a
1826 1007 1924 1047 viris
1956 1008 2084 1048 virtus

316 1078 469 1105 nomen
501 1074 564 1107 est
594 1073 790 1108 mutuata.
844 1069 1028 1117 Quaeres
1052 1068 1250 1115 fortasse,
1286 1082 1370 1121 quo
1394 1068 1540 1114 modo,
1573 1073 1613 1107 et
1643 1074 1780 1115 recte;
1826 1069 1950 1109 talem
1973 1070 2083 1109 enim

267 1134 302 1162 ⁴5
318 1128 567 1169 medicinam
598 1130 865 1183 philosophia
896 1131 1125 1184 profitetur.

428 1192 542 1231 XIX.
574 1190 640 1232 44.
674 1193 797 1233 Venit
826 1195 1054 1247 Epicurm,
1089 1194 1213 1233 homo
1247 1194 1416 1233 minime
1449 1193 1582 1232 malus
1617 1194 1681 1233 vel
1713 1194 1854 1246 potius
1886 1195 1950 1234 vir
1979 1195 2085 1247 opti-

316 1269 432 1295 mus:
470 1261 630 1295 tantum
662 1261 824 1303 monet,
866 1262 1067 1309 quantum
1100 1256 1315 1308 intellegit.
1367 1255 1612 1308 «Neglege»
1646 1256 1785 1309 inquit
1819 1257 2083 1297 «dolorem».

318 1317 421 1365 Quis
452 1317 530 1357 hoc
563 1318 690 1357 dicit?
723 1317 833 1357 idem
867 1320 936 1371 qui
969 1319 1154 1358 dolorem
1176 1332 1383 1357 summum
1407 1318 1574 1357 malum.
1608 1319 1688 1357 Vix
1710 1320 1810 1358 satis
1833 1324 2084 1359 constanter.

315 1379 559 1419 Audiamus.
610 1380 685 1419 «Si
718 1394 905 1421 summus
937 1381 1059 1421 dolor
1090 1388 1181 1421 est»
1222 1381 1379 1434 inquit,
1415 1381 1614 1420 «brevem
1646 1395 1818 1421 neeesse
1850 1387 1913 1422 est
1944 1396 2036 1422 esse
2051 1398 2086 1421 ».

265 1447 302 1477 20
1018 1445 1156 1483 Itera
1190 1443 1302 1483 dum
1335 1444 1515 1483 eadem
1546 1444 1723 1483 istaec
1755 1444 1905 1484 mihi!

316 1518 398 1544 non
432 1505 542 1544 enim
584 1506 685 1545 satis
716 1506 916 1558 intellego
949 1506 1047 1558 quid
1081 1519 1288 1546 summum
1322 1506 1433 1545 dicas
1465 1519 1578 1553 esse,
1616 1506 1714 1559 quid
1745 1507 1884 1546 breve.
1935 1508 2087 1548 «Sum-

317 1579 426 1605 mum
459 1581 543 1618 quo
576 1568 679 1607 nihil
712 1571 763 1607 sit
795 1568 1013 1620 superius,
1046 1569 1170 1608 breve
1204 1581 1287 1621 quo
1320 1568 1423 1607 nihil
1444 1568 1626 1608 brevius.
1674 1568 1904 1609 Contemno
1927 1571 2087 1623 magni-

316 1629 502 1669 tudinem
535 1629 711 1677 doloris,
744 1644 767 1669 a
799 1644 881 1683 qua
913 1644 977 1670 me
1009 1631 1188 1670 brevitas
1218 1631 1414 1683 temporis
1438 1630 1665 1670 vindicabit
1686 1636 1782 1670 ante
1806 1644 1939 1683 paene
1961 1645 2085 1685 quam

316 1691 514 1730 venerit.»
571 1692 653 1731 Sed
695 1693 728 1732 si
772 1699 833 1732 est
876 1699 1014 1732 tantus
1059 1693 1177 1732 dolor
1218 1699 1399 1745 quantus
1440 1693 1724 1732 Philoctetae?
1779 1695 1919 1732 «Bene
1962 1694 2085 1746 plane

264 1760 301 1789 25
317 1767 490 1805 magnus
522 1754 620 1793 mihi
653 1755 819 1807 quidem
852 1755 1035 1801 videtur,
1068 1755 1139 1794 sed
1174 1761 1309 1794 tamen
1342 1769 1425 1794 non
1458 1769 1670 1801 summus;
1716 1755 1818 1795 nihil
1841 1757 1951 1795 enim
1974 1756 2087 1796 dolet

316 1817 396 1856 nisi
428 1830 522 1869 pes:
556 1824 735 1869 possunt
766 1818 896 1864 oculi,
931 1824 1068 1871 potest
1100 1824 1241 1870 caput,
1274 1818 1425 1863 latera,
1459 1818 1697 1868 pulmones,
1730 1824 1906 1870 possunt
1927 1819 2084 1858 omnia:

314 1879 436 1932 longe
479 1879 606 1932 igitur
647 1880 765 1919 abest
814 1894 835 1919 a
884 1894 1046 1919 summo
1089 1881 1244 1920 dolore.
1308 1881 1449 1931 Ergo»
1493 1880 1627 1933 inquit
1677 1880 1826 1919 «dolor
1867 1880 2086 1921 diuturnus

315 1941 441 1980 hahet
471 1942 653 1981 laetitiae
685 1942 777 1995 plus
811 1956 934 1995 quam
968 1943 1230 1982 molestiae».
1263 1940 1330 1981 45.
1378 1943 1499 1981 Hunc
1531 1955 1608 1993 ego
1634 1956 1713 1982 non
1736 1956 1905 1995 possum
1927 1948 2086 1982 tantum

316 2002 526 2042 hominem
566 2004 668 2044 nihil
708 2018 854 2058 sapere
896 2005 1056 2051 dicere,
1100 2006 1171 2044 sed
1205 2019 1281 2044 nos
1313 2005 1363 2044 ab
1396 2018 1444 2044 eo
1478 2005 1659 2043 derideri
1692 2011 1807 2057 puto.
1856 2005 1943 2057 Ego
1975 2019 2086 2044 sum-

265 2073 300 2101 30
317 2080 428 2106 mum
461 2067 646 2106 dolorem
678 2089 732 2096 —
764 2081 968 2107 summum
1002 2074 1138 2107 autem
1173 2067 1286 2114 dico,
1320 2069 1442 2106 etiam
1476 2067 1509 2106 si
1534 2067 1676 2106 decem
1700 2068 1850 2106 atomis
1873 2073 1936 2106 est
1957 2068 2087 2106 maior

386 2230 410 2259 l.
431 2230 603 2268 adtingam
620 2230 645 2259 G
662 2246 695 2251 —
719 2229 746 2259 Ξ,
768 2230 853 2266 qzwil
871 2231 894 2260 G
915 2230 1015 2261 (corr.
1035 2230 1066 2260 in
1086 2238 1147 2267 qno
1166 2237 1209 2259 ni.
1230 2229 1440 2259 recentiore.
1461 2228 1523 2259 sed
1542 2228 1692 2267 antiquat
1711 2245 1743 2248 —
1765 2227 1795 2258 4.
1815 2237 1939 2268 magma
1958 2229 2089 2259 animo-

315 2288 389 2309 rum
408 2280 464 2309 GR
488 2297 518 2300 —
541 2280 734 2310 tolleranter·
751 2280 774 2308 G
789 2281 809 2310 R
835 2297 866 2302 —
895 2280 923 2309 7.
939 2289 1043 2309 norme
1062 2281 1085 2309 G
1098 2280 1120 2310 B
1139 2289 1143 2308 :
1174 2288 1233 2309 nim
1254 2280 1276 2309 R
1298 2278 1368 2317 [sed
1388 2287 1477 2308 corr.
1499 2287 1544 2309 ni.
1567 2279 1709 2316 antiqua
1736 2279 1769 2308 in
1786 2280 1901 2312 nonne&
1924 2295 1956 2299 —
1985 2278 2015 2309 8.
2035 2282 2089 2309 al-

316 2330 395 2367 qm‘n.
419 2330 443 2359 G
460 2327 552 2359 R¹ss2
585 2330 677 2367 alqui
702 2328 789 2359 R'JO.
820 2329 868 2360 Cf.
891 2328 1033 2368 Philipp.
1054 2329 1080 2359 X
1106 2332 1123 2367 ξς
1154 2329 1199 2358 17.
1232 2346 1264 2349 -
1293 2329 1322 2358 9.
1352 2337 1439 2357 mma
1466 2336 1555 2357 corr.
1583 2328 1615 2358 in
1643 2336 1708 2357 ima
1733 2329 1758 2357 G
1784 2345 1819 2349 —
1853 2328 1904 2358 40.
1932 2328 2089 2359 eoecetleac

318 2379 549 2409 Camerarius.
581 2379 803 2409 «Rectissime
830 2388 869 2409 ex
896 2379 1098 2418 Archetypo
1124 2377 1248 2414 les-'itur
1270 2377 1446 2408 avellebat
1473 2377 1558 2414 ‚seius
1584 2379 1709 2412 aetate,
1735 2377 1792 2416 qui
1811 2378 1944 2417 primus
1965 2386 2088 2409 omnes

317 2431 431 2459 rectas
456 2429 560 2458 animi
586 2429 789 2458 affectiones
815 2428 961 2458 virtutes
987 2429 1209 2465 nominavitjz
1243 2427 1283 2458 cs.
1315 2427 1366 2461 tv,
1396 2426 1454 2457 54:
1489 2427 1573 2456 Bene
1598 2427 1699 2465 tymo-
1722 2428 1843 2463 nostri,
1874 2436 1948 2457 cum
1978 2430 2089 2459 omnia

318 2482 446 2509 essent
478 2480 507 2508 ιἰι
538 2478 682 2509 moribus
712 2479 811 2515 vilia,
846 2479 931 2516 (prod
963 2479 1087 2508 null-im
1119 2480 1208 2507 erat
1244 2476 1419 2506 iracundia
1443 2475 1585 2513 foedius,
1623 2477 1801 2506 iracundos
1830 2478 1913 2507 solos
1944 2487 2090 2509 morosos

319 2529 643 2559 nominaverunt.
673 2529 851 2567 Wopkens
870 2528 912 2558 nd
930 2530 967 2559 N.
990 2528 1027 2558 D.
1046 2529 1083 2563 Π,
1110 2528 1164 2557 1213
1185 2535 1317 2565 gaianus
1341 2526 1437 2555 asiam
1464 2526 1563 2555 dola
1588 2529 1630 2555 est
1655 2526 1835 2564 elephanto,
1863 2528 2005 2565 qzeic1‚--
2023 2528 2089 2568 dis-

314 2579 414 2618 siciles
437 2579 546 2609 aditus
570 2578 745 2608 habebat
770 2579 813 2608 ad
836 2582 977 2617 pastum.
1010 2579 1065 2611 At,
1098 2577 1212 2616 quibus
1236 2576 1342 2606 bestiis
1365 2579 1455 2605 era!
1481 2575 1508 2605 is
1532 2574 1636 2609 cibus,
1671 2580 1706 2605 ut
1723 2594 1771 2599 --
1787 2580 2005 2611 vesceremur.
2032 2579 2090 2608 aut

315 2628 402 2657 vires
425 2632 550 2658 natura
574 2629 684 2659 dedit
708 2632 765 2658 aut
789 2628 1019 2667 celeritatem).
1047 2628 1104 2666 qui
1130 2626 1245 2657 laudat
1268 2627 1306 2656 N.
1328 2626 1365 2655 1),
1387 2626 1425 2658 Il,
1446 2624 1486 2655 63
1515 2624 1735 2663 (qiynebantiz
1764 2625 1853 2656 adde
1870 2627 1908 2657 N.
1929 2627 1968 2657 D.
1991 2627 2029 2663 ll,
2049 2628 2082 2658 61

317 2677 587 2717 (ᾳιιία--θναῂᾋ
628 2679 678 2708 121
711 2678 958 2717 (([αὶ--εν-(ιί).
1003 2677 1188 2708 lndicativo
1223 2676 1329 2706 etiam
1362 2674 1492 2704 euellit
1525 2673 1589 2704 dici
1625 2676 1751 2713 potuit,
1788 2676 1824 2706 ut
1848 2676 1887 2705 N.
1915 2676 1954 2706 D.
1982 2677 2022 2712 ΙΙ,
2049 2676 2089 2707 68

317 2727 456 2757 insident
480 2730 513 2758 et
530 2732 573 2757 esl
591 2732 702 2758 tantus
721 2746 736 2750 -
750 2746 768 2750 -
785 2731 935 2767 apparel.
964 2727 1192 2758 Coniunctivo
1211 2726 1334 2756 Cicero
1353 2724 1495 2754 dixisset
1513 2724 1699 2761 eoerelleret,
1727 2726 1763 2754 ut.
1781 2725 1834 2761 ΙΙΙ,
1854 2725 1883 2756 9.
1911 2725 1970 2756 ubi
1988 2726 2090 2765 Treg-

317 2776 423 2806 derus
442 2779 535 2807 recte
551 2781 666 2816 posset.
695 2779 732 2809 N.
754 2779 790 2809 D.
810 2779 848 2811 ll.
870 2778 909 2808 69
927 2778 1052 2817 (Diana
1069 2777 1206 2807 (lictu.
1234 2776 1312 2812 quia
1329 2791 1375 2795 -—
1391 2773 1555 2813 efficeres).
1578 2773 1659 2803 ibid.
1680 2774 1840 2813 (veniret).
1862 2775 1913 2806 64.
1933 2775 2008 2806 7⁴2.»
2028 2776 2085 2807 W.

320 2843 355 2847 -
384 2827 435 2856 40,
463 2827 605 2864 apellata
639 2829 663 2857 (3
697 2845 732 2848 -
770 2827 820 2858 44,
851 2828 1049 2866 Quam-entes
1082 2825 1119 2856 (3¹
1148 2842 1181 2846 ss—
1222 2825 1272 2854 stt'j.
1306 2824 1631 2863 Venit--intellefflit
1656 2824 1834 2855 Charisius
1865 2834 1897 2865 p.
1924 2826 1999 2863 206,
2027 2826 2086 2862 49ς

321 2875 434 2906 Veniat
455 2893 497 2898 -—
515 2878 663 2915 optimus.
697 2878 727 2907 Is
757 2881 885 2907 tansum
905 2876 1112 2915 --intelliyo
1143 2875 1234 2905 Bake
1266 2873 1286 2904 l.
1314 2873 1333 2904 l.
1362 2882 1394 2913 p.
1422 2873 1462 2903 84
1487 2882 1539 2912 sq.
1567 2891 1608 2895 —
1641 2874 1691 2904 117.
1718 2878 1825 2905 monet
1855 2879 1884 2906 et
1915 2874 2036 2907 litteris
2061 2876 2091 2906 et

319 2926 500 2964 expunctis
526 2927 549 2956 G
579 2944 612 2947 —
646 2926 683 2956 Π
713 2928 745 2956 et
772 2926 822 2957 19.
850 2926 965 2964 inquid
989 2923 1027 2955 (3¹
1054 2942 1087 2946 —
1128 2924 1175 2954 ⁴9.
1205 2932 1328 2954 necesse
1352 2926 1395 2953 esc
1420 2922 1547 2953 brevem
1572 2931 1636 2954 esse
1660 2924 1684 2953 O
1712 2942 1746 2946 —
1776 2924 1826 2954 20.
1853 2925 2041 2956 iterandum
2064 2926 2088 2956 C

323 2990 356 2996 —
384 2975 482 3004 istaec
508 2976 697 3006 Manutius:
726 2978 791 3006 ism
815 2977 892 3007 CO.
921 2975 970 3007 Cf.
999 2973 1104 3005 Aeaci.
1131 2974 1156 3004 ll
1185 2973 1202 3012 ξς
1228 2973 1278 3004 88.
1310 2991 1343 2994 -
1371 2974 1422 3002 ⁶2¹.
1450 2972 1541 3003 breui
1567 2973 1628 3004 GR
1649 2990 1683 2994 —
1711 2974 1763 3004 22.
1791 2974 1877 3011 quod
1902 2974 1994 3013 (nihil
2016 2975 2090 3005 bre—

318 3022 405 3062 uius)
432 3022 469 3052 (2¹
492 3042 524 3045 -
551 3029 740 3064 contempno
767 3028 791 3055 G
805 3027 828 3056 P.
849 3042 883 3047 -
911 3026 964 3056 25.
991 3024 1126 3055 summis
1151 3021 1188 3054 G¹
1209 3040 1239 3044 —
1272 3022 1321 3052 26.
1349 3022 1458 3060 capud
1481 3020 1518 3051 (3¹
1540 3040 1571 3043 —
1602 3023 1652 3052 Ξῖ.
1672 3023 1787 3063 inquid
1804 3021 1842 3054 G¹
1863 3041 1896 3045 ——
1923 3023 1974 3054 ⁶38.
1995 3024 2090 3054 Nunc

321 3073 396 3104 CO.
425 3073 520 3111 «Ego
547 3076 604 3112 qui
631 3077 798 3112 nesciam,
825 3074 906 3114 quid
933 3083 1019 3104 nunc
1043 3072 1107 3104 sibi
1132 3071 1234 3107 velit,
1263 3080 1341 3102 cuni
1368 3070 1499 3110 aliquot
1524 3070 1704 3103 codicibus
1729 3072 1863 3103 scribo:
1897 3072 2008 3103 Hunc
2031 3081 2089 3112 eqo

320 3132 384 3153 -non
412 3132 541 3161 possum
574 3127 702 3153 cantum
732 3125 892 3154 hominem
925 3126 973 3163 (z
998 3124 1116 3162 utpote
1144 3122 1200 3161 qui
1227 3123 1341 3151 tantus
1366 3121 1472 3150 homo
1498 3123 1559 3157 est]
1594 3122 1675 3152 nihil
1705 3124 1772 3152 cet.
1813 3123 1879 3152 Per
1901 3122 1985 3152 hunc
2009 3124 2088 3162 apte

321 3172 583 3203 demonstratur
609 3174 792 3213 Epicurus,
820 3175 855 3203 ut
881 3174 1003 3204 Stoicis
1029 3172 1181 3212 quodam
1210 3170 1314 3201 modo
1332 3172 1549 3210 opponatur;
1578 3171 1620 3201 cs.
1649 3179 1738 3210 quae
1764 3171 1849 3202 infra
1875 3174 2084 3212 sequuntur:

323 3223 518 3253 Omittamus
548 3223 648 3253 hunc
678 3223 781 3264 ἰ’,ᾳὶιιιι-
797 3240 845 3245 --
858 3223 1026 3262 praebeat.
1065 3222 1201 3253 Aliunde
1234 3222 1335 3261 ι’ῃὶίιιι·
1359 3223 1404 3251 εει
1428 3221 1617 3259 quaerenda
1642 3222 1802 3252 medicina
1825 3225 1854 3253 ec
1877 3223 2025 3253 maz-ime
2048 3221 2088 3253 ab

320 3272 377 3311 ι’ἱε,
404 3272 463 3310 qui
487 3273 575 3303 cet.»
604 3272 657 3303 W.
