2249 3624
312 138 392 181 492
692 141 760 182 DE
791 141 1000 182 FsNlBUS
1033 140 1300 183 BONORUM
1329 142 1398 182 ET
1428 141 1695 183 MALORUM

311 265 412 292 saxa
451 252 641 293 discendi
683 252 909 305 cupiditate
948 252 1310 293 adhaerescerent.
1377 254 1438 294 Ita
1479 255 1591 294 enim
1627 252 1806 293 invitant
1836 252 1998 293 Ulixem
2027 274 2080 282 —

308 328 403 354 nam
435 316 559 363 verti,
590 321 635 355 ut
665 315 869 367 quaedam
900 315 1094 362 Homeri,
1127 315 1186 355 sic
1218 316 1344 356 istum
1375 317 1513 370 ipsum
1546 317 1684 357 locum
1718 330 1791 354 —-:

422 377 455 417 Ο
488 378 648 417 decus
679 377 1013 429 Argolicum,
1045 378 1177 430 quin
1210 379 1425 432 puppim
1455 379 1673 426 flectis,
1707 378 1910 425 Ulixes,

419 440 640 479 Auribus
671 444 723 478 ut
752 444 966 479 nostros
997 440 1176 492 possis
1207 453 1508 493 agnoscere
1540 442 1761 481 cantus!

275 514 293 542 5
418 502 534 541 Nam
566 515 705 541 nemo
736 501 858 541 haec
889 515 1119 555 umquam
1151 507 1228 542 est
1257 508 1578 543 transvectus
1611 503 1814 543 caerula
1846 515 2033 549 cursu,

419 563 552 611 Quin
584 564 732 616 prius
763 563 1053 604 adstiterit
1082 578 1269 604 vocum
1300 565 1601 606 dulcedine
1633 571 1795 618 captu
1814 579 1852 611 s,

418 627 540 665 Post
569 624 736 665 variis
766 624 922 665 avido
954 627 1192 666 satiatus
1224 633 1446 679 pectore
1478 628 1663 676 musis,

415 688 635 727 Doctior
662 687 722 727 ad
751 688 962 740 patrias
993 687 1181 741 lapsus
1212 690 1545 742 pervenerit
1576 703 1714 730 oras.

415 751 519 789 Nos
551 762 711 803 grave
743 755 1015 790 certamen
1047 751 1186 790 belli
1220 751 1540 805 clademque
1572 758 1844 799 tenemuS,

256 826 290 855 ⁴0
416 812 640 858 Graecia
670 826 818 865 quam
848 813 1037 853 Troiae
1070 813 1254 854 divino
1287 815 1503 854 numine
1535 815 1710 861 vexit,

417 874 712 927 Omniaque
745 888 766 914 e
797 874 930 915 latis
961 888 1134 916 rerum
1165 876 1400 929 vestigia
1432 877 1611 916 terris.

302 936 416 978 Vidit
452 937 663 977 Homerus
705 937 873 990 probari
913 937 1097 977 fabulam
1137 951 1221 977 non
1260 951 1407 991 posse,
1451 940 1485 978 si
1531 938 1811 978 cantiunculis
1843 944 1982 978 tantus
2016 939 2077 978 vir

301 1000 486 1040 irretitus
517 1005 749 1039 teneretur:
781 1000 998 1040 scientiam
1030 999 1306 1052 pollicentur,
1339 1014 1467 1053 quam
1500 1014 1587 1040 non
1620 1006 1709 1040 erat
1739 1001 1887 1041 mirum
1914 1001 2079 1055 sapien—

302 1062 384 1102 tiae
415 1062 569 1114 cupido
600 1062 733 1115 patria
763 1063 967 1103 cariorem
997 1076 1089 1102 esse.
1144 1063 1280 1114 Atque
1313 1063 1455 1102 omnia
1486 1063 1654 1115 quidem
1687 1063 1805 1110 scire,
1838 1063 2078 1103 cuiuscum—

254 1138 288 1166 215
304 1137 386 1178 que
428 1123 541 1163 modi
577 1125 676 1172 sint,
715 1138 867 1178 cupere
907 1125 1187 1171 curiosorum,
1232 1125 1325 1164 duci
1356 1137 1454 1164 vero
1489 1125 1692 1164 maiorum
1723 1139 1861 1165 rerum
1893 1131 2076 1165 contem-

303 1186 490 1239 platione
521 1185 573 1225 ad
605 1186 874 1240 cupiditatem
906 1187 1108 1227 scientiae
1139 1199 1398 1226 summorum
1430 1187 1616 1226 virorum
1649 1193 1712 1227 est
1742 1187 1988 1240 putandum.

415 1249 529 1288 XIX.
562 1247 628 1287 50.
662 1249 797 1297 Quem
830 1249 940 1289 enim
971 1249 1164 1289 ardorem
1197 1248 1323 1288 studii
1356 1250 1536 1289 censetis
1580 1249 1708 1289 fuisse
1741 1250 1783 1289 in
1814 1249 2075 1297 Archimede,

304 1313 374 1366 qui
404 1311 501 1351 dum
533 1312 576 1352 in
607 1311 779 1364 pulvere
812 1312 1018 1365 quaedam
1051 1311 1250 1352 describit
1279 1311 1500 1359 attentius,
1532 1325 1584 1351 ne
1616 1312 1792 1365 patriam
1816 1313 1987 1365 quidem
2011 1325 2076 1353 ca-

302 1380 414 1427 ptam
446 1387 536 1414 esse
569 1374 775 1414 senserit?
808 1380 1008 1428 quantum
1042 1373 1284 1413 Aristoxeni
1315 1373 1532 1426 ingenium
1564 1379 1860 1426 consumptum
1887 1374 2076 1414 videmus

252 1437 346 1479 ‘zoin
377 1437 578 1477 musicis?
610 1450 695 1490 quo
719 1436 858 1477 studio
879 1436 1202 1490 Aristophanem
1225 1440 1422 1488 putamus
1444 1441 1621 1476 aetatem
1645 1437 1684 1475 in
1708 1436 1858 1476 litteris
1881 1436 2075 1477 duxisse?

304 1500 416 1549 Quid
447 1500 498 1540 de
530 1499 792 1553 Pythagora?
835 1499 934 1552 quid
967 1498 1017 1537 de
1049 1499 1222 1538 Platone
1254 1503 1326 1537 aut
1356 1498 1406 1537 de
1438 1499 1677 1538 Democrito
1709 1498 1891 1551 loquar?
1929 1512 1952 1538 a
1983 1499 2074 1551 qui-

301 1563 380 1602 bus
410 1568 579 1616 propter
609 1560 798 1601 discendi
831 1560 1103 1613 cupiditatem
1133 1559 1324 1599 videmus
1355 1560 1524 1600 ultimas
1556 1566 1686 1601 terras
1709 1574 1800 1600 esse
1823 1567 2075 1614 peragratas.

303 1625 420 1673 Quae
443 1625 513 1678 qui
536 1638 616 1664 non
640 1623 783 1663 vident
805 1622 909 1662 nihil
931 1636 1131 1675 umquam
1150 1623 1176 1672 ἦ
1193 1635 1342 1674 magna
1360 1624 1596 1675 cognitione
1619 1623 1793 1676 dignum
1815 1628 2073 1663 amaverunt.

300 1689 438 1741 Atque
469 1687 548 1726 hoc
579 1686 670 1726 loco
709 1685 779 1738 qui
811 1690 982 1738 propter
1013 1684 1139 1724 animi
1164 1684 1401 1737 voluptates
1425 1685 1505 1725 coli
1528 1686 1676 1725 dicunt
1706 1699 1754 1725 ea
1783 1685 1932 1732 studia,
1966 1698 2072 1738 quae

250 1763 286 1791 25
302 1749 407 1797 dixi,
438 1763 522 1789 non
553 1748 805 1800 intellegunt
835 1747 992 1786 idcirco
1024 1760 1116 1787 esse
1148 1760 1196 1786 ea
1226 1752 1399 1799 propter
1430 1761 1474 1786 se
1507 1747 1770 1800 expetenda,
1813 1747 1925 1801 quod
1956 1747 2073 1786 nulla

301 1812 480 1852 utilitate
520 1811 681 1851 obiecta
717 1809 978 1849 delectentur
1017 1810 1145 1849 animi
1176 1815 1302 1862 atque
1334 1810 1426 1862 ipsa
1456 1810 1653 1857 scientia,
1695 1809 1820 1849 etiam
1852 1809 1885 1848 si
1915 1809 2072 1848 incom-

300 1875 518 1914 modatura
550 1874 625 1921 sit,
657 1872 882 1926 gaudeant.
932 1869 1000 1912 5l.
1033 1872 1114 1912 Sed
1147 1871 1248 1924 quid
1280 1871 1428 1911 attinet
1449 1871 1500 1911 de
1522 1872 1647 1911 rebus
1668 1877 1751 1911 tam
1774 1871 1931 1924 apertis
1954 1871 2072 1923 plura

299 1937 541 1990 requirere?
573 1936 657 1989 Ipsi
690 1936 800 1975 enim
835 1948 1085 1988 quaeramus
1118 1947 1141 1974 a
1171 1934 1313 1980 nobis,
1346 1933 1560 1973 stellarum
1594 1939 1730 1974 motus
1753 1932 2072 1986 contemplatio-

299 2012 460 2053 nesque
500 2012 638 2038 rerum
679 1998 921 2038 caelestium
955 2011 1186 2050 eorumque
1219 1996 1428 2043 omnium,
1471 2009 1577 2049 quae
1615 2001 1788 2035 naturae
1821 1994 2072 2034 obscuritate

249 2075 286 2103 30
300 2062 578 2108 occultantur,
610 2061 867 2114 cognitiones
900 2074 1025 2113 quem
1057 2060 1108 2099 ad
1140 2059 1309 2099 modum
1341 2071 1418 2098 nos
1445 2063 1661 2105 moveant,
1694 2063 1734 2098 et
1765 2057 1866 2111 quid
1897 2057 2073 2097 historia

299 2124 496 2172 delectet,
539 2136 663 2177 quam
695 2122 879 2162 solemus
912 2122 1109 2176 persequi
1142 2135 1276 2174 usque
1308 2121 1359 2160 ad
1393 2125 1650 2167 extremum,
1681 2120 1977 2173 praetermissa
2007 2133 2072 2159 re-

298 2187 503 2240 petimus,
542 2186 737 2225 inchoata
775 2185 1079 2238 persequimur.
1139 2185 1224 2223 Nec
1265 2196 1362 2222 vero
1403 2196 1494 2222 sum
1526 2182 1692 2223 nescius
1726 2196 1816 2222 esse
1850 2183 2071 2222 utilitatem

297 2250 340 2289 in
370 2250 563 2295 historia,
595 2261 677 2288 non
710 2247 833 2287 modo
866 2246 1140 2299 voluptatem.
1194 2245 1335 2293 Quid?
1369 2258 1464 2284 cum
1496 2243 1611 2285 fictas
1642 2243 1825 2292 fabulas,
1863 2258 1884 2284 e
1917 2244 2070 2298 quibus

298 2312 458 2351 utilitas
489 2310 603 2350 nulla
635 2309 729 2349 elici
762 2313 920 2362 potest,
960 2322 1052 2348 cum
1085 2308 1298 2361 voluptate
1330 2307 1541 2359 legimus?
1601 2305 1667 2345 52.
1701 2307 1843 2354 Quid?
1875 2321 1967 2347 cum
1998 2320 2071 2347 vo-

248 2373 434 2413 35lumus
473 2373 644 2412 nomina
683 2385 850 2418 eorum,
892 2371 963 2424 qui
1005 2370 1107 2425 quid
1149 2370 1378 2423 gesserint,
1418 2375 1517 2409 nota
1551 2369 1672 2409 nohis
1705 2382 1815 2416 esse,
1852 2375 2069 2422 parentes,

297 2435 497 2488 patriam,
540 2433 668 2474 multa
699 2439 915 2487 praeterea
945 2434 1116 2473 minime
1148 2431 1411 2472 necessaria?
1454 2431 1598 2480 Quid?
1641 2432 1753 2484 quod
1783 2431 1976 2471 homines
2008 2432 2069 2471 in-

298 2495 391 2537 fima
421 2497 606 2543 fortuna,
636 2496 752 2535 nulla
784 2509 857 2548 spe
888 2509 1025 2535 rerum
1057 2495 1358 2547 gerendarum,
1391 2492 1562 2547 opifices
1595 2493 1780 2547 denique
1808 2494 2070 2534 delectantur

296 2558 503 2599 historia?
543 2559 809 2611 maximeque
850 2570 922 2597 eos
960 2557 1102 2597 videre
1142 2569 1366 2610 possumus
1408 2569 1473 2596 res
1513 2561 1650 2609 gestas
1682 2556 1825 2596 audire
1857 2561 1898 2596 et
1928 2556 2066 2609 legere

384 2764 416 2794 2.
442 2762 487 2803 uc]
513 2766 571 2793 aut
594 2762 618 2793 B
634 2762 658 2793 E
679 2780 712 2783 -
741 2761 771 2792 3.
799 2760 889 2801 quin}
915 2761 971 2799 qui
995 2761 1018 2792 B
1034 2760 1058 2791 E
1087 2778 1120 2782 —
1151 2761 1244 2791 [lise
1268 2760 1292 2791 O
1314 2777 1346 2780 —
1375 2759 1406 2789 6.
1427 2758 1523 2798 Quin]
1543 2758 1598 2797 qui
1622 2759 1645 2789 B
1661 2758 1684 2789 E
1704 2775 1738 2779 —
1767 2758 1796 2788 7.
1824 2759 1966 2789 sociatus
1984 2759 2008 2790 E
2028 2776 2062 2780 —

298 2814 347 2843 Μ.
367 2821 480 2844 rerum
497 2813 650 2844 Marsus:
677 2821 791 2852 regum
812 2811 914 2843 codd.
937 2812 1050 2850 (etiam
1074 2811 1108 2848 E)
1132 2828 1163 2832 —
1194 2810 1247 2841 43.
1276 2809 1421 2840 irretitus
1443 2809 1498 2839 uir
1522 2809 1545 2839 B
1576 2825 1609 2829 —
1638 2807 1688 2838 44.
1713 2817 1747 2846 p.
1767 2806 1899 2839 cariore?
1924 2806 1964 2839 ἔέ
1983 2816 2063 2839 nos:

292 2872 326 2902 p.
342 2859 473 2894 cariori}
494 2862 616 2899 codd.;
634 2871 668 2900 p.
683 2870 747 2892 esse
759 2861 922 2892 cariorem
937 2868 1017 2891 cuni
1034 2858 1200 2890 Lambino
1215 2860 1246 2890 M
1260 2859 1297 2889 O.
1318 2857 1367 2889 Cf.
1384 2868 1416 2899 p.
1433 2857 1505 2895 ⁴79,
1523 2857 1617 2889 ⁴8.—
1637 2858 1686 2888 16.
1702 2857 1917 2897 summorum]
1931 2866 2066 2888 suorum

295 2913 319 2943 B
336 2913 359 2943 E
380 2930 414 2934 —
442 2912 493 2943 47.
520 2911 614 2952 enim]
639 2920 713 2942 cum
737 2911 761 2942 B
784 2929 817 2932 —
846 2910 896 2941 ⁴8.
917 2910 1045 2949 quidem
1063 2917 1131 2940 om.
1152 2910 1176 2939 B
1198 2927 1231 2930 —
1259 2908 1310 2939 1¹9.
1338 2907 1460 2947 ingenii
1484 2907 1510 2937 D
1532 2924 1566 2927 —
1593 2906 1645 2937 23.
1672 2906 1984 2947 1mc1911a]ma9num
2007 2911 2066 2938 aut

296 2962 475 2997 Davisius;
510 2969 669 3000 magnum
693 2968 732 2990 ac
756 2959 927 2990 Bremius.
957 2977 991 2981 —
1018 2959 1071 2989 ⁶25.
1097 2966 1136 2989 ea
1161 2966 1229 2988 om.
1258 2958 1282 2988 Ο
1311 2975 1344 2978 -
1372 2957 1424 2988 30.
1451 2957 1714 2996 coynuionesque
1737 2957 1915 2987 admodum
1937 2957 1999 2987 BE
2027 2974 2060 2978 —

295 3012 348 3043 31¹.
372 3012 521 3050 persequi
546 3011 589 3041 B:
611 3010 766 3049 prosequi
790 3010 814 3040 E
830 3010 854 3040 O
879 3026 913 3030 —
941 3009 993 3040 32.
1020 3007 1145 3038 nescius
1168 3007 1211 3037 B:
1240 3007 1399 3037 insciusO
1419 3022 1454 3028 —
1482 3005 1557 3045 esse]
1582 3005 1681 3036 etiam
1698 3006 1721 3036 B
1751 3024 1784 3027 —
1804 3005 1856 3036 33.
1876 3005 1950 3045 non]
1974 3006 2064 3036 nullo

297 3062 319 3091 B
348 3077 381 3082 —
411 3059 598 3091 «Offendor
623 3058 776 3090 nonnihil
804 3060 836 3090 in
857 3059 1025 3099 temporis
1051 3056 1302 3096 significatione
1325 3057 1419 3097 quid,
1446 3065 1519 3087 crum
1540 3057 1635 3096 fictas
1656 3056 1786 3095 fabulas
1810 3058 1843 3086 et
1868 3057 1963 3095 quid,
1988 3065 2063 3087 cum

294 3111 461 3141 volumus:
495 3117 575 3139 nam
608 3117 723 3149 neque
757 3117 820 3149 per
850 3117 887 3139 se
919 3110 999 3149 apta
1029 3107 1184 3143 videtur,
1218 3107 1384 3145 quoniam
1417 3108 1496 3137 ante
1528 3114 1595 3136 non
1622 3115 1662 3136 ea
1688 3106 1798 3137 forma
1824 3106 1946 3137 Cicero
1979 3114 2061 3137 usus

296 3162 365 3199 est,
392 3161 443 3197 ut,
471 3167 551 3190 cum
578 3159 644 3190 hoc
670 3158 724 3189 x‘cl
754 3157 835 3189 illud
859 3158 1073 3195 faceremus,
1101 3159 1175 3187 tum
1199 3156 1328 3196 aliquid
1353 3155 1503 3196 intellegi
1529 3156 1680 3193 diceret,
1709 3158 1743 3186 et
1767 3156 1941 3195 sequitur:
1970 3155 2059 3194 quid,

296 3210 381 3249 quod
403 3209 547 3241 homines
570 3210 635 3239 cet.
675 3209 794 3247 Neque
821 3210 937 3239 tamen
963 3209 1098 3239 mutare
1124 3206 1273 3237 audeo.»
1298 3207 1408 3237 MADV.
1432 3223 1466 3227 —
1493 3204 1545 3236 34.
1565 3205 1647 3244 elici]
1673 3206 1735 3236 dici
1760 3205 1783 3236 B
1811 3221 1846 3227 —
1874 3208 1942 3235 lum
1965 3204 2060 3235 volu—

293 3263 401 3299 ptates
424 3262 449 3293 E
478 3278 510 3282 -
538 3259 589 3290 35.
617 3259 672 3298 qui
697 3259 782 3297 quod
807 3258 868 3289 BE
897 3276 930 3280 —
959 3258 1012 3289 36.
1040 3257 1172 3297 infirma
1195 3256 1270 3287 BE.
1307 3255 1355 3287 Cf.
1382 3264 1415 3296 p.
1445 3255 1518 3294 490,
1545 3255 1574 3285 7.
