2249 3624
940 247 1274 290 FRAGMENTA.
1873 249 1979 291 4059

328 347 386 384 10.
441 345 638 398 Olympus
675 348 713 386 in
761 349 1003 388 immensum
1045 351 1192 390 editus,
1249 354 1538 404 (Pompeius
1577 367 1617 405 p.
1653 355 1754 403 3:36„
1786 355 1852 392 ubi
1886 353 1977 392 tide

226 406 561 447 Lindemannum.
618 410 805 448 Fortasse.
839 424 860 448 e
892 412 1219 464 Cliorograpliia.)

322 472 378 510 11.
433 471 534 509 Prae.
577 472 898 522 negotiatoribus
933 474 1104 512 Achaeis
1146 476 1415 528 syngraphas,
1457 489 1558 528 quas
1594 484 1728 516 nostra
1771 478 1975 516 voluntate

219 532 553 584 conscripsimus.
609 535 749 582 (Noni
767 547 821 573 us
847 548 882 573 v.
909 537 1170 588 Syngraplias
1200 550 1237 588 p.
1259 540 1341 578 22l.
1363 539 1426 577 ed.
1446 540 1621 579 (iotliosr.
1657 553 1694 591 p.
1724 541 1807 580 225.
1836 542 1974 587 More.)

323 596 377 634 12.
435 596 589 634 Caesar
636 609 791 647 poenas
839 598 1060 636 facinorum
1099 601 1231 649 auxit,
1279 606 1319 638 et
1356 614 1446 640 cnm
1483 602 1709 653 locupletes
1743 617 1790 639 eo
1819 603 1972 640 facilius
2008 605 2025 632 5

217 656 374 697 scelere
408 668 453 695 se
479 657 721 708 obligarent,
753 659 862 710 quod
891 660 1059 710 integris
1088 663 1341 711 patrimoniis
1365 663 1620 712 exsulabant,
1660 665 1899 715 parricidas,
1932 671 1974 702 ut

218 719 360 759 Cicero
396 719 556 769 scribit,
587 719 707 759 bonis
735 721 945 770 omnibuS,
979 722 1160 774 reliquos
1189 724 1351 763 dimidia
1386 732 1499 776 parte
1530 726 1723 765 inultax‘it.
1780 728 1972 776 (Sueto-

216 782 332 820 nius
370 781 442 821 Iul.
475 783 559 829 42.)

320 842 396 897 [13.
451 845 673 896 Lysippum
708 845 940 896 Sicyonium
971 846 1091 884 Duris
1120 853 1253 898 negat,
1284 848 1436 888 Tullius
1469 849 1971 902 suisscdisoipuluin(l'3—

216 906 470 957 thagorae
499 907 734 957 Rhegini)
762 906 971 955 adiirinat;
1013 909 1085 946 sed
1122 911 1249 960 primo
1276 912 1475 949 aerarium
1503 911 1658 950 fabrum
1689 913 1866 951 audendi
1902 926 1969 951 ra-
1990 915 2022 942 ¹0

217 969 367 1007 tionem
398 970 559 1020 cepisse
587 971 755 1020 pictoris
783 970 984 1022 Eupompi
1014 982 1227 1021 responso.
1270 973 1369 1011 Eum
1399 974 1826 1024 eniminterrogatum,
1848 988 1968 1025 quein

216 1037 462 1082 sequeretur
488 1030 838 1081 antecedentium,
887 1031 1040 1071 dixisse
1070 1032 1344 1073 demonstrata
1373 1035 1577 1074 bominum
1608 1036 1862 1075 multitudine
1895 1050 1968 1074 na-

216 1099 347 1132 turam
372 1094 503 1144 ipsam
533 1093 769 1133 imitandam
802 1106 919 1143 essc,
958 1107 1038 1133 non
1069 1096 1279 1136 artificem.
1338 1096 1544 1146 (Plinius
1580 1099 1622 1136 ll.
1654 1100 1698 1136 N.
1734 1098 1758 1138 l.
1789 1100 1964 1136 XXXIV.

216 1168 251 1194 c.
286 1157 323 1205 8,
357 1156 401 1206 5,
433 1156 490 1195 19.
547 1156 755 1195 Gesnerus
789 1157 828 1195 in
865 1156 1189 1196 Chrestomathia
1232 1158 1329 1197 l‘lin.
1364 1171 1402 1209 p.
1439 1160 1521 1197 924.
1559 1160 1762 1199 relerebat
1790 1160 1839 1198 ad
1868 1161 1966 1199 haec

215 1218 425 1257 Ciceronis
463 1218 612 1257 verba:
663 1220 800 1257 Brut.
847 1231 881 1257 c.
919 1221 981 1267 86,
1019 1220 1040 1269 ξ
1079 1222 1161 1259 296.
1217 1223 1387 1268 Polycleti
1414 1225 1660 1269 doryphorum
1687 1226 1758 1259 sibi
1788 1224 2017 1270 Lysippusts

214 1283 335 1318 aiebat
356 1303 372 1309 -
389 1303 406 1309 -
422 1285 635 1328 mayc'strum
648 1284 782 1327 fuisse:
801 1281 940 1331 utique
960 1293 1102 1332 parum
1122 1281 1398 1332 probabiliter.
1422 1285 1479 1322 Cs.
1503 1284 1615 1335 Sillig
1631 1284 1756 1324 Catal.
1778 1297 1814 1335 p.
1836 1283 1960 1338 2.'›·2.)]

317 1345 373 1383 14.
430 1344 543 1382 liunc
580 1343 793 1395 loquacem
830 1355 923 1382 esse
962 1343 1162 1393 habitum,
1203 1357 1421 1396 numquam
1456 1345 1665 1385 disertum.
1722 1346 1964 1395 (Isidorus

213 1407 253 1444 in
286 1406 613 1445 Dill'erentiarum
638 1405 740 1444 libro
771 1406 816 1444 N.
852 1408 934 1447 179.
964 1405 1040 1445 Ed.
1070 1406 1124 1445 du
1149 1407 1265 1445 Breul
1295 1421 1333 1459 p.
1365 1408 1467 1458 751.)

315 1470 372 1508 15.
429 1467 725 1507 Scholiasta
753 1467 804 1507 ad
837 1469 1041 1507 Lucanum
1070 1467 1094 1505 l.
1123 1470 1185 1518 IV,
1217 1472 1302 1508 819.
1332 1483 1372 1521 p.
1406 1472 1488 1510 334.
1520 1471 1623 1510 Oud.
1656 1485 1692 1522 p.
1729 1472 1798 1510 324
1821 1471 1960 1510 Web.:

213 1538 499 1578 momentumque
525 1534 596 1577 suit
622 1537 779 1568 mutatus
809 1532 916 1568 Curio
943 1528 1079 1584 rerum]
1113 1537 1155 1570 ut
1179 1544 1269 1570 cum
1294 1533 1383 1583 ipso
1410 1539 1552 1572 cuncta
1577 1539 1727 1573 mutata
1755 1535 1846 1572 sint.
1898 1534 1964 1572 Sic
1978 1545 2014 1574 ‘20

215 1605 236 1631 e
278 1594 478 1633 contrario
505 1593 675 1632 Cicero:
713 1594 837 1632 «Cum
869 1594 925 1632 sis
952 1599 1044 1644 post
1071 1594 1306 1633 vitam'sine
1340 1601 1543 1634 momento
1574 1596 1780 1643 futurus»,
1812 1596 1852 1634 id
1883 1601 1961 1646 est,

215 1656 364 1695 nullius
392 1656 600 1694 momenti.

315 1720 374 1758 16.
429 1717 720 1757 Scholiasta
753 1717 805 1756 ad
836 1718 1040 1756 Lucanum
1069 1717 1093 1755 l.
1130 1718 1205 1761 VII,
1239 1719 1324 1758 559.
1359 1731 1399 1769 p.
1431 1720 1516 1759 566.
1548 1718 1653 1760 Oud.
1679 1733 1718 1771 p.
1748 1721 1820 1760 564
1842 1721 1960 1759 Web.

216 1782 356 1819 Animis
396 1784 496 1829 iynes
530 1782 771 1829 flaqrantibus
805 1783 941 1827 addit]
982 1780 1099 1827 Quod
1131 1781 1185 1819 ait
1213 1781 1377 1819 Cicero:
1413 1782 1696 1830 «Currentem,
1726 1789 1768 1821 ut
1803 1782 1960 1832 dicitur,

213 1844 449 1895 occupavi.»
496 1842 761 1892 (Notantibus
787 1842 962 1881 Bardilio
991 1848 1032 1881 et
1057 1842 1234 1881 Webero
1263 1844 1402 1882 referri
1434 1844 1593 1883 videtur
1621 1844 1672 1883 ad
1699 1844 1867 1896 Philipp.
1898 1845 2012 1884 lll.25

213 1918 244 1945 c.
272 1908 308 1945 8.
337 1906 358 1956 ξ
386 1906 449 1946 19.
483 1912 699 1948 currentem,
733 1912 771 1942 ut
803 1909 950 1952 dicitur,
990 1906 1176 1953 incitavi.)

315 1971 374 2008 17.
427 1968 553 2007 Nemo
579 1980 772 2019 umquam
808 1968 973 2019 sapiens
1009 1967 1203 2019 proditori
1234 1966 1484 2007 credendum
1531 1970 1698 2019 putavit.
1728 1970 1962 2019 (Servius

213 2029 265 2070 ad
296 2031 397 2069 Aen.
427 2031 477 2068 11.
509 2031 615 2079 157.)

315 2094 373 2131 18.
426 2092 488 2131 Ex
519 2091 599 2132 alto
643 2092 684 2130 in
726 2102 891 2142 campos
940 2089 1119 2131 dissolvi.
1176 2090 1324 2140 (ldem
1351 2090 1403 2130 ad
1431 2091 1514 2131 Ecl.
1550 2094 1586 2142 9,
1619 2093 1671 2142 7.)
1726 2093 1855 2131 Locus
1887 2090 1963 2132 ad-

212 2153 378 2193 modum
404 2153 569 2204 dubius,
597 2160 638 2193 et
663 2154 761 2193 Lion
776 2166 814 2192 v.
833 2153 1016 2192 Cicero
1037 2152 1213 2192 inclusit.
1977 2166 2012 2195 30

314 2219 373 2257 19.
427 2218 533 2256 Mare
563 2223 749 2256 movetur
774 2219 918 2265 ventis,
948 2228 999 2254 ne
1024 2221 1226 2267 putescat.
1283 2215 1382 2264 (lde
1399 2228 1437 2253 m
1465 2214 1515 2254 ad
1553 2216 1697 2265 Georg.
1731 2215 1755 2262 l,
1790 2217 1889 2265 130.)

312 2280 374 2319 20.
429 2280 570 2319 Cicero
603 2278 767 2318 domum
797 2277 1019 2318 Scaevolae
1048 2277 1256 2317 oraculum
1290 2277 1391 2316 dixit
1417 2278 1603 2318 civitatis.
1657 2277 1962 2327 (Scholiasta

213 2341 479 2382 Iuvenalis
509 2355 547 2393 p.
578 2343 640 2380 40.
675 2342 832 2389 Cram.)
1273 2373 1277 2380 .

312 2408 373 2444 21.
428 2406 540 2444 Sensa
567 2403 713 2455 plural.
742 2415 816 2454 pro
843 2416 990 2446 sensus3
1018 2402 1111 2440 hinc
1141 2401 1316 2440 Tullius:
1359 2403 1476 2439 ‹·Car0
1504 2401 1614 2440 laesa
1643 2400 1767 2439 laedit
1794 2413 1953 2440 sensa.»

213 2467 363 2515 (Glossa
405 2467 504 2507 Cod.
550 2466 731 2506 Vaticani
771 2467 804 2504 A
846 2464 898 2504 ad
929 2463 1190 2503 Prudentium
1229 2463 1293 2502 ed.
1327 2462 1485 2503 Arevali
1521 2464 1563 2501 T.
1587 2465 1616 2502 Ι.
1640 2475 1677 2514 p.
1717 2465 1801 2503 301.
1831 2464 1956 2515 Frag-
1975 2477 2013 2506 35

213 2535 394 2569 mentum
427 2535 490 2568 est
517 2540 717 2581 perquam
750 2527 948 2577 dubium.)

314 2593 373 2631 22.
433 2593 616 2630 veternum
657 2590 820 2640 generis
860 2588 1015 2636 neutri,
1060 2593 1103 2626 ut
1148 2588 1309 2626 Cicero:
1360 2586 1479 2625 liceat
1514 2587 1697 2625 fenerare
1737 2592 1961 2625 veternum.

213 2653 375 2704 (Libell.
416 2653 467 2692 de
493 2666 615 2704 genn.
647 2665 753 2691 nom.
782 2651 940 2702 Hauptii
967 2663 1008 2701 p.
1043 2651 1123 2689 103.
1179 2651 1463 2699 Fragmentum
1494 2648 1691 2698 dubium.)

300 2820 331 2854 9.
378 2825 487 2863 negat,
514 2820 646 2862 Tullius]
672 2819 733 2852 Alii
757 2820 905 2852 rectius:
934 2822 1029 2860 negat
1054 2819 1163 2850 ultius.
