2249 3624
266 157 318 201 40
794 166 1219 208 ACADEMICORUM
1247 166 1486 208 PRIORUM

259 276 386 318 homo
417 283 501 328 est,
532 281 684 322 animal
716 285 778 321 est
807 280 1001 327 mortale,
1032 279 1205 319 rationis
1234 279 1480 331 particeps.»
1535 276 1628 325 Quo
1660 290 1682 316 e
1713 290 1866 329 genere
1895 281 2016 320 nobis

260 340 434 382 notitiae
475 357 614 384 rerum
657 343 960 397 inprimuntur,
1005 342 1093 381 sine
1134 341 1286 393 quibus
1331 352 1406 379 nec
1446 338 1632 391 intellegi
1674 340 1899 393 quicquam
1940 355 2018 381 nec

260 405 405 456 quaeri
434 406 686 459 disputarive
716 410 866 459 potest.
924 402 992 443 ⁶23).
1024 403 1149 452 Quod
1181 402 1215 442 si
1248 405 1390 441 essent
1418 400 1547 440 falsae
1578 402 1749 441 notitiae
1779 424 1835 429 -—
1856 403 2020 451 ἐννοίας

261 465 372 505 enim
410 468 580 508 notitias
617 468 826 521 appellare
864 471 908 506 tu
939 466 1133 506 videbare
1163 486 1243 511 —,
1282 463 1316 503 si
1352 463 1481 515 igitur
1512 469 1653 504 essent
1684 477 1757 504 eae
1787 464 1918 505 falsae
1950 471 2022 505 aut

232 527 349 567 seius
381 529 494 569 modi
526 531 624 570 visis
655 531 888 582 inpressae,
921 528 1061 582 qualia
1090 527 1181 566 visa
1210 539 1234 566 a
1262 525 1379 565 salsis
1401 525 1580 565 discerni
1602 539 1687 565 non
1721 533 1907 579 possent,
1939 541 2021 580 quo

263 590 428 631 tandem
460 593 509 632 iis
541 592 664 632 modo
695 594 935 632 uteremur?
977 603 1061 644 quo
1092 589 1217 629 modo
1248 593 1408 635 autem,
1447 587 1546 641 quid
1578 589 1727 642 cuique
1758 590 1817 628 rei
1849 602 2024 629 consen-

263 659 429 693 taneum
471 660 598 701 esset,
641 654 743 708 quid
781 658 1053 708 repugnaret,
1092 651 1359 692 videremus?
1421 651 1646 691 Memoriae
1687 652 1857 705 quidem
1899 658 2024 700 certe,

264 728 371 768 quae
401 731 484 757 non
514 717 638 756 modo
669 717 998 770 philosophiam,
1036 715 1109 756 sed
1150 728 1314 754 omnem
1346 714 1455 753 vitae
1497 727 1621 753 usum
1653 727 1884 767 omnesque
1915 720 2024 754 artes

262 790 345 818 una
375 778 550 818 maxime
581 780 788 827 continet,
820 779 924 819 nihil
954 779 1125 819 omnino
1156 777 1235 816 loci
1266 776 1532 830 relinquitur.
1594 776 1714 824 Quae
1746 782 1883 830 potest
1915 778 2024 818 enim

214 849 249 877 ⁴0
264 854 354 880 esse
386 841 584 880 memoria
613 841 844 881 falsorum?
882 846 954 882 aut
986 840 1086 894 quid
1117 840 1340 893 quisquam
1378 839 1584 885 meminit,
1626 839 1739 891 quod
1769 853 1853 879 non
1885 839 2024 879 animo

263 902 561 955 conprehendit
599 908 640 943 et
679 905 821 944 tenet?
870 905 947 943 Ars
989 916 1088 943 vero
1131 914 1238 955 quae
1276 906 1414 954 potest
1453 914 1566 947 esse,
1605 900 1685 940 nisi
1718 913 1825 954 quae
1856 915 1942 940 non
1973 914 2026 942 ex

262 978 345 1004 una
383 970 423 1005 et
461 965 642 1013 duabus,
689 965 762 1005 sed
802 979 853 1006 ex
887 965 1028 1005 multis
1059 964 1187 1004 animi
1218 963 1558 1017 perceptionibus
1591 965 1786 1003 constat?
1833 977 1959 1017 quam
1990 964 2026 1004 si

263 1027 543 1075 subtraxeris,
578 1027 649 1081 qui
683 1028 916 1081 distingues
947 1025 1146 1068 artificem
1177 1026 1228 1066 ab
1259 1026 1425 1066 inscio?
1472 1027 1563 1065 Non
1587 1025 1699 1065 enim
1719 1025 1892 1067 fortuito
1914 1027 2026 1067 hunc

263 1088 458 1128 artificem
491 1089 676 1130 dicemus
708 1105 822 1139 esse,
862 1091 981 1130 illum
1011 1090 1277 1143 negabimus,
1321 1088 1394 1128 sed
1425 1102 1520 1128 cum
1553 1088 1728 1127 alterum
1760 1095 1957 1143 percepta
1987 1094 2029 1129 et

214 1160 249 1188 ⁴5
264 1151 547 1204 conprehensa
590 1159 731 1193 tenere
762 1154 970 1200 videmus,
1012 1154 1187 1193 alterum
1218 1165 1302 1191 non
1334 1152 1449 1191 item.
1513 1150 1705 1203 Cumque
1736 1152 1885 1191 artium
1915 1152 2029 1192 aliud

263 1214 352 1253 eius
382 1214 495 1254 modi
527 1228 658 1267 genus
690 1216 761 1262 sit,
793 1221 840 1256 ut
870 1221 1027 1256 tantum
1060 1215 1183 1255 modo
1215 1214 1355 1254 animo
1393 1227 1480 1253 rem
1513 1218 1675 1260 cernat,
1706 1214 1840 1262 aliud,
1871 1219 1918 1255 ut
1942 1228 2031 1254 mo-

262 1275 388 1315 liatur
416 1276 573 1330 aliquid
607 1283 648 1317 et
677 1277 822 1326 faciat,
855 1291 938 1332 quo
970 1278 1095 1318 modo
1128 1282 1198 1317 aut
1225 1280 1456 1329 geometres
1479 1289 1650 1315 cernere
1672 1289 1720 1315 ea
1740 1281 1888 1330 potest,
1921 1290 2030 1331 quae

262 1343 334 1377 aut
374 1338 488 1378 nulla
528 1345 626 1379 sunt
655 1347 726 1380 aut
765 1341 994 1381 internosci
1025 1354 1048 1380 a
1078 1339 1195 1379 falsis
1226 1352 1308 1379 non
1341 1343 1534 1391 possunt,
1575 1343 1647 1377 aut
1675 1339 1732 1386 is,
1774 1340 1846 1392 qui
1876 1340 2030 1379 fidibus

262 1400 410 1448 utitur,
451 1402 620 1455 explere
658 1416 856 1443 numeros
894 1408 935 1443 et
973 1400 1178 1443 conficere
1209 1403 1388 1441 versus?
1441 1400 1566 1448 Quod
1606 1400 1719 1441 idem
1749 1401 1794 1440 in
1824 1403 2030 1443 similibus

215 1471 431 1515 20quoque
476 1462 633 1504 artibus
680 1467 917 1518 continget,
965 1478 1140 1519 quarum
1183 1477 1307 1503 omne
1349 1476 1452 1516 opus
1495 1468 1556 1503 est
1596 1463 1638 1502 in
1679 1463 1872 1504 faciendo
1903 1470 2030 1519 atque

262 1526 439 1577 agendo.
491 1527 602 1576 Quid
634 1530 745 1568 enim
777 1534 839 1569 est
870 1528 984 1582 quod
1015 1533 1102 1568 arte
1135 1525 1240 1568 effici
1273 1526 1428 1580 possit,
1470 1526 1552 1566 nisi
1584 1526 1641 1574 is,
1683 1526 1756 1579 qui
1787 1533 1918 1568 artem
1949 1533 2032 1569 tra-

263 1588 406 1635 ctabit,
439 1590 566 1630 multa
596 1593 861 1645 perceperit?

375 1652 482 1692 VIII.
515 1651 580 1693 ⁶23.
621 1655 804 1694 Maxime
835 1668 933 1695 vero
964 1654 1164 1694 virtutum
1195 1653 1381 1706 cognitio
1414 1652 1632 1692 confirmat
1670 1652 1829 1706 percipi
1861 1658 1903 1693 et
1933 1667 2033 1694 con-

263 1713 468 1766 prehendi
508 1717 637 1757 multa
673 1730 809 1770 posse.
870 1718 917 1756 In
948 1717 1101 1770 quibus
1133 1716 1231 1756 solis
1263 1716 1400 1755 inesse
1432 1716 1554 1755 etiam
1587 1715 1806 1755 scientiam
1840 1715 2032 1765 dicimus,

214 1784 250 1813 25
266 1790 388 1829 quam
420 1790 496 1817 nos
529 1792 614 1818 non
646 1779 1047 1833 conprehensionem
1080 1779 1204 1819 modo
1236 1792 1388 1825 rerum,
1422 1779 1495 1818 sed
1530 1792 1618 1818 eam
1643 1778 1835 1818 stabilem
1861 1792 2032 1832 quoque

265 1845 305 1877 et
335 1839 634 1881 immutabilem
666 1855 757 1881 esse
780 1855 1022 1888 censemus,
1054 1842 1240 1895 itemque
1266 1841 1525 1893 sapientiam,
1557 1846 1687 1880 artem
1710 1840 1891 1888 vivendi,
1924 1855 2032 1893 quae

263 1902 353 1955 ipsa
391 1916 442 1941 ex
482 1917 573 1943 sese
614 1904 765 1944 habeat
807 1905 1097 1944 constantiam.
1155 1906 1215 1944 Ea
1246 1909 1386 1944 autem
1419 1904 1651 1943 constantia
1682 1903 1715 1942 si
1748 1903 1853 1941 nihil
1882 1903 2034 1944 habeat

263 1966 451 2018 percepti
483 1972 523 2005 et
553 1967 730 2019 cogniti,
766 1980 922 2020 quaero
957 1967 1066 2006 unde
1098 1972 1194 2006 nata
1226 1967 1278 2006 sit
1298 1971 1368 2005 aut
1391 1979 1474 2018 quo
1498 1965 1653 2004 modo?
1702 1964 1869 2012 Quaero
1893 1966 2032 2012 etiam,

264 2028 335 2067 ille
366 2030 427 2067 vir
457 2029 609 2076 bonus,
643 2029 714 2082 qui
747 2030 888 2069 statuit
918 2043 1083 2069 omnem
1116 2031 1340 2069 cruciatum
1372 2027 1578 2081 perferre,
1609 2027 1863 2067 intolerabili
1891 2026 2034 2067 dolore

215 2090 438 2129 301acerari
484 2092 622 2142 potius
663 2104 787 2144 quam
829 2096 899 2130 aut
940 2089 1121 2131 officium
1165 2091 1317 2143 prodat
1347 2096 1417 2130 aut
1446 2089 1590 2136 fidem,
1635 2104 1707 2129 cur
1736 2090 1811 2128 has
1844 2090 1919 2129 sibi
1951 2095 2033 2129 tam

266 2166 410 2205 graves
441 2152 553 2205 leges
584 2153 833 2206 inposuerit,
867 2167 982 2200 cum,
1016 2166 1139 2206 quam
1173 2155 1224 2192 ol)
1257 2166 1342 2192 ren]
1375 2154 1431 2192 ita
1460 2157 1694 2205 oporteret,
1727 2152 1830 2192 nihil
1862 2152 2034 2192 haberet

267 2214 559 2268 conprehensi,
592 2217 798 2268 percepti,
831 2216 1001 2267 cogniti,
1034 2215 1279 2255 constituti?
1326 2216 1451 2255 Nullo
1483 2216 1607 2268 igitur
1628 2215 1753 2255 modo
1778 2213 1866 2255 lieri
1897 2220 2035 2267 potest

355 2439 384 2470 ⁴.
409 2439 549 2470 rationis
572 2448 640 2470 om.
668 2440 706 2468 Y*
737 2455 769 2460 -
805 2439 833 2470 3.
863 2439 954 2478 queri
979 2439 1003 2470 C
1033 2457 1065 2461 —
1099 2438 1303 2477 ‹lispulariue
1327 2437 1367 2469 Α2
1381 2436 1436 2469 B‘2:
1477 2438 1639 2478 disputari
1664 2437 1811 2475 A¹B¹V;
1841 2442 1899 2469 aut
1922 2440 2037 2479 dispu-

267 2490 333 2520 tari
365 2490 406 2528 O⁷
441 2492 478 2520 ut
506 2489 615 2520 habet
645 2490 669 2518 ‘V
702 2498 748 2520 m.
774 2490 793 2520 2
825 2491 858 2520 lh
890 2498 998 2528 marg.
1029 2506 1062 2510 —
1100 2489 1235 2519 notitiae
1260 2487 1408 2527 ἑννοίας
1433 2488 1518 2519 enim
1542 2496 1612 2519 om.
1640 2489 1677 2519 Β1
1710 2505 1743 2509 -
1783 2498 1922 2521 ennoeas
1946 2491 1970 2522 C
1999 2509 2034 2513 -

268 2538 298 2570 [ι.
326 2548 383 2570 cae
406 2540 431 2571 Α
447 2539 500 2571 13²:
532 2541 592 2570 Ιιαθ
617 2538 653 2570 13¹
668 2539 693 2568 V
709 2540 733 2570 Ο
761 2557 795 2561 -
824 2539 853 2570 6.
882 2540 919 2569 iis
943 2547 1024 2569 nos:
1051 2538 1099 2568 his
1123 2538 1146 2568 C
1162 2538 1186 2568 O
1207 2554 1240 2558 —-
1268 2538 1385 2578 cuique
1409 2538 1477 2578 regi
1504 2536 1539 2569 13¹
1557 2555 1592 2559 —
1621 2538 1650 2568 7.
1677 2538 1825 2569 uidemus
1847 2537 1980 2570 A¹B¹V
1996 2559 2038 2563 ——

267 2589 298 2620 8.
325 2598 452 2621 omnem
475 2591 562 2621 citae
585 2598 680 2620 usum
704 2588 863 2620 NYalker:
891 2589 995 2619 omnis
1020 2589 1118 2626 (omni
1141 2587 1191 2625 Vs)
1217 2588 1305 2618 uilcie
1327 2597 1422 2619 usum
1439 2589 1484 2625 C}
1511 2596 1620 2618 omnes
1642 2588 1729 2618 vilae
1752 2596 1829 2618 usus
1846 2589 1870 2619 O
1888 2597 1927 2619 ex
1946 2591 2035 2621 coni.

268 2640 394 2671 Bremii
421 2657 455 2661 —
485 2640 535 2671 42.
562 2649 628 2670 uno
653 2639 678 2669 V
693 2640 718 2670 G
744 2656 778 2660 —
814 2642 843 2670 ct
866 2641 892 2670 Α
906 2639 949 2669 V:
983 2642 1041 2669 aui
1064 2639 1087 2669 B
1106 2638 1184 2674 1303
1219 2641 1246 2668 c!
1270 2646 1312 2668 ea:
1336 2639 1412 2676 (ἰν,
1444 2641 1502 2668 aut
1525 2646 1567 2668 ea:
1592 2637 1648 2668 ed.
1675 2638 1764 2668 Mau.
1792 2639 1825 2669 et
1851 2638 1971 2670 Lamb.
2000 2656 2035 2661 —

268 2698 350 2728 quas
372 2690 398 2720 si
422 2688 574 2721 NValker.
614 2690 744 2720 «Docet
768 2688 930 2720 Lucullus
956 2691 1049 2719 artes
1074 2696 1197 2718 omnes
1223 2688 1448 2727 perceptione
1474 2687 1642 2718 contineri
1663 2688 1768 2726 atque
1793 2688 1836 2717 ita
1856 2689 2037 2727 contineri,

269 2740 304 2769 ut
329 2740 433 2770 etiam
459 2748 501 2769 ex
517 2738 632 2770 multis
649 2739 936 2779 perceptionibus
954 2740 1126 2770 constent.
1166 2740 1279 2777 Atque
1302 2738 1367 2768 hoc
1384 2746 1508 2768 verum
1527 2737 1669 2776 quidem
1689 2739 1759 2772 est;
1787 2746 1901 2777 neque
1921 2741 2038 2770 tamen

269 2790 311 2819 ita
338 2788 573 2829 loquebantur
595 2789 813 2826 Academici,
840 2792 879 2820 ut
903 2788 1020 2829 plures
1046 2787 1292 2828 perceptiones
1318 2786 1418 2825 vulgo
1432 2785 1685 2822 '1i0minarent.
1712 2786 1775 2818 sed
1800 2787 1843 2818 de
1870 2797 1937 2819 una
1963 2797 2041 2829 per-

270 2839 448 2878 ceptione,
476 2839 495 2869 i.
524 2848 554 2870 e.
583 2840 625 2870 de
652 2839 869 2880 percipiendi
897 2837 1057 2870 facultate
1083 2838 1319 2880 disputabant.
1362 2837 1449 2867 Cum
1475 2837 1577 2876 igitur
1601 2836 1764 2868 dixisset:
1803 2846 1888 2877 quae
1911 2847 1975 2868 mm
1997 2847 2041 2869 ex

271 2898 355 2924 una,
381 2890 434 2920 sed
458 2897 501 2920 ea:
521 2889 671 2928 pluribus
697 2889 960 2928 perceptionibus
983 2893 1128 2924 constal,
1163 2889 1293 2920 inesset
1320 2889 1438 2918 autem
1464 2886 1647 2926 singularis
1673 2888 1809 2918 numeri
1834 2888 2039 2927 significatio

270 2940 303 2969 iu
333 2937 387 2968 illo
418 2947 504 2972 una,
538 2940 632 2969 recte
664 2937 814 2969 subiecit
846 2947 945 2976 quam
983 2939 1020 2975 (i.
1049 2948 1078 2970 e.
1106 2939 1370 2979 perceptionem
1403 2938 1436 2968 in
1461 2938 1676 2975 universum)
1701 2938 1727 2967 si
1758 2937 1979 2977 subtraxeris,
2011 2939 2039 2970 si

270 2989 402 3029 percipi
429 2988 621 3027 quidquam
647 2996 750 3027 posse
777 2988 994 3026 negaveris.»
1020 2988 1152 3019 MAnvic
1177 2990 1207 3023 Ι,
1236 2988 1308 3018 139.
1337 3004 1371 3008 -
1402 2987 1452 3018 14.
1480 2988 1673 3027 negauimus
1696 2986 1788 3018 B¹V¹
1815 3004 1848 3009 —
1877 2988 1928 3019 45.
1954 2989 2041 3019 vidc-

271 3038 375 3069 bimus
405 3038 593 3069 Lambinus
625 3054 660 3059 -—
696 3038 748 3068 46.
776 3038 886 3067 (mimo
920 3046 988 3068 oni.
1017 3039 1042 3069 G
1074 3037 1174 3078 prob.
1203 3037 1412 3068 Goerenzio:
1440 3038 1475 3067 at
1497 3045 1529 3067 v.
1556 3036 1704 3075 Madvig.
1732 3035 1752 3067 Ι.
1780 3044 1810 3067 c.
1837 3045 1871 3077 p.
1899 3037 1970 3069 1140.
2001 3055 2033 3060 —

270 3088 346 3119 mol.
374 3088 484 3128 aliquo
511 3088 535 3117 V
562 3105 596 3109 —
626 3088 675 3118 17.
703 3090 760 3116 (tut
784 3089 828 3117 A:
863 3091 972 3118 aulem
996 3089 1019 3119 B
1036 3088 1078 3122 V;
1110 3096 1142 3118 v.
1170 3086 1305 3125 Madxig
1331 3096 1363 3126 p.
1391 3086 1465 3118 44¹.
1495 3105 1529 3109 —
1555 3086 1726 3125 yeometris
1750 3086 1814 3116 AB
1841 3103 1875 3108 —
1903 3088 1955 3118 ⁵20.
1982 3096 2039 3118 co-

272 3147 333 3179 que.
358 3138 380 3168 B
400 3154 434 3158 ——
462 3138 514 3168 21.
539 3140 643 3176 posset
666 3139 691 3168 A
710 3138 731 3167 Β
747 3135 784 3165 V¹
806 3153 840 3158 -
868 3137 915 3166 his
939 3139 965 3168 A
987 3155 1018 3158 —
1047 3137 1099 3167 25
1126 3145 1183 3167 nos
1199 3138 1224 3167 A
1250 3145 1326 3176 sup.
1347 3136 1404 3167 lin.
1428 3154 1460 3158 —
1488 3137 1542 3167 sed
1565 3145 1638 3166 cam
1660 3135 1807 3165 stabilem
1830 3139 1859 3166 et
1883 3136 1972 3167 immi.
1993 3138 2035 3171 G;

272 3188 325 3218 scd
353 3187 452 3217 eliam
481 3187 628 3217 stabilem
658 3190 755 3224 alque
786 3187 874 3216 imm..
903 3185 1022 3217 Lamb.
1054 3204 1088 3209 —
1122 3187 1174 3216 ⁵27.
1201 3196 1243 3217 stc
1266 3196 1298 3216 sc
1324 3187 1348 3215 V
1377 3203 1408 3209 —
1445 3186 1497 3217 ⁴28,
1523 3190 1606 3217 'nala
1630 3187 1658 3216 V
1687 3194 1776 3216 corr.
1804 3194 1845 3216 ex
1869 3194 1926 3217 nec
1948 3190 2034 3223 tam3

271 3240 373 3268 nacta
402 3238 466 3268 AB
501 3254 536 3259 -—
573 3238 706 3268 comodo
737 3236 762 3266 V
792 3255 834 3259 —
868 3238 920 3267 ἐξ).
953 3236 1159 3267 intollerabili
1183 3237 1208 3266 Α
1224 3235 1251 3265 V
1284 3253 1318 3258 -
1351 3235 1404 3266 30.
1431 3244 1531 3276 quam
1561 3239 1618 3266 aul
1644 3236 1690 3266 C:
1729 3243 1832 3275 quam
1854 3238 1890 3266 ut
1912 3235 2034 3267 Lami).

273 3288 293 3320 2
318 3288 411 3319 Purr.
439 3287 583 3325 Davisii,
611 3287 653 3325 O;
682 3291 716 3318 at
739 3295 771 3317 v.
800 3287 1039 3318 llermannum
1065 3286 1085 3317 l.
1113 3294 1142 3317 c.
1171 3295 1201 3326 p.
1231 3284 1302 3316 467.
1332 3302 1365 3307 —
1393 3285 1452 3316 lias
1475 3286 1577 3325 iyitur
1600 3285 1658 3316 sibi
1684 3284 1761 3316 GO.
