<?xml version="1.0" encoding="UTF-8"?>
<!DOCTYPE html PUBLIC "-//W3C//DTD XHTML 1.0 Transitional//EN"
    "http://www.w3.org/TR/xhtml1/DTD/xhtml1-transitional.dtd">
<html xmlns="http://www.w3.org/1999/xhtml" xml:lang="en" lang="en">
 <head>
  <title>
</title>
<meta http-equiv="Content-Type" content="text/html;charset=utf-8" />
  <meta name='ocr-system' content='tesseract 3.04.00' />
  <meta name='ocr-capabilities' content='ocr_page ocr_carea ocr_par ocr_line ocrx_word'/>
</head>
<body>
  <div class='ocr_page' id='page_1' title='image "./operaquaesupersu04ciceuoft_0044.png"; bbox 0 0 2249 3624; ppageno 0'>
   <div class='ocr_carea' id='block_1_1' title="bbox 283 139 1507 185">
    <p class='ocr_par' dir='ltr' id='par_1_1' title="bbox 283 139 1507 185">
     <span class='ocr_line' id='line_1_1' title="bbox 283 139 1507 185; baseline -0.007 3"><span class='ocrx_word' id='word_1_1' title='bbox 283 139 336 181; x_wconf 65' lang='lat'>24</span> <span class='ocrx_word' id='word_1_2' title='bbox 808 141 1237 185; x_wconf 91' lang='lat' dir='ltr'>ACADEMICORUM</span> <span class='ocrx_word' id='word_1_3' title='bbox 1265 139 1507 181; x_wconf 87' lang='lat' dir='ltr'>PRIORUM</span> 
     </span>
    </p>
   </div>
   <div class='ocr_carea' id='block_1_2' title="bbox 233 251 2056 2366">
    <p class='ocr_par' dir='ltr' id='par_1_2' title="bbox 234 251 2054 1483">
     <span class='ocr_line' id='line_1_2' title="bbox 287 251 2049 313; baseline -0.003 -14"><span class='ocrx_word' id='word_1_4' title='bbox 287 281 340 288; x_wconf 93' lang='lat'>—</span> <span class='ocrx_word' id='word_1_5' title='bbox 373 259 488 313; x_wconf 90' lang='lat' dir='ltr'>quod</span> <span class='ocrx_word' id='word_1_6' title='bbox 528 258 630 298; x_wconf 90' lang='lat' dir='ltr'>mihi</span> <span class='ocrx_word' id='word_1_7' title='bbox 674 269 845 311; x_wconf 90' lang='lat' dir='ltr'>quoque</span> <span class='ocrx_word' id='word_1_8' title='bbox 886 254 1056 301; x_wconf 81' lang='lat' dir='ltr'>licebat,</span> <span class='ocrx_word' id='word_1_9' title='bbox 1095 253 1167 305; x_wconf 90' lang='lat' dir='ltr'>qui</span> <span class='ocrx_word' id='word_1_10' title='bbox 1207 266 1260 292; x_wconf 87' lang='lat' dir='ltr'>ex</span> <span class='ocrx_word' id='word_1_11' title='bbox 1289 256 1330 291; x_wconf 88' lang='lat' dir='ltr'>te</span> <span class='ocrx_word' id='word_1_12' title='bbox 1360 251 1434 291; x_wconf 86' lang='lat' dir='ltr'>illa</span> <span class='ocrx_word' id='word_1_13' title='bbox 1464 263 1740 303; x_wconf 84' lang='lat' dir='ltr'>cognoveram</span> <span class='ocrx_word' id='word_1_14' title='bbox 1770 272 1845 299; x_wconf 89' lang='lat'>—,</span> <span class='ocrx_word' id='word_1_15' title='bbox 1876 252 2049 305; x_wconf 84' lang='lat' dir='ltr'>negabis</span> 
     </span>
     <span class='ocr_line' id='line_1_3' title="bbox 287 313 2048 372; baseline -0.004 -11"><span class='ocrx_word' id='word_1_16' title='bbox 287 335 378 362; x_wconf 90' lang='lat' dir='ltr'>esse</span> <span class='ocrx_word' id='word_1_17' title='bbox 399 335 487 361; x_wconf 91' lang='lat' dir='ltr'>rem</span> <span class='ocrx_word' id='word_1_18' title='bbox 507 321 657 368; x_wconf 88' lang='lat' dir='ltr'>ullam,</span> <span class='ocrx_word' id='word_1_19' title='bbox 689 332 795 372; x_wconf 89' lang='lat' dir='ltr'>quae</span> <span class='ocrx_word' id='word_1_20' title='bbox 819 316 1034 369; x_wconf 83' lang='lat' dir='ltr'>cognosci,</span> <span class='ocrx_word' id='word_1_21' title='bbox 1068 313 1318 367; x_wconf 86' lang='lat' dir='ltr'>conprendi,</span> <span class='ocrx_word' id='word_1_22' title='bbox 1349 313 1511 365; x_wconf 86' lang='lat' dir='ltr'>percipi</span> <span class='ocrx_word' id='word_1_23' title='bbox 1533 313 1694 365; x_wconf 70' lang='lat' dir='ltr'>possit?</span> <span class='ocrx_word' id='word_1_24' title='bbox 1725 313 1845 361; x_wconf 86' lang='lat' dir='ltr'>Vide,</span> <span class='ocrx_word' id='word_1_25' title='bbox 1877 327 2048 367; x_wconf 83' lang='lat' dir='ltr'>quaeso,</span> 
     </span>
     <span class='ocr_line' id='line_1_4' title="bbox 287 375 2050 437; baseline -0.004 -13"><span class='ocrx_word' id='word_1_26' title='bbox 287 384 410 424; x_wconf 88' lang='lat' dir='ltr'>etiam</span> <span class='ocrx_word' id='word_1_27' title='bbox 447 389 571 437; x_wconf 87' lang='lat' dir='ltr'>atque</span> <span class='ocrx_word' id='word_1_28' title='bbox 611 382 734 422; x_wconf 85' lang='lat' dir='ltr'>etiam</span> <span class='ocrx_word' id='word_1_29' title='bbox 774 393 826 419; x_wconf 91' lang='lat' dir='ltr'>ne</span> <span class='ocrx_word' id='word_1_30' title='bbox 858 379 1022 418; x_wconf 91' lang='lat' dir='ltr'>illarum</span> <span class='ocrx_word' id='word_1_31' title='bbox 1054 389 1225 429; x_wconf 87' lang='lat' dir='ltr'>quoque</span> <span class='ocrx_word' id='word_1_32' title='bbox 1257 388 1395 414; x_wconf 89' lang='lat' dir='ltr'>rerum</span> <span class='ocrx_word' id='word_1_33' title='bbox 1431 375 1805 427; x_wconf 89' lang='lat' dir='ltr'>pulcherrimarum</span> <span class='ocrx_word' id='word_1_34' title='bbox 1835 389 1860 415; x_wconf 89' lang='lat' dir='ltr'>a</span> <span class='ocrx_word' id='word_1_35' title='bbox 1889 380 1929 416; x_wconf 84' lang='lat' dir='ltr'>te</span> <span class='ocrx_word' id='word_1_36' title='bbox 1959 377 2050 430; x_wconf 91' lang='lat' dir='ltr'>ipso</span> 
     </span>
     <span class='ocr_line' id='line_1_5' title="bbox 286 434 2050 488; baseline -0.003 -3"><span class='ocrx_word' id='word_1_37' title='bbox 286 446 496 485; x_wconf 88' lang='lat' dir='ltr'>minuatur</span> <span class='ocrx_word' id='word_1_38' title='bbox 525 444 761 485; x_wconf 82' lang='lat' dir='ltr'>auctoritas.</span> <span class='ocrx_word' id='word_1_39' title='bbox 809 441 926 488; x_wconf 87' lang='lat' dir='ltr'>Quae</span> <span class='ocrx_word' id='word_1_40' title='bbox 957 452 1051 478; x_wconf 90' lang='lat' dir='ltr'>cum</span> <span class='ocrx_word' id='word_1_41' title='bbox 1075 438 1250 477; x_wconf 84' lang='lat' dir='ltr'>dixisset</span> <span class='ocrx_word' id='word_1_42' title='bbox 1280 437 1371 484; x_wconf 89' lang='lat' dir='ltr'>ille,</span> <span class='ocrx_word' id='word_1_43' title='bbox 1404 434 1527 476; x_wconf 88' lang='lat' dir='ltr'>finem</span> <span class='ocrx_word' id='word_1_44' title='bbox 1549 436 1662 477; x_wconf 88' lang='lat' dir='ltr'>fecit.</span> <span class='ocrx_word' id='word_1_45' title='bbox 1712 435 1777 476; x_wconf 81' lang='grc'>63.</span> <span class='ocrx_word' id='word_1_46' title='bbox 1800 438 2050 479; x_wconf 81' lang='lat' dir='ltr'>Hortensius</span> 
     </span>
     <span class='ocr_line' id='line_1_6' title="bbox 254 499 2052 555; baseline -0.004 -6"><span class='ocrx_word' id='word_1_47' title='bbox 254 513 422 549; x_wconf 70' lang='lat' dir='ltr'>sautem</span> <span class='ocrx_word' id='word_1_48' title='bbox 454 507 723 547; x_wconf 76' lang='lat' dir='ltr'>vehementer</span> <span class='ocrx_word' id='word_1_49' title='bbox 752 502 962 543; x_wconf 87' lang='lat' dir='ltr'>admirans</span> <span class='ocrx_word' id='word_1_50' title='bbox 993 522 1046 529; x_wconf 89' lang='lat'><strong>—</strong></span> <span class='ocrx_word' id='word_1_51' title='bbox 1068 500 1180 552; x_wconf 86' lang='lat' dir='ltr'>qnod</span> <span class='ocrx_word' id='word_1_52' title='bbox 1213 499 1382 553; x_wconf 86' lang='lat' dir='ltr'>quidem</span> <span class='ocrx_word' id='word_1_53' title='bbox 1414 504 1619 552; x_wconf 91' lang='lat' dir='ltr'>perpetuo</span> <span class='ocrx_word' id='word_1_54' title='bbox 1645 500 1822 540; x_wconf 91' lang='lat' dir='ltr'>Lucullo</span> <span class='ocrx_word' id='word_1_55' title='bbox 1853 501 2052 555; x_wconf 83' lang='lat' dir='ltr'>loquente</span> 
     </span>
     <span class='ocr_line' id='line_1_7' title="bbox 284 562 2052 618; baseline -0.003 -8"><span class='ocrx_word' id='word_1_56' title='bbox 284 570 459 616; x_wconf 88' lang='lat' dir='ltr'>fecerat,</span> <span class='ocrx_word' id='word_1_57' title='bbox 488 573 533 608; x_wconf 92' lang='lat' dir='ltr'>ut</span> <span class='ocrx_word' id='word_1_58' title='bbox 563 567 687 607; x_wconf 90' lang='lat' dir='ltr'>etiam</span> <span class='ocrx_word' id='word_1_59' title='bbox 719 578 864 604; x_wconf 88' lang='lat' dir='ltr'>manus</span> <span class='ocrx_word' id='word_1_60' title='bbox 896 576 1022 615; x_wconf 83' lang='lat' dir='ltr'>saepe</span> <span class='ocrx_word' id='word_1_61' title='bbox 1054 562 1242 609; x_wconf 82' lang='lat' dir='ltr'>tolleret3</span> <span class='ocrx_word' id='word_1_62' title='bbox 1284 576 1360 602; x_wconf 85' lang='lat' dir='ltr'>nec</span> <span class='ocrx_word' id='word_1_63' title='bbox 1392 563 1562 602; x_wconf 86' lang='lat' dir='ltr'>mirum:</span> <span class='ocrx_word' id='word_1_64' title='bbox 1600 576 1697 603; x_wconf 90' lang='lat' dir='ltr'>nam</span> <span class='ocrx_word' id='word_1_65' title='bbox 1728 577 1957 618; x_wconf 87' lang='lat' dir='ltr'>numquam</span> <span class='ocrx_word' id='word_1_66' title='bbox 1988 578 2052 605; x_wconf 89' lang='lat' dir='ltr'>ar-</span> 
     </span>
     <span class='ocr_line' id='line_1_8' title="bbox 283 624 2051 680; baseline -0.002 -8"><span class='ocrx_word' id='word_1_67' title='bbox 283 632 417 671; x_wconf 85' lang='lat' dir='ltr'>bitror</span> <span class='ocrx_word' id='word_1_68' title='bbox 447 635 589 671; x_wconf 86' lang='lat' dir='ltr'>contra</span> <span class='ocrx_word' id='word_1_69' title='bbox 618 627 883 668; x_wconf 85' lang='lat' dir='ltr'>Academiam</span> <span class='ocrx_word' id='word_1_70' title='bbox 915 625 1073 665; x_wconf 86' lang='lat' dir='ltr'>dictum</span> <span class='ocrx_word' id='word_1_71' title='bbox 1104 638 1196 664; x_wconf 92' lang='lat' dir='ltr'>esse</span> <span class='ocrx_word' id='word_1_72' title='bbox 1228 624 1421 664; x_wconf 89' lang='lat' dir='ltr'>subtilius</span> <span class='ocrx_word' id='word_1_73' title='bbox 1451 647 1506 652; x_wconf 93' lang='grc'>-</span> <span class='ocrx_word' id='word_1_74' title='bbox 1537 638 1602 665; x_wconf 91' lang='lat' dir='ltr'>me</span> <span class='ocrx_word' id='word_1_75' title='bbox 1631 639 1820 680; x_wconf 92' lang='lat' dir='ltr'>quoque,</span> <span class='ocrx_word' id='word_1_76' title='bbox 1851 627 2051 668; x_wconf 84' lang='lat' dir='ltr'>iocansne</span> 
     </span>
     <span class='ocr_line' id='line_1_9' title="bbox 285 686 2054 741; baseline -0.002 -8"><span class='ocrx_word' id='word_1_77' title='bbox 285 707 337 733; x_wconf 91' lang='lat' dir='ltr'>an</span> <span class='ocrx_word' id='word_1_78' title='bbox 377 694 434 732; x_wconf 88' lang='lat' dir='ltr'>ita</span> <span class='ocrx_word' id='word_1_79' title='bbox 472 692 655 732; x_wconf 89' lang='lat' dir='ltr'>sentiens</span> <span class='ocrx_word' id='word_1_80' title='bbox 694 710 748 718; x_wconf 92' lang='lat'>—</span> <span class='ocrx_word' id='word_1_81' title='bbox 789 702 872 728; x_wconf 91' lang='lat' dir='ltr'>non</span> <span class='ocrx_word' id='word_1_82' title='bbox 913 687 1023 727; x_wconf 90' lang='lat' dir='ltr'>enim</span> <span class='ocrx_word' id='word_1_83' title='bbox 1062 688 1160 727; x_wconf 89' lang='lat' dir='ltr'>satis</span> <span class='ocrx_word' id='word_1_84' title='bbox 1203 686 1498 739; x_wconf 85' lang='lat' dir='ltr'>intellegebam</span> <span class='ocrx_word' id='word_1_85' title='bbox 1528 709 1605 735; x_wconf 92' lang='lat'>—‚</span> <span class='ocrx_word' id='word_1_86' title='bbox 1651 689 1791 741; x_wconf 87' lang='lat' dir='ltr'>coepit</span> <span class='ocrx_word' id='word_1_87' title='bbox 1819 689 1977 730; x_wconf 88' lang='lat' dir='ltr'>hortari</span> <span class='ocrx_word' id='word_1_88' title='bbox 2006 695 2054 730; x_wconf 90' lang='lat' dir='ltr'>ut</span> 
     </span>
     <span class='ocr_line' id='line_1_10' title="bbox 284 749 2051 803; baseline -0.002 -8"><span class='ocrx_word' id='word_1_89' title='bbox 284 754 493 795; x_wconf 86' lang='lat' dir='ltr'>sententia</span> <span class='ocrx_word' id='word_1_90' title='bbox 533 752 789 792; x_wconf 88' lang='lat' dir='ltr'>desisterem.</span> <span class='ocrx_word' id='word_1_91' title='bbox 840 751 946 789; x_wconf 91' lang='lat' dir='ltr'>Tum</span> <span class='ocrx_word' id='word_1_92' title='bbox 979 749 1081 789; x_wconf 92' lang='lat' dir='ltr'>mihi</span> <span class='ocrx_word' id='word_1_93' title='bbox 1115 749 1307 789; x_wconf 87' lang='lat' dir='ltr'>Catulus:</span> <span class='ocrx_word' id='word_1_94' title='bbox 1347 749 1391 789; x_wconf 87' lang='lat' dir='ltr'>Si</span> <span class='ocrx_word' id='word_1_95' title='bbox 1427 754 1488 796; x_wconf 90' lang='lat' dir='ltr'>te,</span> <span class='ocrx_word' id='word_1_96' title='bbox 1526 750 1684 803; x_wconf 87' lang='lat' dir='ltr'>inquit,</span> <span class='ocrx_word' id='word_1_97' title='bbox 1722 751 1886 791; x_wconf 91' lang='lat' dir='ltr'>Luculli</span> <span class='ocrx_word' id='word_1_98' title='bbox 1918 752 2051 792; x_wconf 90' lang='lat' dir='ltr'>oratio</span> 
     </span>
     <span class='ocr_line' id='line_1_11' title="bbox 235 812 2051 869; baseline 0.001 -16"><span class='ocrx_word' id='word_1_99' title='bbox 235 826 268 854; x_wconf 76' lang='grc' dir='ltr'><strong>1ο</strong></span> <span class='ocrx_word' id='word_1_100' title='bbox 283 818 420 863; x_wconf 79' lang='lat' dir='ltr'>flexit,</span> <span class='ocrx_word' id='word_1_101' title='bbox 454 828 558 869; x_wconf 90' lang='lat' dir='ltr'>quae</span> <span class='ocrx_word' id='word_1_102' title='bbox 591 819 654 854; x_wconf 91' lang='lat' dir='ltr'>est</span> <span class='ocrx_word' id='word_1_103' title='bbox 682 813 822 853; x_wconf 90' lang='lat' dir='ltr'>habita</span> <span class='ocrx_word' id='word_1_104' title='bbox 843 812 1106 859; x_wconf 85' lang='lat' dir='ltr'>memoriter,</span> <span class='ocrx_word' id='word_1_105' title='bbox 1138 818 1354 859; x_wconf 88' lang='lat' dir='ltr'>accurate,</span> <span class='ocrx_word' id='word_1_106' title='bbox 1387 812 1578 865; x_wconf 89' lang='lat' dir='ltr'>copiose,</span> <span class='ocrx_word' id='word_1_107' title='bbox 1607 818 1725 853; x_wconf 90' lang='lat' dir='ltr'>taceo</span> <span class='ocrx_word' id='word_1_108' title='bbox 1746 827 1883 868; x_wconf 89' lang='lat' dir='ltr'>neque</span> <span class='ocrx_word' id='word_1_109' title='bbox 1905 820 1945 854; x_wconf 90' lang='lat' dir='ltr'>te</span> <span class='ocrx_word' id='word_1_110' title='bbox 1968 827 2051 868; x_wconf 91' lang='lat' dir='ltr'>quo</span> 
     </span>
     <span class='ocr_line' id='line_1_12' title="bbox 283 874 2052 929; baseline -0.002 -11"><span class='ocrx_word' id='word_1_111' title='bbox 283 879 439 924; x_wconf 89' lang='lat' dir='ltr'>minus,</span> <span class='ocrx_word' id='word_1_112' title='bbox 481 877 514 916; x_wconf 92' lang='lat' dir='ltr'>si</span> <span class='ocrx_word' id='word_1_113' title='bbox 556 876 630 916; x_wconf 90' lang='lat' dir='ltr'>tibi</span> <span class='ocrx_word' id='word_1_114' title='bbox 666 876 724 915; x_wconf 87' lang='lat' dir='ltr'>ita</span> <span class='ocrx_word' id='word_1_115' title='bbox 754 875 966 921; x_wconf 88' lang='lat' dir='ltr'>videatur,</span> <span class='ocrx_word' id='word_1_116' title='bbox 1008 874 1258 913; x_wconf 90' lang='lat' dir='ltr'>sententiam</span> <span class='ocrx_word' id='word_1_117' title='bbox 1290 879 1423 914; x_wconf 89' lang='lat' dir='ltr'>mutes</span> <span class='ocrx_word' id='word_1_118' title='bbox 1456 874 1751 915; x_wconf 90' lang='lat' dir='ltr'>deterrendum</span> <span class='ocrx_word' id='word_1_119' title='bbox 1783 882 1908 929; x_wconf 84' lang='lat' dir='ltr'>puto:</span> <span class='ocrx_word' id='word_1_120' title='bbox 1946 876 2052 916; x_wconf 91' lang='lat' dir='ltr'>illud</span> 
     </span>
     <span class='ocr_line' id='line_1_13' title="bbox 284 936 2052 984; baseline -0.002 -3"><span class='ocrx_word' id='word_1_121' title='bbox 284 954 379 982; x_wconf 90' lang='lat' dir='ltr'>vero</span> <span class='ocrx_word' id='word_1_122' title='bbox 411 953 493 979; x_wconf 92' lang='lat' dir='ltr'>non</span> <span class='ocrx_word' id='word_1_123' title='bbox 526 939 784 984; x_wconf 87' lang='lat' dir='ltr'>censuerim,</span> <span class='ocrx_word' id='word_1_124' title='bbox 815 943 861 977; x_wconf 90' lang='lat' dir='ltr'>ut</span> <span class='ocrx_word' id='word_1_125' title='bbox 892 938 981 977; x_wconf 89' lang='lat' dir='ltr'>eius</span> <span class='ocrx_word' id='word_1_126' title='bbox 1013 936 1259 976; x_wconf 86' lang='lat' dir='ltr'>auctoritate</span> <span class='ocrx_word' id='word_1_127' title='bbox 1293 949 1498 976; x_wconf 79' lang='lat' dir='ltr'>moveare.</span> <span class='ocrx_word' id='word_1_128' title='bbox 1545 938 1724 977; x_wconf 89' lang='lat' dir='ltr'>Tantum</span> <span class='ocrx_word' id='word_1_129' title='bbox 1757 938 1867 977; x_wconf 88' lang='lat' dir='ltr'>enim</span> <span class='ocrx_word' id='word_1_130' title='bbox 1896 952 1982 978; x_wconf 92' lang='lat' dir='ltr'>non</span> <span class='ocrx_word' id='word_1_131' title='bbox 2012 944 2052 978; x_wconf 87' lang='lat' dir='ltr'>te</span> 
     </span>
     <span class='ocr_line' id='line_1_14' title="bbox 283 999 2051 1055; baseline -0.001 -13"><span class='ocrx_word' id='word_1_132' title='bbox 283 1002 407 1042; x_wconf 90' lang='lat' dir='ltr'>modo</span> <span class='ocrx_word' id='word_1_133' title='bbox 439 1001 619 1048; x_wconf 89' lang='lat' dir='ltr'>monuit,</span> <span class='ocrx_word' id='word_1_134' title='bbox 650 1000 788 1053; x_wconf 87' lang='lat' dir='ltr'>inquit</span> <span class='ocrx_word' id='word_1_135' title='bbox 818 1000 1040 1046; x_wconf 88' lang='lat' dir='ltr'>adridens,</span> <span class='ocrx_word' id='word_1_136' title='bbox 1071 1004 1117 1038; x_wconf 93' lang='lat' dir='ltr'>ut</span> <span class='ocrx_word' id='word_1_137' title='bbox 1147 1012 1314 1038; x_wconf 90' lang='lat' dir='ltr'>caveres</span> <span class='ocrx_word' id='word_1_138' title='bbox 1346 1013 1398 1038; x_wconf 91' lang='lat' dir='ltr'>ne</span> <span class='ocrx_word' id='word_1_139' title='bbox 1423 999 1517 1052; x_wconf 91' lang='lat' dir='ltr'>quis</span> <span class='ocrx_word' id='word_1_140' title='bbox 1540 999 1743 1052; x_wconf 89' lang='lat' dir='ltr'>inprobus</span> <span class='ocrx_word' id='word_1_141' title='bbox 1766 1001 1959 1041; x_wconf 87' lang='lat' dir='ltr'>tribunus</span> <span class='ocrx_word' id='word_1_142' title='bbox 1981 1001 2051 1055; x_wconf 71' lang='lat' dir='ltr'>pl„</span> 
     </span>
     <span class='ocr_line' id='line_1_15' title="bbox 284 1061 2051 1118; baseline 0 -15"><span class='ocrx_word' id='word_1_143' title='bbox 284 1077 460 1118; x_wconf 89' lang='lat' dir='ltr'>quorum</span> <span class='ocrx_word' id='word_1_144' title='bbox 492 1063 608 1103; x_wconf 90' lang='lat' dir='ltr'>vides</span> <span class='ocrx_word' id='word_1_145' title='bbox 634 1067 789 1116; x_wconf 87' lang='lat' dir='ltr'>quanta</span> <span class='ocrx_word' id='word_1_146' title='bbox 821 1062 941 1115; x_wconf 87' lang='lat' dir='ltr'>copia</span> <span class='ocrx_word' id='word_1_147' title='bbox 971 1075 1136 1114; x_wconf 89' lang='lat' dir='ltr'>semper</span> <span class='ocrx_word' id='word_1_148' title='bbox 1164 1061 1305 1101; x_wconf 86' lang='lat' dir='ltr'>futura</span> <span class='ocrx_word' id='word_1_149' title='bbox 1336 1062 1411 1109; x_wconf 89' lang='lat' dir='ltr'>sit,</span> <span class='ocrx_word' id='word_1_150' title='bbox 1443 1063 1643 1115; x_wconf 86' lang='lat' dir='ltr'>arriperet</span> <span class='ocrx_word' id='word_1_151' title='bbox 1664 1068 1703 1102; x_wconf 92' lang='lat' dir='ltr'>te</span> <span class='ocrx_word' id='word_1_152' title='bbox 1726 1068 1767 1102; x_wconf 91' lang='lat' dir='ltr'>et</span> <span class='ocrx_word' id='word_1_153' title='bbox 1790 1063 1831 1102; x_wconf 91' lang='lat' dir='ltr'>in</span> <span class='ocrx_word' id='word_1_154' title='bbox 1854 1064 2051 1103; x_wconf 89' lang='lat' dir='ltr'>contione</span> 
     </span>
     <span class='ocr_line' id='line_1_16' title="bbox 235 1124 2052 1180; baseline 0.002 -18"><span class='ocrx_word' id='word_1_155' title='bbox 235 1134 269 1163; x_wconf 74' lang='grc'><strong>15</strong></span> <span class='ocrx_word' id='word_1_156' title='bbox 285 1130 527 1180; x_wconf 85' lang='lat' dir='ltr'>quaereret,</span> <span class='ocrx_word' id='word_1_157' title='bbox 570 1125 641 1178; x_wconf 91' lang='lat' dir='ltr'>qui</span> <span class='ocrx_word' id='word_1_158' title='bbox 675 1124 749 1164; x_wconf 86' lang='lat' dir='ltr'>tibi</span> <span class='ocrx_word' id='word_1_159' title='bbox 783 1130 1018 1171; x_wconf 82' lang='lat' dir='ltr'>constares,</span> <span class='ocrx_word' id='word_1_160' title='bbox 1063 1138 1157 1163; x_wconf 91' lang='lat' dir='ltr'>cum</span> <span class='ocrx_word' id='word_1_161' title='bbox 1189 1124 1299 1163; x_wconf 90' lang='lat' dir='ltr'>idem</span> <span class='ocrx_word' id='word_1_162' title='bbox 1330 1137 1505 1176; x_wconf 84' lang='lat' dir='ltr'>negares</span> <span class='ocrx_word' id='word_1_163' title='bbox 1538 1126 1762 1178; x_wconf 88' lang='lat' dir='ltr'>quicquam</span> <span class='ocrx_word' id='word_1_164' title='bbox 1794 1125 1896 1165; x_wconf 89' lang='lat' dir='ltr'>certi</span> <span class='ocrx_word' id='word_1_165' title='bbox 1928 1138 2052 1178; x_wconf 90' lang='lat' dir='ltr'>posse</span> 
     </span>
     <span class='ocr_line' id='line_1_17' title="bbox 281 1186 2052 1242; baseline -0.001 -14"><span class='ocrx_word' id='word_1_166' title='bbox 281 1188 481 1242; x_wconf 88' lang='lat' dir='ltr'>reperiri,</span> <span class='ocrx_word' id='word_1_167' title='bbox 512 1188 624 1227; x_wconf 89' lang='lat' dir='ltr'>idem</span> <span class='ocrx_word' id='word_1_168' title='bbox 654 1193 694 1227; x_wconf 86' lang='lat' dir='ltr'>te</span> <span class='ocrx_word' id='word_1_169' title='bbox 728 1187 969 1240; x_wconf 89' lang='lat' dir='ltr'>conperisse</span> <span class='ocrx_word' id='word_1_170' title='bbox 1001 1186 1195 1226; x_wconf 85' lang='lat' dir='ltr'>dixisses.</span> <span class='ocrx_word' id='word_1_171' title='bbox 1241 1187 1351 1233; x_wconf 86' lang='lat' dir='ltr'>Hoc,</span> <span class='ocrx_word' id='word_1_172' title='bbox 1384 1200 1562 1239; x_wconf 85' lang='lat' dir='ltr'>quaeso,</span> <span class='ocrx_word' id='word_1_173' title='bbox 1601 1200 1700 1227; x_wconf 84' lang='lat' dir='ltr'>cave</span> <span class='ocrx_word' id='word_1_174' title='bbox 1731 1200 1784 1226; x_wconf 91' lang='lat' dir='ltr'>ne</span> <span class='ocrx_word' id='word_1_175' title='bbox 1815 1192 1854 1226; x_wconf 90' lang='lat' dir='ltr'>te</span> <span class='ocrx_word' id='word_1_176' title='bbox 1887 1192 2052 1227; x_wconf 89' lang='lat' dir='ltr'>terreat.</span> 
     </span>
     <span class='ocr_line' id='line_1_18' title="bbox 282 1248 2053 1302; baseline -0.001 -12"><span class='ocrx_word' id='word_1_177' title='bbox 282 1253 341 1291; x_wconf 90' lang='lat' dir='ltr'>De</span> <span class='ocrx_word' id='word_1_178' title='bbox 374 1263 498 1290; x_wconf 89' lang='lat' dir='ltr'>causa</span> <span class='ocrx_word' id='word_1_179' title='bbox 528 1255 667 1289; x_wconf 91' lang='lat' dir='ltr'>autem</span> <span class='ocrx_word' id='word_1_180' title='bbox 700 1250 791 1302; x_wconf 87' lang='lat' dir='ltr'>ipsa</span> <span class='ocrx_word' id='word_1_181' title='bbox 829 1249 970 1288; x_wconf 89' lang='lat' dir='ltr'>malim</span> <span class='ocrx_word' id='word_1_182' title='bbox 1003 1248 1173 1302; x_wconf 91' lang='lat' dir='ltr'>quidem</span> <span class='ocrx_word' id='word_1_183' title='bbox 1205 1255 1244 1288; x_wconf 91' lang='lat' dir='ltr'>te</span> <span class='ocrx_word' id='word_1_184' title='bbox 1277 1249 1327 1288; x_wconf 88' lang='lat' dir='ltr'>ab</span> <span class='ocrx_word' id='word_1_185' title='bbox 1358 1249 1438 1288; x_wconf 90' lang='lat' dir='ltr'>hoc</span> <span class='ocrx_word' id='word_1_186' title='bbox 1472 1249 1706 1289; x_wconf 84' lang='lat' dir='ltr'>dissentire.</span> <span class='ocrx_word' id='word_1_187' title='bbox 1758 1250 1831 1289; x_wconf 90' lang='lat' dir='ltr'>Sin</span> <span class='ocrx_word' id='word_1_188' title='bbox 1863 1249 2053 1297; x_wconf 89' lang='lat' dir='ltr'>cesseris,</span> 
     </span>
     <span class='ocr_line' id='line_1_19' title="bbox 282 1310 2053 1365; baseline -0.001 -12"><span class='ocrx_word' id='word_1_189' title='bbox 282 1327 366 1353; x_wconf 91' lang='lat' dir='ltr'>non</span> <span class='ocrx_word' id='word_1_190' title='bbox 397 1325 546 1365; x_wconf 86' lang='lat' dir='ltr'>magno</span> <span class='ocrx_word' id='word_1_191' title='bbox 578 1325 704 1364; x_wconf 90' lang='lat' dir='ltr'>opere</span> <span class='ocrx_word' id='word_1_192' title='bbox 736 1311 927 1351; x_wconf 89' lang='lat' dir='ltr'>mirabor.</span> <span class='ocrx_word' id='word_1_193' title='bbox 989 1310 1158 1351; x_wconf 88' lang='lat' dir='ltr'>Memini</span> <span class='ocrx_word' id='word_1_194' title='bbox 1195 1311 1304 1351; x_wconf 91' lang='lat' dir='ltr'>enim</span> <span class='ocrx_word' id='word_1_195' title='bbox 1326 1311 1581 1350; x_wconf 84' lang='lat' dir='ltr'>Antiochum</span> <span class='ocrx_word' id='word_1_196' title='bbox 1614 1312 1772 1364; x_wconf 88' lang='lat' dir='ltr'>ipsum,</span> <span class='ocrx_word' id='word_1_197' title='bbox 1805 1326 1898 1352; x_wconf 90' lang='lat' dir='ltr'>cum</span> <span class='ocrx_word' id='word_1_198' title='bbox 1920 1325 2053 1352; x_wconf 91' lang='lat' dir='ltr'>annos</span> 
     </span>
     <span class='ocr_line' id='line_1_20' title="bbox 283 1373 2054 1421; baseline -0.001 -7"><span class='ocrx_word' id='word_1_199' title='bbox 283 1375 436 1415; x_wconf 90' lang='lat' dir='ltr'>multos</span> <span class='ocrx_word' id='word_1_200' title='bbox 468 1374 548 1414; x_wconf 86' lang='lat' dir='ltr'>alia</span> <span class='ocrx_word' id='word_1_201' title='bbox 579 1374 798 1420; x_wconf 83' lang='lat' dir='ltr'>sensisset,</span> <span class='ocrx_word' id='word_1_202' title='bbox 832 1373 956 1412; x_wconf 89' lang='lat' dir='ltr'>simul</span> <span class='ocrx_word' id='word_1_203' title='bbox 988 1387 1035 1413; x_wconf 87' lang='lat' dir='ltr'>ac</span> <span class='ocrx_word' id='word_1_204' title='bbox 1056 1374 1190 1413; x_wconf 84' lang='lat' dir='ltr'>visum</span> <span class='ocrx_word' id='word_1_205' title='bbox 1214 1374 1284 1421; x_wconf 90' lang='lat' dir='ltr'>sit,</span> <span class='ocrx_word' id='word_1_206' title='bbox 1317 1373 1525 1414; x_wconf 85' lang='lat' dir='ltr'>sententia</span> <span class='ocrx_word' id='word_1_207' title='bbox 1548 1374 1772 1414; x_wconf 87' lang='lat' dir='ltr'>destitisse.</span> <span class='ocrx_word' id='word_1_208' title='bbox 1822 1374 1936 1414; x_wconf 88' lang='lat' dir='ltr'>Haec</span> <span class='ocrx_word' id='word_1_209' title='bbox 1959 1387 2054 1414; x_wconf 88' lang='lat' dir='ltr'>cum</span> 
     </span>
     <span class='ocr_line' id='line_1_21' title="bbox 234 1436 1159 1483; baseline 0 -8"><span class='ocrx_word' id='word_1_210' title='bbox 234 1447 269 1475; x_wconf 74' lang='lat'>20</span> <span class='ocrx_word' id='word_1_211' title='bbox 285 1437 458 1477; x_wconf 83' lang='lat' dir='ltr'>dixisset</span> <span class='ocrx_word' id='word_1_212' title='bbox 490 1436 682 1483; x_wconf 87' lang='lat' dir='ltr'>Catulus,</span> <span class='ocrx_word' id='word_1_213' title='bbox 716 1449 780 1475; x_wconf 88' lang='lat' dir='ltr'>me</span> <span class='ocrx_word' id='word_1_214' title='bbox 814 1449 959 1475; x_wconf 88' lang='lat' dir='ltr'>omnes</span> <span class='ocrx_word' id='word_1_215' title='bbox 992 1436 1159 1475; x_wconf 90' lang='lat' dir='ltr'>intueri.</span> 
     </span>
    </p>

    <p class='ocr_par' dir='ltr' id='par_1_3' title="bbox 283 1496 2055 1740">
     <span class='ocr_line' id='line_1_22' title="bbox 396 1496 2054 1552; baseline 0.001 -15"><span class='ocrx_word' id='word_1_216' title='bbox 396 1499 490 1538; x_wconf 87' lang='lat' dir='ltr'>XX.</span> <span class='ocrx_word' id='word_1_217' title='bbox 522 1496 588 1538; x_wconf 71' lang='lat'>64.</span> <span class='ocrx_word' id='word_1_218' title='bbox 620 1500 726 1537; x_wconf 91' lang='lat' dir='ltr'>Tum</span> <span class='ocrx_word' id='word_1_219' title='bbox 759 1512 834 1551; x_wconf 85' lang='lat' dir='ltr'>ego</span> <span class='ocrx_word' id='word_1_220' title='bbox 867 1512 952 1538; x_wconf 90' lang='lat' dir='ltr'>non</span> <span class='ocrx_word' id='word_1_221' title='bbox 984 1499 1121 1538; x_wconf 90' lang='lat' dir='ltr'>minus</span> <span class='ocrx_word' id='word_1_222' title='bbox 1153 1504 1390 1546; x_wconf 86' lang='lat' dir='ltr'>conmotus,</span> <span class='ocrx_word' id='word_1_223' title='bbox 1422 1512 1545 1552; x_wconf 89' lang='lat' dir='ltr'>quam</span> <span class='ocrx_word' id='word_1_224' title='bbox 1577 1499 1692 1539; x_wconf 90' lang='lat' dir='ltr'>soleo</span> <span class='ocrx_word' id='word_1_225' title='bbox 1725 1499 1768 1539; x_wconf 88' lang='lat' dir='ltr'>in</span> <span class='ocrx_word' id='word_1_226' title='bbox 1799 1500 1936 1540; x_wconf 87' lang='lat' dir='ltr'>causis</span> <span class='ocrx_word' id='word_1_227' title='bbox 1967 1513 2054 1539; x_wconf 89' lang='lat' dir='ltr'>ma-</span> 
     </span>
     <span class='ocr_line' id='line_1_23' title="bbox 283 1561 2054 1614; baseline 0.001 -13"><span class='ocrx_word' id='word_1_228' title='bbox 283 1561 466 1609; x_wconf 90' lang='lat' dir='ltr'>ioribus,</span> <span class='ocrx_word' id='word_1_229' title='bbox 496 1561 622 1600; x_wconf 89' lang='lat' dir='ltr'>huius</span> <span class='ocrx_word' id='word_1_230' title='bbox 655 1561 767 1600; x_wconf 87' lang='lat' dir='ltr'>modi</span> <span class='ocrx_word' id='word_1_231' title='bbox 801 1561 982 1614; x_wconf 72' lang='lat' dir='ltr'>quadam</span> <span class='ocrx_word' id='word_1_232' title='bbox 1016 1562 1201 1601; x_wconf 88' lang='lat' dir='ltr'>oratione</span> <span class='ocrx_word' id='word_1_233' title='bbox 1234 1575 1323 1600; x_wconf 83' lang='lat' dir='ltr'>suin</span> <span class='ocrx_word' id='word_1_234' title='bbox 1356 1574 1555 1601; x_wconf 82' lang='lat' dir='ltr'>exorsus:</span> <span class='ocrx_word' id='word_1_235' title='bbox 1599 1563 1687 1608; x_wconf 87' lang='lat' dir='ltr'>Me,</span> <span class='ocrx_word' id='word_1_236' title='bbox 1721 1562 1889 1609; x_wconf 87' lang='lat' dir='ltr'>Catule,</span> <span class='ocrx_word' id='word_1_237' title='bbox 1921 1562 2054 1602; x_wconf 87' lang='lat' dir='ltr'>oratio</span> 
     </span>
     <span class='ocr_line' id='line_1_24' title="bbox 283 1622 2055 1678; baseline 0.001 -16"><span class='ocrx_word' id='word_1_238' title='bbox 283 1623 446 1662; x_wconf 89' lang='lat' dir='ltr'>Luculli</span> <span class='ocrx_word' id='word_1_239' title='bbox 487 1622 538 1662; x_wconf 89' lang='lat' dir='ltr'>de</span> <span class='ocrx_word' id='word_1_240' title='bbox 577 1623 665 1676; x_wconf 90' lang='lat' dir='ltr'>ipsa</span> <span class='ocrx_word' id='word_1_241' title='bbox 702 1637 745 1663; x_wconf 91' lang='lat' dir='ltr'>re</span> <span class='ocrx_word' id='word_1_242' title='bbox 785 1624 842 1663; x_wconf 91' lang='lat' dir='ltr'>ita</span> <span class='ocrx_word' id='word_1_243' title='bbox 874 1624 1024 1671; x_wconf 88' lang='lat' dir='ltr'>movit,</span> <span class='ocrx_word' id='word_1_244' title='bbox 1066 1633 1110 1664; x_wconf 88' lang='lat' dir='ltr'>ut</span> <span class='ocrx_word' id='word_1_245' title='bbox 1149 1623 1258 1663; x_wconf 87' lang='lat' dir='ltr'>docti</span> <span class='ocrx_word' id='word_1_246' title='bbox 1301 1623 1481 1663; x_wconf 86' lang='lat' dir='ltr'>hominis</span> <span class='ocrx_word' id='word_1_247' title='bbox 1515 1630 1555 1664; x_wconf 92' lang='lat' dir='ltr'>et</span> <span class='ocrx_word' id='word_1_248' title='bbox 1586 1625 1745 1677; x_wconf 88' lang='lat' dir='ltr'>copiosi</span> <span class='ocrx_word' id='word_1_249' title='bbox 1779 1630 1819 1664; x_wconf 90' lang='lat' dir='ltr'>et</span> <span class='ocrx_word' id='word_1_250' title='bbox 1849 1625 1982 1678; x_wconf 85' lang='lat' dir='ltr'>parati</span> <span class='ocrx_word' id='word_1_251' title='bbox 2015 1629 2055 1664; x_wconf 88' lang='lat' dir='ltr'>et</span> 
     </span>
     <span class='ocr_line' id='line_1_25' title="bbox 283 1686 2050 1740; baseline 0.001 -15"><span class='ocrx_word' id='word_1_252' title='bbox 283 1686 390 1726; x_wconf 89' lang='lat' dir='ltr'>nihil</span> <span class='ocrx_word' id='word_1_253' title='bbox 421 1686 726 1739; x_wconf 86' lang='lat' dir='ltr'>praetereuntis</span> <span class='ocrx_word' id='word_1_254' title='bbox 759 1701 926 1734; x_wconf 85' lang='lat' dir='ltr'>eorum,</span> <span class='ocrx_word' id='word_1_255' title='bbox 959 1700 1065 1740; x_wconf 87' lang='lat' dir='ltr'>quae</span> <span class='ocrx_word' id='word_1_256' title='bbox 1097 1699 1172 1739; x_wconf 89' lang='lat' dir='ltr'>pro</span> <span class='ocrx_word' id='word_1_257' title='bbox 1205 1686 1275 1725; x_wconf 87' lang='lat' dir='ltr'>illa</span> <span class='ocrx_word' id='word_1_258' title='bbox 1307 1699 1431 1726; x_wconf 86' lang='lat' dir='ltr'>causa</span> <span class='ocrx_word' id='word_1_259' title='bbox 1453 1687 1535 1726; x_wconf 88' lang='lat' dir='ltr'>dici</span> <span class='ocrx_word' id='word_1_260' title='bbox 1567 1693 1759 1740; x_wconf 90' lang='lat' dir='ltr'>possent,</span> <span class='ocrx_word' id='word_1_261' title='bbox 1791 1701 1874 1727; x_wconf 92' lang='lat' dir='ltr'>non</span> <span class='ocrx_word' id='word_1_262' title='bbox 1898 1692 2050 1734; x_wconf 88' lang='lat' dir='ltr'>tamen,</span> 
     </span>
    </p>

    <p class='ocr_par' dir='ltr' id='par_1_4' title="bbox 233 1748 2056 2366">
     <span class='ocr_line' id='line_1_26' title="bbox 233 1748 2052 1803; baseline 0.001 -15"><span class='ocrx_word' id='word_1_263' title='bbox 233 1754 330 1788; x_wconf 77' lang='lat' dir='ltr'>25ut</span> <span class='ocrx_word' id='word_1_264' title='bbox 370 1749 407 1788; x_wconf 92' lang='lat' dir='ltr'>ei</span> <span class='ocrx_word' id='word_1_265' title='bbox 449 1750 704 1802; x_wconf 90' lang='lat' dir='ltr'>respondere</span> <span class='ocrx_word' id='word_1_266' title='bbox 747 1763 870 1802; x_wconf 88' lang='lat' dir='ltr'>posse</span> <span class='ocrx_word' id='word_1_267' title='bbox 913 1748 1156 1789; x_wconf 79' lang='lat' dir='ltr'>diffiderem.</span> <span class='ocrx_word' id='word_1_268' title='bbox 1221 1751 1457 1788; x_wconf 84' lang='lat' dir='ltr'>Auctoritas</span> <span class='ocrx_word' id='word_1_269' title='bbox 1497 1755 1635 1789; x_wconf 83' lang='lat' dir='ltr'>autem</span> <span class='ocrx_word' id='word_1_270' title='bbox 1676 1755 1791 1790; x_wconf 88' lang='lat' dir='ltr'>tanta</span> <span class='ocrx_word' id='word_1_271' title='bbox 1832 1750 1956 1803; x_wconf 90' lang='lat' dir='ltr'>plane</span> <span class='ocrx_word' id='word_1_272' title='bbox 1988 1763 2052 1789; x_wconf 91' lang='lat' dir='ltr'>me</span> 
     </span>
     <span class='ocr_line' id='line_1_27' title="bbox 284 1811 2053 1865; baseline 0 -14"><span class='ocrx_word' id='word_1_273' title='bbox 284 1812 496 1858; x_wconf 85' lang='lat' dir='ltr'>movebat,</span> <span class='ocrx_word' id='word_1_274' title='bbox 538 1812 617 1851; x_wconf 86' lang='lat' dir='ltr'>nisi</span> <span class='ocrx_word' id='word_1_275' title='bbox 658 1817 702 1851; x_wconf 91' lang='lat' dir='ltr'>tu</span> <span class='ocrx_word' id='word_1_276' title='bbox 734 1813 1002 1865; x_wconf 86' lang='lat' dir='ltr'>opposuisses</span> <span class='ocrx_word' id='word_1_277' title='bbox 1042 1825 1127 1851; x_wconf 90' lang='lat' dir='ltr'>non</span> <span class='ocrx_word' id='word_1_278' title='bbox 1159 1811 1363 1850; x_wconf 89' lang='lat' dir='ltr'>minorem</span> <span class='ocrx_word' id='word_1_279' title='bbox 1394 1818 1519 1851; x_wconf 85' lang='lat' dir='ltr'>tuam.</span> <span class='ocrx_word' id='word_1_280' title='bbox 1569 1813 1802 1865; x_wconf 84' lang='lat' dir='ltr'>Adgrediar</span> <span class='ocrx_word' id='word_1_281' title='bbox 1831 1813 1977 1865; x_wconf 85' lang='lat' dir='ltr'>igitur,</span> <span class='ocrx_word' id='word_1_282' title='bbox 2019 1813 2053 1852; x_wconf 91' lang='lat' dir='ltr'>si</span> 
     </span>
     <span class='ocr_line' id='line_1_28' title="bbox 283 1872 2053 1927; baseline 0.002 -15"><span class='ocrx_word' id='word_1_283' title='bbox 283 1886 417 1926; x_wconf 87' lang='lat' dir='ltr'>pauca</span> <span class='ocrx_word' id='word_1_284' title='bbox 449 1879 544 1913; x_wconf 88' lang='lat' dir='ltr'>ante</span> <span class='ocrx_word' id='word_1_285' title='bbox 576 1875 694 1927; x_wconf 89' lang='lat' dir='ltr'>quasi</span> <span class='ocrx_word' id='word_1_286' title='bbox 727 1875 776 1914; x_wconf 92' lang='lat' dir='ltr'>de</span> <span class='ocrx_word' id='word_1_287' title='bbox 808 1875 915 1914; x_wconf 88' lang='lat' dir='ltr'>sama</span> <span class='ocrx_word' id='word_1_288' title='bbox 947 1888 1039 1915; x_wconf 87' lang='lat' dir='ltr'>mea</span> <span class='ocrx_word' id='word_1_289' title='bbox 1071 1874 1230 1913; x_wconf 73' lang='lat' dir='ltr'>dixero.</span> <span class='ocrx_word' id='word_1_290' title='bbox 1282 1872 1348 1912; x_wconf 68' lang='grc'>65.</span> <span class='ocrx_word' id='word_1_291' title='bbox 1379 1875 1466 1926; x_wconf 85' lang='lat' dir='ltr'>Ego</span> <span class='ocrx_word' id='word_1_292' title='bbox 1491 1875 1600 1914; x_wconf 91' lang='lat' dir='ltr'>enim</span> <span class='ocrx_word' id='word_1_293' title='bbox 1623 1876 1656 1914; x_wconf 92' lang='lat' dir='ltr'>si</span> <span class='ocrx_word' id='word_1_294' title='bbox 1678 1881 1750 1915; x_wconf 92' lang='lat' dir='ltr'>aut</span> <span class='ocrx_word' id='word_1_295' title='bbox 1771 1875 2053 1915; x_wconf 88' lang='lat' dir='ltr'>ostentatione</span> 
     </span>
     <span class='ocr_line' id='line_1_29' title="bbox 284 1936 2053 1990; baseline 0.001 -15"><span class='ocrx_word' id='word_1_296' title='bbox 284 1937 425 1990; x_wconf 86' lang='lat' dir='ltr'>aliqua</span> <span class='ocrx_word' id='word_1_297' title='bbox 465 1936 669 1977; x_wconf 91' lang='lat' dir='ltr'>adductus</span> <span class='ocrx_word' id='word_1_298' title='bbox 711 1944 783 1977; x_wconf 90' lang='lat' dir='ltr'>aut</span> <span class='ocrx_word' id='word_1_299' title='bbox 823 1938 962 1977; x_wconf 89' lang='lat' dir='ltr'>studio</span> <span class='ocrx_word' id='word_1_300' title='bbox 996 1936 1181 1977; x_wconf 76' lang='lat' dir='ltr'>certandi</span> <span class='ocrx_word' id='word_1_301' title='bbox 1220 1937 1271 1976; x_wconf 83' lang='lat' dir='ltr'>ad</span> <span class='ocrx_word' id='word_1_302' title='bbox 1305 1936 1411 1975; x_wconf 90' lang='lat' dir='ltr'>hanc</span> <span class='ocrx_word' id='word_1_303' title='bbox 1443 1937 1707 1990; x_wconf 87' lang='lat' dir='ltr'>potissimum</span> <span class='ocrx_word' id='word_1_304' title='bbox 1738 1937 2053 1990; x_wconf 85' lang='lat' dir='ltr'>philosophiam</span> 
     </span>
     <span class='ocr_line' id='line_1_30' title="bbox 285 1999 2053 2052; baseline 0.001 -15"><span class='ocrx_word' id='word_1_305' title='bbox 285 2013 350 2038; x_wconf 91' lang='lat' dir='ltr'>me</span> <span class='ocrx_word' id='word_1_306' title='bbox 381 1999 606 2052; x_wconf 89' lang='lat' dir='ltr'>adplicavi,</span> <span class='ocrx_word' id='word_1_307' title='bbox 640 2014 724 2039; x_wconf 89' lang='lat' dir='ltr'>non</span> <span class='ocrx_word' id='word_1_308' title='bbox 756 2001 880 2039; x_wconf 85' lang='lat' dir='ltr'>modo</span> <span class='ocrx_word' id='word_1_309' title='bbox 914 2001 1130 2040; x_wconf 87' lang='lat' dir='ltr'>stultitiam</span> <span class='ocrx_word' id='word_1_310' title='bbox 1164 2013 1320 2046; x_wconf 78' lang='lat' dir='ltr'>ineam,</span> <span class='ocrx_word' id='word_1_311' title='bbox 1363 1999 1435 2038; x_wconf 91' lang='lat' dir='ltr'>sed</span> <span class='ocrx_word' id='word_1_312' title='bbox 1467 2000 1590 2038; x_wconf 90' lang='lat' dir='ltr'>etiam</span> <span class='ocrx_word' id='word_1_313' title='bbox 1623 2012 1757 2038; x_wconf 87' lang='lat' dir='ltr'>mores</span> <span class='ocrx_word' id='word_1_314' title='bbox 1791 2004 1832 2039; x_wconf 85' lang='lat' dir='ltr'>et</span> <span class='ocrx_word' id='word_1_315' title='bbox 1860 2006 2053 2039; x_wconf 90' lang='lat' dir='ltr'>naturam</span> 
     </span>
     <span class='ocr_line' id='line_1_31' title="bbox 234 2061 2053 2115; baseline 0 -12"><span class='ocrx_word' id='word_1_316' title='bbox 234 2075 270 2103; x_wconf 90' lang='lat'>30</span> <span class='ocrx_word' id='word_1_317' title='bbox 286 2062 643 2101; x_wconf 89' lang='lat' dir='ltr'>condemnandam</span> <span class='ocrx_word' id='word_1_318' title='bbox 676 2068 789 2115; x_wconf 90' lang='lat' dir='ltr'>puto.</span> <span class='ocrx_word' id='word_1_319' title='bbox 840 2064 941 2102; x_wconf 78' lang='lat' dir='ltr'>Nam</span> <span class='ocrx_word' id='word_1_320' title='bbox 973 2064 1007 2102; x_wconf 87' lang='lat' dir='ltr'>si</span> <span class='ocrx_word' id='word_1_321' title='bbox 1040 2063 1080 2101; x_wconf 91' lang='lat' dir='ltr'>in</span> <span class='ocrx_word' id='word_1_322' title='bbox 1113 2063 1293 2101; x_wconf 87' lang='lat' dir='ltr'>minimis</span> <span class='ocrx_word' id='word_1_323' title='bbox 1321 2062 1444 2101; x_wconf 86' lang='lat' dir='ltr'>rebus</span> <span class='ocrx_word' id='word_1_324' title='bbox 1466 2061 1695 2114; x_wconf 88' lang='lat' dir='ltr'>pertinacia</span> <span class='ocrx_word' id='word_1_325' title='bbox 1717 2062 2053 2115; x_wconf 88' lang='lat' dir='ltr'>reprehenditur,</span> 
     </span>
     <span class='ocr_line' id='line_1_32' title="bbox 285 2123 2056 2177; baseline 0.002 -15"><span class='ocrx_word' id='word_1_326' title='bbox 285 2123 491 2163; x_wconf 86' lang='lat' dir='ltr'>calumnia</span> <span class='ocrx_word' id='word_1_327' title='bbox 522 2124 643 2164; x_wconf 91' lang='lat' dir='ltr'>etiam</span> <span class='ocrx_word' id='word_1_328' title='bbox 675 2130 908 2172; x_wconf 66' lang='lat' dir='ltr'>coercetur,</span> <span class='ocrx_word' id='word_1_329' title='bbox 941 2138 1017 2177; x_wconf 86' lang='lat' dir='ltr'>ego</span> <span class='ocrx_word' id='word_1_330' title='bbox 1050 2126 1100 2164; x_wconf 91' lang='lat' dir='ltr'>de</span> <span class='ocrx_word' id='word_1_331' title='bbox 1133 2125 1245 2163; x_wconf 87' lang='lat' dir='ltr'>omni</span> <span class='ocrx_word' id='word_1_332' title='bbox 1279 2130 1388 2164; x_wconf 89' lang='lat' dir='ltr'>statu</span> <span class='ocrx_word' id='word_1_333' title='bbox 1414 2124 1677 2177; x_wconf 88' lang='lat' dir='ltr'>consilioque</span> <span class='ocrx_word' id='word_1_334' title='bbox 1700 2125 1827 2164; x_wconf 87' lang='lat' dir='ltr'>totius</span> <span class='ocrx_word' id='word_1_335' title='bbox 1850 2126 1959 2166; x_wconf 90' lang='lat' dir='ltr'>vitae</span> <span class='ocrx_word' id='word_1_336' title='bbox 1983 2132 2056 2166; x_wconf 91' lang='lat' dir='ltr'>aut</span> 
     </span>
     <span class='ocr_line' id='line_1_33' title="bbox 286 2187 2055 2240; baseline 0.002 -16"><span class='ocrx_word' id='word_1_337' title='bbox 286 2191 442 2225; x_wconf 88' lang='lat' dir='ltr'>certare</span> <span class='ocrx_word' id='word_1_338' title='bbox 475 2199 568 2225; x_wconf 86' lang='lat' dir='ltr'>cum</span> <span class='ocrx_word' id='word_1_339' title='bbox 600 2187 693 2226; x_wconf 87' lang='lat' dir='ltr'>aliis</span> <span class='ocrx_word' id='word_1_340' title='bbox 726 2188 969 2240; x_wconf 85' lang='lat' dir='ltr'>pugnaciter</span> <span class='ocrx_word' id='word_1_341' title='bbox 999 2193 1069 2227; x_wconf 91' lang='lat' dir='ltr'>aut</span> <span class='ocrx_word' id='word_1_342' title='bbox 1099 2187 1288 2226; x_wconf 87' lang='lat' dir='ltr'>frustrari</span> <span class='ocrx_word' id='word_1_343' title='bbox 1321 2201 1413 2226; x_wconf 91' lang='lat' dir='ltr'>cum</span> <span class='ocrx_word' id='word_1_344' title='bbox 1446 2187 1550 2225; x_wconf 83' lang='lat' dir='ltr'>alios</span> <span class='ocrx_word' id='word_1_345' title='bbox 1574 2192 1662 2225; x_wconf 87' lang='lat' dir='ltr'>tum</span> <span class='ocrx_word' id='word_1_346' title='bbox 1684 2187 1808 2225; x_wconf 87' lang='lat' dir='ltr'>etiam</span> <span class='ocrx_word' id='word_1_347' title='bbox 1831 2188 2055 2240; x_wconf 89' lang='lat' dir='ltr'>meipsum</span> 
     </span>
     <span class='ocr_line' id='line_1_34' title="bbox 285 2248 2053 2303; baseline 0.002 -17"><span class='ocrx_word' id='word_1_348' title='bbox 285 2248 437 2287; x_wconf 73' lang='lat' dir='ltr'>velim?</span> <span class='ocrx_word' id='word_1_349' title='bbox 469 2249 636 2302; x_wconf 86' lang='lat' dir='ltr'>ltaque,</span> <span class='ocrx_word' id='word_1_350' title='bbox 669 2250 749 2288; x_wconf 91' lang='lat' dir='ltr'>nisi</span> <span class='ocrx_word' id='word_1_351' title='bbox 781 2250 969 2302; x_wconf 90' lang='lat' dir='ltr'>ineptum</span> <span class='ocrx_word' id='word_1_352' title='bbox 992 2256 1178 2303; x_wconf 87' lang='lat' dir='ltr'>putarem</span> <span class='ocrx_word' id='word_1_353' title='bbox 1203 2250 1244 2288; x_wconf 88' lang='lat' dir='ltr'>in</span> <span class='ocrx_word' id='word_1_354' title='bbox 1267 2249 1338 2288; x_wconf 88' lang='lat' dir='ltr'>tali</span> <span class='ocrx_word' id='word_1_355' title='bbox 1363 2249 1649 2302; x_wconf 88' lang='lat' dir='ltr'>disputatione</span> <span class='ocrx_word' id='word_1_356' title='bbox 1672 2248 1712 2288; x_wconf 90' lang='lat' dir='ltr'>id</span> <span class='ocrx_word' id='word_1_357' title='bbox 1735 2248 1890 2297; x_wconf 86' lang='lat' dir='ltr'>facere,</span> <span class='ocrx_word' id='word_1_358' title='bbox 1926 2249 2053 2302; x_wconf 91' lang='lat' dir='ltr'>quod,</span> 
     </span>
     <span class='ocr_line' id='line_1_35' title="bbox 287 2310 2053 2366; baseline 0.002 -17"><span class='ocrx_word' id='word_1_359' title='bbox 287 2324 379 2349; x_wconf 91' lang='lat' dir='ltr'>cum</span> <span class='ocrx_word' id='word_1_360' title='bbox 412 2310 462 2350; x_wconf 94' lang='lat' dir='ltr'>de</span> <span class='ocrx_word' id='word_1_361' title='bbox 494 2324 536 2350; x_wconf 89' lang='lat' dir='ltr'>re</span> <span class='ocrx_word' id='word_1_362' title='bbox 568 2311 733 2365; x_wconf 86' lang='lat' dir='ltr'>publica</span> <span class='ocrx_word' id='word_1_363' title='bbox 765 2312 1044 2366; x_wconf 86' lang='lat' dir='ltr'>disceptatur,</span> <span class='ocrx_word' id='word_1_364' title='bbox 1075 2312 1166 2352; x_wconf 85' lang='lat' dir='ltr'>fieri</span> <span class='ocrx_word' id='word_1_365' title='bbox 1197 2312 1406 2351; x_wconf 87' lang='lat' dir='ltr'>interdum</span> <span class='ocrx_word' id='word_1_366' title='bbox 1438 2311 1564 2358; x_wconf 88' lang='lat' dir='ltr'>solet,</span> <span class='ocrx_word' id='word_1_367' title='bbox 1596 2311 1775 2351; x_wconf 88' lang='lat' dir='ltr'>iurarem</span> <span class='ocrx_word' id='word_1_368' title='bbox 1806 2325 1882 2365; x_wconf 92' lang='lat' dir='ltr'>per</span> <span class='ocrx_word' id='word_1_369' title='bbox 1911 2312 2053 2352; x_wconf 88' lang='lat' dir='ltr'>lovem</span> 
     </span>
    </p>
   </div>
   <div class='ocr_carea' id='block_1_3' title="bbox 286 2516 2055 2657">
    <p class='ocr_par' dir='ltr' id='par_1_5' title="bbox 286 2516 2055 2657">
     <span class='ocr_line' id='line_1_36' title="bbox 375 2516 2050 2557; baseline 0.001 -11"><span class='ocrx_word' id='word_1_370' title='bbox 375 2516 405 2546; x_wconf 87' lang='lat' dir='ltr'>l.</span> <span class='ocrx_word' id='word_1_371' title='bbox 432 2516 572 2555; x_wconf 73' lang='lat' dir='ltr'>liqncbal</span> <span class='ocrx_word' id='word_1_372' title='bbox 596 2517 615 2547; x_wconf 71' lang='lat'>⁶2</span> <span class='ocrx_word' id='word_1_373' title='bbox 641 2517 742 2548; x_wconf 78' lang='lat' dir='ltr'>codd.</span> <span class='ocrx_word' id='word_1_374' title='bbox 771 2518 951 2548; x_wconf 80' lang='lat' dir='ltr'>Goerenzii</span> <span class='ocrx_word' id='word_1_375' title='bbox 979 2536 1012 2540; x_wconf 91' lang='lat'>—</span> <span class='ocrx_word' id='word_1_376' title='bbox 1044 2519 1074 2549; x_wconf 68' lang='lat'>⁶2.</span> <span class='ocrx_word' id='word_1_377' title='bbox 1102 2517 1200 2548; x_wconf 78' lang='lat' dir='ltr'>ollam</span> <span class='ocrx_word' id='word_1_378' title='bbox 1225 2516 1263 2547; x_wconf 62' lang='grc' dir='ltr'>Ψ</span> <span class='ocrx_word' id='word_1_379' title='bbox 1293 2536 1324 2539; x_wconf 87' lang='grc'>-</span> <span class='ocrx_word' id='word_1_380' title='bbox 1354 2517 1383 2548; x_wconf 78' lang='lat'>3.</span> <span class='ocrx_word' id='word_1_381' title='bbox 1411 2527 1449 2548; x_wconf 76' lang='lat' dir='ltr'>ne</span> <span class='ocrx_word' id='word_1_382' title='bbox 1473 2518 1528 2548; x_wconf 76' lang='lat' dir='ltr'>illa</span> <span class='ocrx_word' id='word_1_383' title='bbox 1553 2527 1665 2549; x_wconf 75' lang='lat' dir='ltr'>rerum</span> <span class='ocrx_word' id='word_1_384' title='bbox 1689 2527 1815 2557; x_wconf 77' lang='lat' dir='ltr'>quoque</span> <span class='ocrx_word' id='word_1_385' title='bbox 1838 2527 1950 2549; x_wconf 76' lang='lat' dir='ltr'>rerum</span> <span class='ocrx_word' id='word_1_386' title='bbox 1974 2518 2050 2548; x_wconf 82' lang='lat' dir='ltr'>v—</span> 
     </span>
     <span class='ocr_line' id='line_1_37' title="bbox 287 2566 2055 2607; baseline 0.001 -11"><span class='ocrx_word' id='word_1_387' title='bbox 287 2575 413 2605; x_wconf 75' lang='lat' dir='ltr'>quoque</span> <span class='ocrx_word' id='word_1_388' title='bbox 437 2567 460 2596; x_wconf 87' lang='lat' dir='ltr'>B</span> <span class='ocrx_word' id='word_1_389' title='bbox 486 2575 576 2596; x_wconf 80' lang='lat' dir='ltr'>corr.</span> <span class='ocrx_word' id='word_1_390' title='bbox 605 2575 645 2597; x_wconf 78' lang='lat' dir='ltr'>ex</span> <span class='ocrx_word' id='word_1_391' title='bbox 672 2568 757 2605; x_wconf 77' lang='lat' dir='ltr'>quod</span> <span class='ocrx_word' id='word_1_392' title='bbox 785 2584 818 2589; x_wconf 96' lang='lat'><em>-</em></span> <span class='ocrx_word' id='word_1_393' title='bbox 847 2568 876 2598; x_wconf 77' lang='lat'>6.</span> <span class='ocrx_word' id='word_1_394' title='bbox 905 2577 961 2599; x_wconf 78' lang='lat' dir='ltr'>nec</span> <span class='ocrx_word' id='word_1_395' title='bbox 986 2569 1010 2599; x_wconf 85' lang='lat' dir='ltr'>B</span> <span class='ocrx_word' id='word_1_396' title='bbox 1038 2577 1083 2599; x_wconf 80' lang='grc' dir='ltr'>ιη.</span> <span class='ocrx_word' id='word_1_397' title='bbox 1111 2569 1128 2598; x_wconf 65' lang='grc' dir='ltr'>Ξ</span> <span class='ocrx_word' id='word_1_398' title='bbox 1155 2576 1231 2607; x_wconf 85' lang='lat' dir='ltr'>sup.</span> <span class='ocrx_word' id='word_1_399' title='bbox 1261 2567 1302 2598; x_wconf 84' lang='lat' dir='ltr'>lin</span> <span class='ocrx_word' id='word_1_400' title='bbox 1347 2585 1379 2588; x_wconf 71' lang='lat'>—</span> <span class='ocrx_word' id='word_1_401' title='bbox 1411 2568 1460 2597; x_wconf 83' lang='grc'>10,</span> <span class='ocrx_word' id='word_1_402' title='bbox 1485 2571 1624 2601; x_wconf 72' lang='lat' dir='ltr'>ucurale</span> <span class='ocrx_word' id='word_1_403' title='bbox 1648 2566 1739 2598; x_wconf 71' lang='lat' dir='ltr'>A¹V¹</span> <span class='ocrx_word' id='word_1_404' title='bbox 1767 2585 1800 2589; x_wconf 86' lang='lat'>—</span> <span class='ocrx_word' id='word_1_405' title='bbox 1828 2576 1926 2605; x_wconf 74' lang='lat' dir='ltr'>quom</span> <span class='ocrx_word' id='word_1_406' title='bbox 1949 2568 2055 2598; x_wconf 79' lang='lat' dir='ltr'>inusi-</span> 
     </span>
     <span class='ocr_line' id='line_1_38' title="bbox 286 2614 2053 2657; baseline 0.001 -10"><span class='ocrx_word' id='word_1_407' title='bbox 286 2617 342 2647; x_wconf 67' lang='lat' dir='ltr'>[ibt</span> <span class='ocrx_word' id='word_1_408' title='bbox 367 2614 406 2646; x_wconf 81' lang='lat' dir='ltr'>V¹</span> <span class='ocrx_word' id='word_1_409' title='bbox 434 2635 468 2639; x_wconf 83' lang='lat'>—-</span> <span class='ocrx_word' id='word_1_410' title='bbox 495 2617 546 2647; x_wconf 51' lang='lat'>112.</span> <span class='ocrx_word' id='word_1_411' title='bbox 574 2626 639 2647; x_wconf 79' lang='lat' dir='ltr'>mm</span> <span class='ocrx_word' id='word_1_412' title='bbox 663 2621 691 2647; x_wconf 84' lang='lat' dir='ltr'>le</span> <span class='ocrx_word' id='word_1_413' title='bbox 716 2619 809 2648; x_wconf 79' lang='lat' dir='ltr'>modo</span> <span class='ocrx_word' id='word_1_414' title='bbox 836 2619 976 2649; x_wconf 62' lang='lat' dir='ltr'>Das-ies:</span> <span class='ocrx_word' id='word_1_415' title='bbox 1013 2622 1042 2649; x_wconf 84' lang='lat' dir='ltr'>le</span> <span class='ocrx_word' id='word_1_416' title='bbox 1065 2628 1126 2648; x_wconf 78' lang='lat' dir='ltr'>non</span> <span class='ocrx_word' id='word_1_417' title='bbox 1153 2620 1247 2648; x_wconf 78' lang='lat' dir='ltr'>modo</span> <span class='ocrx_word' id='word_1_418' title='bbox 1274 2618 1316 2649; x_wconf 87' lang='lat' dir='ltr'>C:</span> <span class='ocrx_word' id='word_1_419' title='bbox 1344 2627 1408 2647; x_wconf 67' lang='lat' dir='ltr'>rnon</span> <span class='ocrx_word' id='word_1_420' title='bbox 1433 2621 1462 2647; x_wconf 80' lang='lat' dir='ltr'>le</span> <span class='ocrx_word' id='word_1_421' title='bbox 1486 2618 1522 2648; x_wconf 93' lang='lat' dir='ltr'>O.</span> <span class='ocrx_word' id='word_1_422' title='bbox 1561 2618 1696 2657; x_wconf 61' lang='lat' dir='ltr'>Madx&#39;ig</span> <span class='ocrx_word' id='word_1_423' title='bbox 1720 2626 1753 2657; x_wconf 91' lang='lat' dir='ltr'>p.</span> <span class='ocrx_word' id='word_1_424' title='bbox 1781 2617 1860 2647; x_wconf 74' lang='lat'>460:</span> <span class='ocrx_word' id='word_1_425' title='bbox 1889 2617 2053 2648; x_wconf 77' lang='lat' dir='ltr'>«scribae</span> 
     </span>
    </p>
   </div>
   <div class='ocr_carea' id='block_1_4' title="bbox 286 2666 2056 3306">
    <p class='ocr_par' dir='ltr' id='par_1_6' title="bbox 286 2666 2056 3306">
     <span class='ocr_line' id='line_1_39' title="bbox 287 2666 2055 2706; baseline 0 -9"><span class='ocrx_word' id='word_1_426' title='bbox 287 2666 425 2706; x_wconf 79' lang='lat' dir='ltr'>decepti</span> <span class='ocrx_word' id='word_1_427' title='bbox 452 2675 515 2696; x_wconf 78' lang='lat' dir='ltr'>non</span> <span class='ocrx_word' id='word_1_428' title='bbox 538 2667 632 2696; x_wconf 41' lang='lat' dir='ltr'>*modo</span> <span class='ocrx_word' id='word_1_429' title='bbox 659 2667 847 2706; x_wconf 79' lang='lat' dir='ltr'>iungebant</span> <span class='ocrx_word' id='word_1_430' title='bbox 872 2677 939 2698; x_wconf 88' lang='lat' dir='ltr'>non</span> <span class='ocrx_word' id='word_1_431' title='bbox 958 2668 1132 2702; x_wconf 44' lang='lat' dir='ltr'>vidente&amp;</span> <span class='ocrx_word' id='word_1_432' title='bbox 1160 2668 1254 2697; x_wconf 67' lang='lat' dir='ltr'>morlo</span> <span class='ocrx_word' id='word_1_433' title='bbox 1280 2676 1358 2697; x_wconf 79' lang='lat' dir='ltr'>esse</span> <span class='ocrx_word' id='word_1_434' title='bbox 1382 2668 1482 2706; x_wconf 75' lang='lat' dir='ltr'>panto</span> <span class='ocrx_word' id='word_1_435' title='bbox 1502 2671 1592 2701; x_wconf 71' lang='lat' dir='ltr'>ante.</span> <span class='ocrx_word' id='word_1_436' title='bbox 1620 2667 1712 2706; x_wconf 81' lang='lat' dir='ltr'>quod</span> <span class='ocrx_word' id='word_1_437' title='bbox 1732 2675 1811 2698; x_wconf 85' lang='lat' dir='ltr'>cum</span> <span class='ocrx_word' id='word_1_438' title='bbox 1831 2667 1873 2697; x_wconf 84' lang='lat' dir='ltr'>ita</span> <span class='ocrx_word' id='word_1_439' title='bbox 1891 2667 1952 2705; x_wconf 82' lang='lat' dir='ltr'>sit,</span> <span class='ocrx_word' id='word_1_440' title='bbox 1978 2670 2055 2697; x_wconf 84' lang='lat' dir='ltr'>lan-</span> 
     </span>
     <span class='ocr_line' id='line_1_40' title="bbox 286 2716 2056 2757; baseline 0 -11"><span class='ocrx_word' id='word_1_441' title='bbox 286 2720 354 2746; x_wconf 80' lang='lat' dir='ltr'>tum</span> <span class='ocrx_word' id='word_1_442' title='bbox 378 2724 441 2746; x_wconf 78' lang='lat' dir='ltr'>non</span> <span class='ocrx_word' id='word_1_443' title='bbox 467 2716 607 2746; x_wconf 83' lang='lat' dir='ltr'>omnino</span> <span class='ocrx_word' id='word_1_444' title='bbox 634 2717 855 2748; x_wconf 81' lang='lat' dir='ltr'>retinendum</span> <span class='ocrx_word' id='word_1_445' title='bbox 882 2720 952 2748; x_wconf 78' lang='lat' dir='ltr'>est:</span> <span class='ocrx_word' id='word_1_446' title='bbox 977 2718 1211 2757; x_wconf 74' lang='lat' dir='ltr'>propemodum</span> <span class='ocrx_word' id='word_1_447' title='bbox 1237 2719 1321 2747; x_wconf 76' lang='lat' dir='ltr'>emm</span> <span class='ocrx_word' id='word_1_448' title='bbox 1343 2718 1444 2756; x_wconf 74' lang='lat' dir='ltr'>paulo</span> <span class='ocrx_word' id='word_1_449' title='bbox 1469 2721 1543 2747; x_wconf 77' lang='lat' dir='ltr'>unte</span> <span class='ocrx_word' id='word_1_450' title='bbox 1567 2721 1595 2748; x_wconf 80' lang='lat' dir='ltr'>le</span> <span class='ocrx_word' id='word_1_451' title='bbox 1617 2718 1743 2747; x_wconf 75' lang='lat' dir='ltr'>monuit</span> <span class='ocrx_word' id='word_1_452' title='bbox 1768 2718 1854 2752; x_wconf 77' lang='lat' dir='ltr'>eet.;</span> <span class='ocrx_word' id='word_1_453' title='bbox 1882 2716 1971 2746; x_wconf 80' lang='lat' dir='ltr'>hanc</span> <span class='ocrx_word' id='word_1_454' title='bbox 1996 2724 2056 2746; x_wconf 83' lang='lat' dir='ltr'>au-</span> 
     </span>
     <span class='ocr_line' id='line_1_41' title="bbox 287 2766 2054 2806; baseline -0.001 -9"><span class='ocrx_word' id='word_1_455' title='bbox 287 2768 358 2797; x_wconf 79' lang='lat' dir='ltr'>tem</span> <span class='ocrx_word' id='word_1_456' title='bbox 391 2766 713 2805; x_wconf 76' lang='lat' dir='ltr'>interpretationem</span> <span class='ocrx_word' id='word_1_457' title='bbox 746 2776 826 2798; x_wconf 80' lang='lat' dir='ltr'>cuni</span> <span class='ocrx_word' id='word_1_458' title='bbox 860 2767 1001 2799; x_wconf 83' lang='lat' dir='ltr'>Catulus</span> <span class='ocrx_word' id='word_1_459' title='bbox 1031 2767 1224 2799; x_wconf 74' lang='lat' dir='ltr'>caxillando</span> <span class='ocrx_word' id='word_1_460' title='bbox 1258 2767 1385 2798; x_wconf 83' lang='lat' dir='ltr'>Luculli</span> <span class='ocrx_word' id='word_1_461' title='bbox 1411 2767 1528 2798; x_wconf 60' lang='lat' dir='ltr'>xerbis</span> <span class='ocrx_word' id='word_1_462' title='bbox 1553 2767 1731 2798; x_wconf 79' lang='lat' dir='ltr'>subiceret</span> <span class='ocrx_word' id='word_1_463' title='bbox 1758 2766 1787 2806; x_wconf 66' lang='lat' dir='ltr'>(g</span> <span class='ocrx_word' id='word_1_464' title='bbox 1814 2766 1883 2804; x_wconf 74' lang='lat'>62),</span> <span class='ocrx_word' id='word_1_465' title='bbox 1922 2774 2003 2797; x_wconf 87' lang='lat' dir='ltr'>cum</span> <span class='ocrx_word' id='word_1_466' title='bbox 2034 2774 2054 2796; x_wconf 87' lang='lat' dir='ltr'>a</span> 
     </span>
     <span class='ocr_line' id='line_1_42' title="bbox 288 2814 2055 2857; baseline 0.001 -12"><span class='ocrx_word' id='word_1_467' title='bbox 288 2814 428 2846; x_wconf 89' lang='lat' dir='ltr'>Lucullo</span> <span class='ocrx_word' id='word_1_468' title='bbox 460 2815 632 2846; x_wconf 82' lang='lat' dir='ltr'>tribunicii</span> <span class='ocrx_word' id='word_1_469' title='bbox 658 2816 825 2848; x_wconf 84' lang='lat' dir='ltr'>tumultus</span> <span class='ocrx_word' id='word_1_470' title='bbox 850 2817 940 2848; x_wconf 86' lang='lat' dir='ltr'>nulla</span> <span class='ocrx_word' id='word_1_471' title='bbox 968 2819 1096 2848; x_wconf 81' lang='lat' dir='ltr'>mentio</span> <span class='ocrx_word' id='word_1_472' title='bbox 1124 2818 1209 2848; x_wconf 79' lang='lat' dir='ltr'>lacta</span> <span class='ocrx_word' id='word_1_473' title='bbox 1237 2820 1347 2853; x_wconf 78' lang='lat' dir='ltr'>esset,</span> <span class='ocrx_word' id='word_1_474' title='bbox 1383 2816 1587 2857; x_wconf 82' lang='lat' dir='ltr'>particulam</span> <span class='ocrx_word' id='word_1_475' title='bbox 1613 2818 1707 2847; x_wconf 59' lang='lat' dir='ltr'>morlo</span> <span class='ocrx_word' id='word_1_476' title='bbox 1732 2817 1933 2847; x_wconf 82' lang='lat' dir='ltr'>necessario</span> <span class='ocrx_word' id='word_1_477' title='bbox 1957 2816 2055 2847; x_wconf 86' lang='lat' dir='ltr'>adie-</span> 
     </span>
     <span class='ocr_line' id='line_1_43' title="bbox 288 2863 2055 2908; baseline 0.001 -13"><span class='ocrx_word' id='word_1_478' title='bbox 288 2865 377 2895; x_wconf 82' lang='lat' dir='ltr'>cisse</span> <span class='ocrx_word' id='word_1_479' title='bbox 404 2867 581 2903; x_wconf 49' lang='lat' dir='ltr'>apparet.»</span> <span class='ocrx_word' id='word_1_480' title='bbox 620 2865 686 2896; x_wconf 86' lang='lat' dir='ltr'>Sed</span> <span class='ocrx_word' id='word_1_481' title='bbox 712 2875 792 2897; x_wconf 77' lang='lat' dir='ltr'>cuni</span> <span class='ocrx_word' id='word_1_482' title='bbox 819 2866 999 2897; x_wconf 86' lang='lat' dir='ltr'>locutionis</span> <span class='ocrx_word' id='word_1_483' title='bbox 1024 2871 1151 2898; x_wconf 74' lang='lat' dir='ltr'>lantum</span> <span class='ocrx_word' id='word_1_484' title='bbox 1184 2877 1245 2897; x_wconf 79' lang='lat' dir='ltr'>non</span> <span class='ocrx_word' id='word_1_485' title='bbox 1274 2869 1325 2901; x_wconf 55' lang='lat' dir='ltr'>i:</span> <span class='ocrx_word' id='word_1_486' title='bbox 1348 2865 1469 2908; x_wconf 76' lang='grc' dir='ltr'><em>μόνοι·</em></span> <span class='ocrx_word' id='word_1_487' title='bbox 1495 2863 1539 2898; x_wconf 76' lang='grc' dir='ltr'>οὐ</span> <span class='ocrx_word' id='word_1_488' title='bbox 1565 2876 1591 2897; x_wconf 90' lang='lat' dir='ltr'>s.</span> <span class='ocrx_word' id='word_1_489' title='bbox 1621 2864 1723 2904; x_wconf 75' lang='grc' dir='ltr'>οὐχί)</span> <span class='ocrx_word' id='word_1_490' title='bbox 1751 2875 1818 2897; x_wconf 89' lang='lat' dir='ltr'>non</span> <span class='ocrx_word' id='word_1_491' title='bbox 1844 2864 1935 2896; x_wconf 85' lang='lat' dir='ltr'>aliud</span> <span class='ocrx_word' id='word_1_492' title='bbox 1961 2865 2055 2906; x_wconf 84' lang='lat' dir='ltr'>apud</span> 
     </span>
     <span class='ocr_line' id='line_1_44' title="bbox 289 2916 2054 2956; baseline 0.001 -10"><span class='ocrx_word' id='word_1_493' title='bbox 289 2916 497 2946; x_wconf 81' lang='lat' dir='ltr'>Ciceronem</span> <span class='ocrx_word' id='word_1_494' title='bbox 523 2917 634 2946; x_wconf 62' lang='lat' dir='ltr'>exstet</span> <span class='ocrx_word' id='word_1_495' title='bbox 660 2916 878 2956; x_wconf 74' lang='lat' dir='ltr'>exemplum,</span> <span class='ocrx_word' id='word_1_496' title='bbox 906 2917 982 2948; x_wconf 63' lang='lat' dir='ltr'>vide</span> <span class='ocrx_word' id='word_1_497' title='bbox 1009 2927 1051 2949; x_wconf 88' lang='lat' dir='ltr'>ne</span> <span class='ocrx_word' id='word_1_498' title='bbox 1077 2919 1206 2949; x_wconf 73' lang='lat' dir='ltr'>rectius</span> <span class='ocrx_word' id='word_1_499' title='bbox 1225 2917 1417 2951; x_wconf 73' lang='lat' dir='ltr'>scribatur.</span> <span class='ocrx_word' id='word_1_500' title='bbox 1445 2919 1479 2947; x_wconf 92' lang='lat' dir='ltr'>ut</span> <span class='ocrx_word' id='word_1_501' title='bbox 1499 2917 1611 2947; x_wconf 84' lang='lat' dir='ltr'>Christ</span> <span class='ocrx_word' id='word_1_502' title='bbox 1632 2916 1798 2947; x_wconf 82' lang='lat' dir='ltr'>coniecit·</span> <span class='ocrx_word' id='word_1_503' title='bbox 1825 2919 1954 2946; x_wconf 81' lang='lat' dir='ltr'>tantum</span> <span class='ocrx_word' id='word_1_504' title='bbox 1968 2917 2054 2947; x_wconf 77' lang='lat' dir='ltr'>enim</span> 
     </span>
     <span class='ocr_line' id='line_1_45' title="bbox 288 2964 2051 3008; baseline 0.001 -13"><span class='ocrx_word' id='word_1_505' title='bbox 288 2968 316 2995; x_wconf 73' lang='lat' dir='ltr'>te</span> <span class='ocrx_word' id='word_1_506' title='bbox 340 2965 434 2994; x_wconf 69' lang='lat' dir='ltr'>inodo</span> <span class='ocrx_word' id='word_1_507' title='bbox 458 2964 601 3002; x_wconf 63' lang='lat' dir='ltr'>monuit,</span> <span class='ocrx_word' id='word_1_508' title='bbox 629 2966 648 2995; x_wconf 90' lang='lat' dir='ltr'>i.</span> <span class='ocrx_word' id='word_1_509' title='bbox 670 2974 700 2995; x_wconf 90' lang='lat' dir='ltr'>e.</span> <span class='ocrx_word' id='word_1_510' title='bbox 729 2966 793 2996; x_wconf 73' lang='lat' dir='ltr'>hoc</span> <span class='ocrx_word' id='word_1_511' title='bbox 819 2968 952 2997; x_wconf 79' lang='lat' dir='ltr'>tantun]</span> <span class='ocrx_word' id='word_1_512' title='bbox 972 2967 1064 3003; x_wconf 66' lang='lat' dir='ltr'>(nillil</span> <span class='ocrx_word' id='word_1_513' title='bbox 1086 2970 1277 3008; x_wconf 71' lang='lat' dir='ltr'>praeterea)</span> <span class='ocrx_word' id='word_1_514' title='bbox 1305 2971 1337 2998; x_wconf 72' lang='lat' dir='ltr'>te</span> <span class='ocrx_word' id='word_1_515' title='bbox 1365 2966 1465 3007; x_wconf 80' lang='lat' dir='ltr'>paulo</span> <span class='ocrx_word' id='word_1_516' title='bbox 1492 2969 1571 2997; x_wconf 85' lang='lat' dir='ltr'>ante</span> <span class='ocrx_word' id='word_1_517' title='bbox 1598 2967 1730 2997; x_wconf 83' lang='lat' dir='ltr'>monuit</span> <span class='ocrx_word' id='word_1_518' title='bbox 1757 2967 1791 2995; x_wconf 92' lang='lat' dir='ltr'>ut</span> <span class='ocrx_word' id='word_1_519' title='bbox 1809 2973 1953 2996; x_wconf 61' lang='lat' dir='ltr'>caveres</span> <span class='ocrx_word' id='word_1_520' title='bbox 1970 2967 2051 3003; x_wconf 82' lang='lat' dir='ltr'>cet.,</span> 
     </span>
     <span class='ocr_line' id='line_1_46' title="bbox 289 3012 2054 3056; baseline 0.001 -12"><span class='ocrx_word' id='word_1_521' title='bbox 289 3012 350 3044; x_wconf 82' lang='lat' dir='ltr'>scd</span> <span class='ocrx_word' id='word_1_522' title='bbox 377 3013 442 3044; x_wconf 84' lang='lat' dir='ltr'>hoc</span> <span class='ocrx_word' id='word_1_523' title='bbox 468 3014 560 3053; x_wconf 87' lang='lat' dir='ltr'>quod</span> <span class='ocrx_word' id='word_1_524' title='bbox 587 3015 722 3045; x_wconf 83' lang='lat' dir='ltr'>monuit</span> <span class='ocrx_word' id='word_1_525' title='bbox 747 3015 821 3046; x_wconf 63' lang='lat' dir='ltr'>leve</span> <span class='ocrx_word' id='word_1_526' title='bbox 848 3019 899 3046; x_wconf 73' lang='lat' dir='ltr'>est</span> <span class='ocrx_word' id='word_1_527' title='bbox 926 3026 989 3047; x_wconf 84' lang='lat' dir='ltr'>nec</span> <span class='ocrx_word' id='word_1_528' title='bbox 1015 3017 1156 3055; x_wconf 68' lang='lat' dir='ltr'>dignuin</span> <span class='ocrx_word' id='word_1_529' title='bbox 1177 3018 1271 3056; x_wconf 75' lang='lat' dir='ltr'>quod</span> <span class='ocrx_word' id='word_1_530' title='bbox 1298 3020 1329 3048; x_wconf 70' lang='lat' dir='ltr'>te</span> <span class='ocrx_word' id='word_1_531' title='bbox 1353 3020 1492 3048; x_wconf 77' lang='lat' dir='ltr'>terreat.</span> <span class='ocrx_word' id='word_1_532' title='bbox 1518 3035 1549 3039; x_wconf 90' lang='lat'>—</span> <span class='ocrx_word' id='word_1_533' title='bbox 1583 3017 1629 3047; x_wconf 82' lang='grc'><strong>13.</strong></span> <span class='ocrx_word' id='word_1_534' title='bbox 1651 3015 1825 3047; x_wconf 75' lang='lat' dir='ltr'>w-idensV</span> <span class='ocrx_word' id='word_1_535' title='bbox 1847 3032 1880 3036; x_wconf 92' lang='lat'><strong>—</strong></span> <span class='ocrx_word' id='word_1_536' title='bbox 1910 3014 1961 3046; x_wconf 71' lang='lat'>44.</span> <span class='ocrx_word' id='word_1_537' title='bbox 1979 3024 2054 3046; x_wconf 79' lang='lat' dir='ltr'>con-</span> 
     </span>
     <span class='ocr_line' id='line_1_47' title="bbox 288 3063 2049 3106; baseline 0.001 -13"><span class='ocrx_word' id='word_1_538' title='bbox 288 3063 428 3093; x_wconf 72' lang='lat' dir='ltr'>tentione</span> <span class='ocrx_word' id='word_1_539' title='bbox 452 3063 474 3093; x_wconf 86' lang='lat' dir='ltr'>B</span> <span class='ocrx_word' id='word_1_540' title='bbox 504 3080 536 3084; x_wconf 92' lang='lat'>—</span> <span class='ocrx_word' id='word_1_541' title='bbox 576 3065 626 3094; x_wconf 75' lang='grc'><strong>16.</strong></span> <span class='ocrx_word' id='word_1_542' title='bbox 654 3066 813 3103; x_wconf 72' lang='lat' dir='ltr'>repperiri</span> <span class='ocrx_word' id='word_1_543' title='bbox 838 3069 861 3096; x_wconf 77' lang='grc' dir='ltr'>Α</span> <span class='ocrx_word' id='word_1_544' title='bbox 881 3067 900 3096; x_wconf 64' lang='grc'>11</span> <span class='ocrx_word' id='word_1_545' title='bbox 929 3084 962 3087; x_wconf 85' lang='grc'><strong>-</strong></span> <span class='ocrx_word' id='word_1_546' title='bbox 1001 3076 1080 3097; x_wconf 76' lang='lat' dir='ltr'>carc</span> <span class='ocrx_word' id='word_1_547' title='bbox 1104 3075 1172 3097; x_wconf 83' lang='lat'>0111.</span> <span class='ocrx_word' id='word_1_548' title='bbox 1202 3068 1225 3097; x_wconf 74' lang='grc' dir='ltr'>Ε</span> <span class='ocrx_word' id='word_1_549' title='bbox 1256 3086 1287 3088; x_wconf 92' lang='grc'>-</span> <span class='ocrx_word' id='word_1_550' title='bbox 1324 3068 1373 3098; x_wconf 73' lang='grc'><strong>17.</strong></span> <span class='ocrx_word' id='word_1_551' title='bbox 1403 3070 1506 3106; x_wconf 71' lang='lat' dir='ltr'>ilisa-m</span> <span class='ocrx_word' id='word_1_552' title='bbox 1530 3067 1568 3097; x_wconf 71' lang='lat'>13¹</span> <span class='ocrx_word' id='word_1_553' title='bbox 1595 3085 1628 3089; x_wconf 92' lang='lat'>—</span> <span class='ocrx_word' id='word_1_554' title='bbox 1660 3068 1807 3106; x_wconf 77' lang='lat' dir='ltr'>equidem</span> <span class='ocrx_word' id='word_1_555' title='bbox 1832 3067 1987 3096; x_wconf 82' lang='lat' dir='ltr'>Goercnz</span> <span class='ocrx_word' id='word_1_556' title='bbox 2015 3083 2049 3088; x_wconf 73' lang='grc'>-</span> 
     </span>
     <span class='ocr_line' id='line_1_48' title="bbox 290 3112 2047 3151; baseline 0.002 -9"><span class='ocrx_word' id='word_1_557' title='bbox 290 3112 342 3143; x_wconf 72' lang='grc'>48.</span> <span class='ocrx_word' id='word_1_558' title='bbox 368 3120 566 3151; x_wconf 62' lang='grc' dir='ltr'>νιαῃηωρθνθ</span> <span class='ocrx_word' id='word_1_559' title='bbox 600 3115 663 3145; x_wconf 79' lang='grc' dir='ltr'>ΑΒ</span> <span class='ocrx_word' id='word_1_560' title='bbox 703 3133 735 3136; x_wconf 67' lang='lat'>—</span> <span class='ocrx_word' id='word_1_561' title='bbox 774 3116 981 3146; x_wconf 74' lang='lat' dir='ltr'>‹inllzioclmm</span> <span class='ocrx_word' id='word_1_562' title='bbox 1005 3119 1029 3147; x_wconf 69' lang='lat' dir='ltr'>A</span> <span class='ocrx_word' id='word_1_563' title='bbox 1062 3133 1094 3137; x_wconf 88' lang='lat'>—</span> <span class='ocrx_word' id='word_1_564' title='bbox 1136 3116 1185 3146; x_wconf 80' lang='grc'><strong>19.</strong></span> <span class='ocrx_word' id='word_1_565' title='bbox 1213 3117 1279 3146; x_wconf 75' lang='lat' dir='ltr'>acia</span> <span class='ocrx_word' id='word_1_566' title='bbox 1313 3118 1359 3147; x_wconf 87' lang='lat' dir='ltr'>C:</span> <span class='ocrx_word' id='word_1_567' title='bbox 1399 3118 1480 3147; x_wconf 71' lang='lat' dir='ltr'>talia</span> <span class='ocrx_word' id='word_1_568' title='bbox 1511 3117 1565 3147; x_wconf 74' lang='grc' dir='ltr'>ΓΟ</span> <span class='ocrx_word' id='word_1_569' title='bbox 1602 3134 1635 3137; x_wconf 77' lang='lat'><em>-</em></span> <span class='ocrx_word' id='word_1_570' title='bbox 1674 3116 1791 3147; x_wconf 79' lang='lat' dir='ltr'>malim</span> <span class='ocrx_word' id='word_1_571' title='bbox 1814 3117 1919 3147; x_wconf 71' lang='lat' dir='ltr'>visum</span> <span class='ocrx_word' id='word_1_572' title='bbox 1942 3119 1986 3146; x_wconf 81' lang='lat' dir='ltr'>est</span> <span class='ocrx_word' id='word_1_573' title='bbox 2013 3133 2047 3138; x_wconf 98' lang='lat'>—</span> 
     </span>
     <span class='ocr_line' id='line_1_49' title="bbox 288 3163 2051 3205; baseline 0.001 -12"><span class='ocrx_word' id='word_1_574' title='bbox 288 3164 341 3193; x_wconf 68' lang='lat'>22.</span> <span class='ocrx_word' id='word_1_575' title='bbox 368 3163 536 3202; x_wconf 78' lang='lat' dir='ltr'>quandam</span> <span class='ocrx_word' id='word_1_576' title='bbox 559 3165 741 3194; x_wconf 79' lang='lat' dir='ltr'>orationem</span> <span class='ocrx_word' id='word_1_577' title='bbox 766 3168 789 3195; x_wconf 80' lang='lat' dir='ltr'><em>O</em></span> <span class='ocrx_word' id='word_1_578' title='bbox 815 3175 894 3196; x_wconf 75' lang='lat' dir='ltr'>cuni</span> <span class='ocrx_word' id='word_1_579' title='bbox 923 3166 1040 3197; x_wconf 73' lang='lat' dir='ltr'>Lami).</span> <span class='ocrx_word' id='word_1_580' title='bbox 1072 3183 1104 3187; x_wconf 46' lang='grc' dir='ltr'><strong>ψ</strong></span> <span class='ocrx_word' id='word_1_581' title='bbox 1133 3167 1250 3196; x_wconf 71' lang='lat' dir='ltr'>cultille</span> <span class='ocrx_word' id='word_1_582' title='bbox 1273 3168 1297 3196; x_wconf 82' lang='lat' dir='ltr'>A</span> <span class='ocrx_word' id='word_1_583' title='bbox 1325 3183 1358 3187; x_wconf 73' lang='lat'>—-</span> <span class='ocrx_word' id='word_1_584' title='bbox 1399 3167 1450 3198; x_wconf 62' lang='lat'>⁴25.</span> <span class='ocrx_word' id='word_1_585' title='bbox 1478 3166 1665 3204; x_wconf 66' lang='lat' dir='ltr'>responderi</span> <span class='ocrx_word' id='word_1_586' title='bbox 1690 3168 1832 3203; x_wconf 69' lang='lat' dir='ltr'>Daxies,</span> <span class='ocrx_word' id='word_1_587' title='bbox 1858 3166 2051 3205; x_wconf 74' lang='lat' dir='ltr'>respondere</span> 
     </span>
     <span class='ocr_line' id='line_1_50' title="bbox 289 3212 2046 3255; baseline 0.003 -12"><span class='ocrx_word' id='word_1_588' title='bbox 289 3221 339 3243; x_wconf 80' lang='lat' dir='ltr'>me</span> <span class='ocrx_word' id='word_1_589' title='bbox 364 3212 503 3250; x_wconf 80' lang='lat' dir='ltr'>Lamb.;</span> <span class='ocrx_word' id='word_1_590' title='bbox 537 3215 570 3244; x_wconf 79' lang='lat' dir='ltr'>at</span> <span class='ocrx_word' id='word_1_591' title='bbox 594 3222 625 3244; x_wconf 87' lang='lat' dir='ltr'>v.</span> <span class='ocrx_word' id='word_1_592' title='bbox 653 3214 796 3253; x_wconf 67' lang='lat' dir='ltr'>Madxig.</span> <span class='ocrx_word' id='word_1_593' title='bbox 826 3216 855 3251; x_wconf 79' lang='lat'>1,</span> <span class='ocrx_word' id='word_1_594' title='bbox 884 3215 955 3246; x_wconf 68' lang='grc'><strong>111.</strong></span> <span class='ocrx_word' id='word_1_595' title='bbox 985 3233 1018 3236; x_wconf 80' lang='lat'><em>-</em></span> <span class='ocrx_word' id='word_1_596' title='bbox 1053 3216 1104 3246; x_wconf 69' lang='grc'><strong>31.</strong></span> <span class='ocrx_word' id='word_1_597' title='bbox 1131 3225 1188 3255; x_wconf 63' lang='lat' dir='ltr'>esso</span> <span class='ocrx_word' id='word_1_598' title='bbox 1213 3218 1270 3246; x_wconf 71' lang='lat' dir='ltr'>.x²:</span> <span class='ocrx_word' id='word_1_599' title='bbox 1302 3225 1379 3255; x_wconf 62' lang='lat' dir='ltr'>erqo</span> <span class='ocrx_word' id='word_1_600' title='bbox 1405 3218 1428 3247; x_wconf 85' lang='lat' dir='ltr'>C</span> <span class='ocrx_word' id='word_1_601' title='bbox 1457 3233 1491 3238; x_wconf 90' lang='lat'>—</span> <span class='ocrx_word' id='word_1_602' title='bbox 1528 3216 1580 3247; x_wconf 74' lang='lat'>232.</span> <span class='ocrx_word' id='word_1_603' title='bbox 1607 3220 1675 3247; x_wconf 79' lang='lat' dir='ltr'>lum</span> <span class='ocrx_word' id='word_1_604' title='bbox 1698 3217 1780 3248; x_wconf 72' lang='lat' dir='ltr'>alios</span> <span class='ocrx_word' id='word_1_605' title='bbox 1804 3216 1844 3247; x_wconf 74' lang='lat' dir='ltr'>V2</span> <span class='ocrx_word' id='word_1_606' title='bbox 1869 3233 1904 3238; x_wconf 90' lang='lat'>—-</span> <span class='ocrx_word' id='word_1_607' title='bbox 1929 3224 2046 3255; x_wconf 67' lang='lat' dir='ltr'>ipsum.</span> 
     </span>
     <span class='ocr_line' id='line_1_51' title="bbox 290 3263 1557 3306; baseline 0.003 -13"><span class='ocrx_word' id='word_1_608' title='bbox 290 3263 401 3302; x_wconf 76' lang='lat' dir='ltr'>itaque</span> <span class='ocrx_word' id='word_1_609' title='bbox 423 3263 520 3295; x_wconf 78' lang='lat' dir='ltr'>uelim</span> <span class='ocrx_word' id='word_1_610' title='bbox 545 3265 568 3295; x_wconf 87' lang='lat' dir='ltr'>C</span> <span class='ocrx_word' id='word_1_611' title='bbox 594 3282 636 3287; x_wconf 90' lang='lat'>—</span> <span class='ocrx_word' id='word_1_612' title='bbox 659 3264 712 3296; x_wconf 84' lang='lat'>33.</span> <span class='ocrx_word' id='word_1_613' title='bbox 733 3268 903 3305; x_wconf 68' lang='lat' dir='ltr'>putarem,</span> <span class='ocrx_word' id='word_1_614' title='bbox 930 3275 1029 3305; x_wconf 70' lang='lat' dir='ltr'>quum</span> <span class='ocrx_word' id='word_1_615' title='bbox 1054 3267 1085 3297; x_wconf 77' lang='lat' dir='ltr'>in</span> <span class='ocrx_word' id='word_1_616' title='bbox 1110 3270 1131 3297; x_wconf 61' lang='lat' dir='ltr'>l⁴</span> <span class='ocrx_word' id='word_1_617' title='bbox 1159 3267 1189 3296; x_wconf 80' lang='lat' dir='ltr'>d.</span> <span class='ocrx_word' id='word_1_618' title='bbox 1217 3266 1248 3296; x_wconf 78' lang='lat' dir='ltr'>id</span> <span class='ocrx_word' id='word_1_619' title='bbox 1269 3266 1411 3306; x_wconf 76' lang='lat' dir='ltr'>facerem</span> <span class='ocrx_word' id='word_1_620' title='bbox 1436 3265 1557 3298; x_wconf 83' lang='lat' dir='ltr'>Laxnl).</span> 
     </span>
    </p>
   </div>
   <div class='ocr_carea' id='block_1_5' title="bbox 2202 0 2249 1200">
    <p class='ocr_par' dir='ltr' id='par_1_7' title="bbox 2202 0 2249 1200">
     <span class='ocr_line' id='line_1_52' title="bbox 2202 0 2249 1200; baseline 0 0"><span class='ocrx_word' id='word_1_621' title='bbox 2202 0 2249 1200; x_wconf 95' lang='lat' dir='ltr'> </span> 
     </span>
    </p>
   </div>
  </div>
 </body>
</html>
