<?xml version="1.0" encoding="UTF-8"?>
<!DOCTYPE html PUBLIC "-//W3C//DTD XHTML 1.0 Transitional//EN"
    "http://www.w3.org/TR/xhtml1/DTD/xhtml1-transitional.dtd">
<html xmlns="http://www.w3.org/1999/xhtml" xml:lang="en" lang="en">
 <head>
  <title>
</title>
<meta http-equiv="Content-Type" content="text/html;charset=utf-8" />
  <meta name='ocr-system' content='tesseract 3.04.00' />
  <meta name='ocr-capabilities' content='ocr_page ocr_carea ocr_par ocr_line ocrx_word'/>
</head>
<body>
  <div class='ocr_page' id='page_1' title='image "./operaquaesupersu04ciceuoft_0236.png"; bbox 0 0 2249 3624; ppageno 0'>
   <div class='ocr_carea' id='block_1_1' title="bbox 320 145 1650 187">
    <p class='ocr_par' dir='ltr' id='par_1_1' title="bbox 320 145 1650 187">
     <span class='ocr_line' id='line_1_1' title="bbox 320 145 1650 187; baseline 0.001 -1"><span class='ocrx_word' id='word_1_1' title='bbox 320 145 401 187; x_wconf 76' lang='lat'>208</span> <span class='ocrx_word' id='word_1_2' title='bbox 756 145 1185 186; x_wconf 89' lang='lat' dir='ltr'><strong>TUSCULANARUM</strong></span> <span class='ocrx_word' id='word_1_3' title='bbox 1213 146 1650 187; x_wconf 88' lang='lat' dir='ltr'><strong>DISPUTATIONUM</strong></span> 
     </span>
    </p>
   </div>
   <div class='ocr_carea' id='block_1_2' title="bbox 317 248 2084 441">
    <p class='ocr_par' dir='ltr' id='par_1_2' title="bbox 317 248 2084 441">
     <span class='ocr_line' id='line_1_2' title="bbox 317 248 2082 289; baseline 0.001 -8"><span class='ocrx_word' id='word_1_4' title='bbox 317 250 342 281; x_wconf 90' lang='lat' dir='ltr'>B</span> <span class='ocrx_word' id='word_1_5' title='bbox 366 265 405 279; x_wconf 84' lang='lat'><strong><em>=</em></strong></span> <span class='ocrx_word' id='word_1_6' title='bbox 428 250 506 281; x_wconf 78' lang='lat' dir='ltr'>eod.</span> <span class='ocrx_word' id='word_1_7' title='bbox 532 249 766 282; x_wconf 81' lang='lat' dir='ltr'>Bruxeliensis</span> <span class='ocrx_word' id='word_1_8' title='bbox 792 249 884 287; x_wconf 87' lang='lat' dir='ltr'>(olim</span> <span class='ocrx_word' id='word_1_9' title='bbox 911 248 1183 289; x_wconf 81' lang='lat' dir='ltr'>Gemblacensis)</span> <span class='ocrx_word' id='word_1_10' title='bbox 1209 260 1242 282; x_wconf 90' lang='lat' dir='ltr'>n.</span> <span class='ocrx_word' id='word_1_11' title='bbox 1267 251 1344 283; x_wconf 67' lang='lat'>5351</span> <span class='ocrx_word' id='word_1_12' title='bbox 1376 253 1410 283; x_wconf 89' lang='lat' dir='ltr'>et</span> <span class='ocrx_word' id='word_1_13' title='bbox 1433 251 1535 288; x_wconf 70' lang='lat'>5352,</span> <span class='ocrx_word' id='word_1_14' title='bbox 1568 249 1697 282; x_wconf 82' lang='lat' dir='ltr'>saeculi</span> <span class='ocrx_word' id='word_1_15' title='bbox 1723 250 1945 289; x_wconf 82' lang='lat' dir='ltr'>duodecimi,</span> <span class='ocrx_word' id='word_1_16' title='bbox 1972 251 2082 283; x_wconf 81' lang='lat' dir='ltr'>forma</span> 
     </span>
     <span class='ocr_line' id='line_1_3' title="bbox 426 299 2084 341; baseline 0.001 -10"><span class='ocrx_word' id='word_1_17' title='bbox 426 301 595 336; x_wconf 77' lang='lat' dir='ltr'>maxima,</span> <span class='ocrx_word' id='word_1_18' title='bbox 628 300 717 331; x_wconf 92' lang='lat' dir='ltr'>binis</span> <span class='ocrx_word' id='word_1_19' title='bbox 751 299 922 331; x_wconf 89' lang='lat' dir='ltr'>columnis</span> <span class='ocrx_word' id='word_1_20' title='bbox 954 302 1133 339; x_wconf 80' lang='lat' dir='ltr'>exaratus,</span> <span class='ocrx_word' id='word_1_21' title='bbox 1170 309 1319 340; x_wconf 85' lang='lat' dir='ltr'>quarum</span> <span class='ocrx_word' id='word_1_22' title='bbox 1349 300 1504 341; x_wconf 82' lang='lat' dir='ltr'>singulae</span> <span class='ocrx_word' id='word_1_23' title='bbox 1537 300 1577 332; x_wconf 72' lang='lat'>43</span> <span class='ocrx_word' id='word_1_24' title='bbox 1603 309 1726 331; x_wconf 80' lang='lat' dir='ltr'>versus</span> <span class='ocrx_word' id='word_1_25' title='bbox 1756 300 1899 332; x_wconf 87' lang='lat' dir='ltr'>habent.</span> <span class='ocrx_word' id='word_1_26' title='bbox 1942 302 2084 333; x_wconf 79' lang='lat' dir='ltr'>Constat</span> 
     </span>
     <span class='ocr_line' id='line_1_4' title="bbox 426 349 2082 391; baseline 0 -10"><span class='ocrx_word' id='word_1_27' title='bbox 426 351 465 382; x_wconf 83' lang='lat'>36</span> <span class='ocrx_word' id='word_1_28' title='bbox 491 349 592 387; x_wconf 81' lang='lat' dir='ltr'>foliis,</span> <span class='ocrx_word' id='word_1_29' title='bbox 628 358 777 390; x_wconf 88' lang='lat' dir='ltr'>quorum</span> <span class='ocrx_word' id='word_1_30' title='bbox 808 349 848 380; x_wconf 79' lang='lat'>33</span> <span class='ocrx_word' id='word_1_31' title='bbox 880 352 914 380; x_wconf 90' lang='lat' dir='ltr'>et</span> <span class='ocrx_word' id='word_1_32' title='bbox 944 349 1126 381; x_wconf 90' lang='lat' dir='ltr'>dimidium</span> <span class='ocrx_word' id='word_1_33' title='bbox 1155 350 1387 387; x_wconf 80' lang='lat' dir='ltr'>Tusculanus,</span> <span class='ocrx_word' id='word_1_34' title='bbox 1422 353 1539 382; x_wconf 86' lang='lat' dir='ltr'>cetera</span> <span class='ocrx_word' id='word_1_35' title='bbox 1573 351 1767 381; x_wconf 87' lang='lat' dir='ltr'>orationem</span> <span class='ocrx_word' id='word_1_36' title='bbox 1800 359 1863 391; x_wconf 91' lang='lat' dir='ltr'>pro</span> <span class='ocrx_word' id='word_1_37' title='bbox 1888 353 1926 382; x_wconf 81' lang='grc' dir='ltr'>Α,</span> <span class='ocrx_word' id='word_1_38' title='bbox 1954 351 2082 382; x_wconf 89' lang='lat' dir='ltr'>Licinio</span> 
     </span>
     <span class='ocr_line' id='line_1_5' title="bbox 424 399 1469 441; baseline -0.002 -9"><span class='ocrx_word' id='word_1_39' title='bbox 424 401 548 432; x_wconf 77' lang='lat' dir='ltr'>Archia</span> <span class='ocrx_word' id='word_1_40' title='bbox 574 402 674 441; x_wconf 76' lang='lat' dir='ltr'>poeta</span> <span class='ocrx_word' id='word_1_41' title='bbox 700 400 886 430; x_wconf 82' lang='lat' dir='ltr'>continent.</span> <span class='ocrx_word' id='word_1_42' title='bbox 924 399 1024 431; x_wconf 87' lang='lat' dir='ltr'>Hunc</span> <span class='ocrx_word' id='word_1_43' title='bbox 1048 399 1207 432; x_wconf 83' lang='lat' dir='ltr'>codicem</span> <span class='ocrx_word' id='word_1_44' title='bbox 1231 401 1304 441; x_wconf 90' lang='lat' dir='ltr'>ipse</span> <span class='ocrx_word' id='word_1_45' title='bbox 1329 399 1469 431; x_wconf 88' lang='lat' dir='ltr'>contuli.</span> 
     </span>
    </p>
   </div>
   <div class='ocr_carea' id='block_1_3' title="bbox 315 455 2083 697">
    <p class='ocr_par' dir='ltr' id='par_1_3' title="bbox 318 455 709 487">
     <span class='ocr_line' id='line_1_6' title="bbox 318 455 709 487; baseline -0.005 0"><span class='ocrx_word' id='word_1_46' title='bbox 318 456 342 487; x_wconf 91' lang='lat' dir='ltr'>C</span> <span class='ocrx_word' id='word_1_47' title='bbox 365 471 404 486; x_wconf 82' lang='lat'>=</span> <span class='ocrx_word' id='word_1_48' title='bbox 428 456 568 487; x_wconf 84' lang='lat' dir='ltr'>codices</span> <span class='ocrx_word' id='word_1_49' title='bbox 594 457 618 486; x_wconf 90' lang='lat' dir='ltr'><strong>G</strong></span> <span class='ocrx_word' id='word_1_50' title='bbox 634 456 657 486; x_wconf 86' lang='lat' dir='ltr'>R</span> <span class='ocrx_word' id='word_1_51' title='bbox 673 455 709 485; x_wconf 89' lang='grc' dir='ltr'>Β.</span> 
     </span>
    </p>

    <p class='ocr_par' dir='ltr' id='par_1_4' title="bbox 315 509 2083 697">
     <span class='ocr_line' id='line_1_7' title="bbox 315 509 2081 551; baseline 0.001 -10"><span class='ocrx_word' id='word_1_52' title='bbox 315 512 404 542; x_wconf 72' lang='lat' dir='ltr'>W:</span> <span class='ocrx_word' id='word_1_53' title='bbox 427 513 464 543; x_wconf 82' lang='grc' dir='ltr'>Α.</span> <span class='ocrx_word' id='word_1_54' title='bbox 490 512 521 542; x_wconf 87' lang='lat' dir='ltr'>S.</span> <span class='ocrx_word' id='word_1_55' title='bbox 552 510 787 549; x_wconf 76' lang='lat' dir='ltr'>Wesenberg,</span> <span class='ocrx_word' id='word_1_56' title='bbox 820 509 878 551; x_wconf 86' lang='lat' dir='ltr'>qui</span> <span class='ocrx_word' id='word_1_57' title='bbox 906 510 1018 542; x_wconf 90' lang='lat' dir='ltr'>tribus</span> <span class='ocrx_word' id='word_1_58' title='bbox 1042 510 1166 543; x_wconf 82' lang='lat' dir='ltr'>libellis</span> <span class='ocrx_word' id='word_1_59' title='bbox 1191 511 1408 543; x_wconf 78' lang='lat' dir='ltr'>scholasticis</span> <span class='ocrx_word' id='word_1_60' title='bbox 1435 509 1588 551; x_wconf 71' lang='lat' dir='ltr'>(Viburgi</span> <span class='ocrx_word' id='word_1_61' title='bbox 1614 510 1715 542; x_wconf 87' lang='lat' dir='ltr'>annis</span> <span class='ocrx_word' id='word_1_62' title='bbox 1740 510 1836 547; x_wconf 63' lang='lat'>4844,</span> <span class='ocrx_word' id='word_1_63' title='bbox 1865 510 1959 544; x_wconf 72' lang='lat'><strong>4843.</strong></span> <span class='ocrx_word' id='word_1_64' title='bbox 1988 510 2081 550; x_wconf 71' lang='lat'>4844)</span> 
     </span>
     <span class='ocr_line' id='line_1_8' title="bbox 424 560 2080 601; baseline -0.001 -9"><span class='ocrx_word' id='word_1_65' title='bbox 424 560 561 601; x_wconf 78' lang='lat' dir='ltr'>scripsit</span> <span class='ocrx_word' id='word_1_66' title='bbox 587 562 691 600; x_wconf 84' lang='lat' dir='ltr'>atque</span> <span class='ocrx_word' id='word_1_67' title='bbox 713 560 869 591; x_wconf 79' lang='lat' dir='ltr'>defendit</span> <span class='ocrx_word' id='word_1_68' title='bbox 886 561 1138 592; x_wconf 75' lang='lat' dir='ltr'>Emendationes</span> <span class='ocrx_word' id='word_1_69' title='bbox 1157 563 1201 592; x_wconf 78' lang='lat' dir='ltr'>M.</span> <span class='ocrx_word' id='word_1_70' title='bbox 1226 562 1318 592; x_wconf 73' lang='lat' dir='ltr'>Tullii</span> <span class='ocrx_word' id='word_1_71' title='bbox 1338 561 1502 592; x_wconf 75' lang='lat' dir='ltr'>Ciceronis</span> <span class='ocrx_word' id='word_1_72' title='bbox 1522 560 1781 590; x_wconf 79' lang='lat' dir='ltr'>Tusculanarum</span> <span class='ocrx_word' id='word_1_73' title='bbox 1800 561 2080 600; x_wconf 70' lang='lat' dir='ltr'>Disputationum.</span> 
     </span>
     <span class='ocr_line' id='line_1_9' title="bbox 423 609 2083 651; baseline 0 -11"><span class='ocrx_word' id='word_1_74' title='bbox 423 609 667 650; x_wconf 83' lang='lat' dir='ltr'>Wesenbergii</span> <span class='ocrx_word' id='word_1_75' title='bbox 691 611 1044 649; x_wconf 77' lang='lat' dir='ltr'>argumentationem,</span> <span class='ocrx_word' id='word_1_76' title='bbox 1072 620 1151 642; x_wconf 87' lang='lat' dir='ltr'>cum</span> <span class='ocrx_word' id='word_1_77' title='bbox 1177 612 1251 643; x_wconf 86' lang='lat' dir='ltr'>eius</span> <span class='ocrx_word' id='word_1_78' title='bbox 1278 609 1381 642; x_wconf 85' lang='lat' dir='ltr'>libelli</span> <span class='ocrx_word' id='word_1_79' title='bbox 1406 610 1461 641; x_wconf 66' lang='lat' dir='ltr'>vel</span> <span class='ocrx_word' id='word_1_80' title='bbox 1487 611 1518 641; x_wconf 90' lang='lat' dir='ltr'>in</span> <span class='ocrx_word' id='word_1_81' title='bbox 1537 611 1658 646; x_wconf 81' lang='lat' dir='ltr'>Dama,</span> <span class='ocrx_word' id='word_1_82' title='bbox 1685 610 1817 640; x_wconf 84' lang='lat' dir='ltr'>nedum</span> <span class='ocrx_word' id='word_1_83' title='bbox 1834 610 1925 651; x_wconf 92' lang='lat' dir='ltr'>apud</span> <span class='ocrx_word' id='word_1_84' title='bbox 1945 613 2083 642; x_wconf 85' lang='lat' dir='ltr'>nostra-</span> 
     </span>
     <span class='ocr_line' id='line_1_10' title="bbox 424 660 1471 697; baseline 0.001 -7"><span class='ocrx_word' id='word_1_85' title='bbox 424 662 495 697; x_wconf 86' lang='lat' dir='ltr'>tes,</span> <span class='ocrx_word' id='word_1_86' title='bbox 522 661 587 691; x_wconf 90' lang='lat' dir='ltr'>sint</span> <span class='ocrx_word' id='word_1_87' title='bbox 612 660 796 693; x_wconf 78' lang='lat' dir='ltr'>rarissimi,</span> <span class='ocrx_word' id='word_1_88' title='bbox 824 661 1077 691; x_wconf 86' lang='lat' dir='ltr'>commentario</span> <span class='ocrx_word' id='word_1_89' title='bbox 1105 662 1223 692; x_wconf 88' lang='lat' dir='ltr'>nostro</span> <span class='ocrx_word' id='word_1_90' title='bbox 1248 661 1471 692; x_wconf 85' lang='lat' dir='ltr'>inseruimus.</span> 
     </span>
    </p>
   </div>
   <div class='ocr_carea' id='block_1_4' title="bbox 314 714 967 756">
    <p class='ocr_par' dir='ltr' id='par_1_5' title="bbox 314 714 967 756">
     <span class='ocr_line' id='line_1_11' title="bbox 314 714 967 756; baseline 0.002 -10"><span class='ocrx_word' id='word_1_91' title='bbox 314 716 339 746; x_wconf 92' lang='lat' dir='ltr'>O</span> <span class='ocrx_word' id='word_1_92' title='bbox 363 729 401 743; x_wconf 69' lang='lat' dir='ltr'><strong><em>z</em></strong></span> <span class='ocrx_word' id='word_1_93' title='bbox 425 715 480 746; x_wconf 90' lang='lat' dir='ltr'>ed.</span> <span class='ocrx_word' id='word_1_94' title='bbox 507 714 676 747; x_wconf 89' lang='lat' dir='ltr'>Orelliana</span> <span class='ocrx_word' id='word_1_95' title='bbox 702 716 796 756; x_wconf 91' lang='lat' dir='ltr'>prior</span> <span class='ocrx_word' id='word_1_96' title='bbox 820 725 850 747; x_wconf 91' lang='lat' dir='ltr'>a.</span> <span class='ocrx_word' id='word_1_97' title='bbox 872 716 967 748; x_wconf 70' lang='lat'>4828.</span> 
     </span>
    </p>
   </div>
   <div class='ocr_carea' id='block_1_5' title="bbox 314 776 2083 967">
    <p class='ocr_par' dir='ltr' id='par_1_6' title="bbox 314 776 2083 967">
     <span class='ocr_line' id='line_1_12' title="bbox 401 776 2080 818; baseline 0.001 -10"><span class='ocrx_word' id='word_1_98' title='bbox 401 778 436 808; x_wconf 90' lang='lat' dir='ltr'>In</span> <span class='ocrx_word' id='word_1_99' title='bbox 461 776 570 808; x_wconf 91' lang='lat' dir='ltr'>rebus</span> <span class='ocrx_word' id='word_1_100' title='bbox 602 778 881 818; x_wconf 83' lang='lat' dir='ltr'>orthographicis</span> <span class='ocrx_word' id='word_1_101' title='bbox 909 779 973 810; x_wconf 88' lang='lat' dir='ltr'>nisi</span> <span class='ocrx_word' id='word_1_102' title='bbox 999 779 1130 810; x_wconf 84' lang='lat' dir='ltr'>monito</span> <span class='ocrx_word' id='word_1_103' title='bbox 1155 777 1286 809; x_wconf 88' lang='lat' dir='ltr'>lectore</span> <span class='ocrx_word' id='word_1_104' title='bbox 1312 787 1329 809; x_wconf 88' lang='lat' dir='ltr'>a</span> <span class='ocrx_word' id='word_1_105' title='bbox 1356 778 1527 818; x_wconf 84' lang='lat' dir='ltr'>scriptura</span> <span class='ocrx_word' id='word_1_106' title='bbox 1553 777 1714 808; x_wconf 86' lang='lat' dir='ltr'>codicum</span> <span class='ocrx_word' id='word_1_107' title='bbox 1740 779 1763 809; x_wconf 90' lang='lat' dir='ltr'>G</span> <span class='ocrx_word' id='word_1_108' title='bbox 1780 779 1803 809; x_wconf 85' lang='lat' dir='ltr'>R</span> <span class='ocrx_word' id='word_1_109' title='bbox 1828 787 1898 809; x_wconf 92' lang='lat' dir='ltr'>non</span> <span class='ocrx_word' id='word_1_110' title='bbox 1922 778 2080 810; x_wconf 82' lang='lat' dir='ltr'>discessi.</span> 
     </span>
     <span class='ocr_line' id='line_1_13' title="bbox 314 827 2082 868; baseline 0 -10"><span class='ocrx_word' id='word_1_111' title='bbox 314 828 338 858; x_wconf 80' lang='lat' dir='ltr'>E</span> <span class='ocrx_word' id='word_1_112' title='bbox 364 827 483 858; x_wconf 76' lang='lat' dir='ltr'>codice</span> <span class='ocrx_word' id='word_1_113' title='bbox 511 828 533 858; x_wconf 89' lang='lat' dir='ltr'>B</span> <span class='ocrx_word' id='word_1_114' title='bbox 559 836 674 867; x_wconf 90' lang='lat' dir='ltr'>neque</span> <span class='ocrx_word' id='word_1_115' title='bbox 700 827 878 859; x_wconf 87' lang='lat' dir='ltr'>scribendi</span> <span class='ocrx_word' id='word_1_116' title='bbox 903 829 1073 859; x_wconf 88' lang='lat' dir='ltr'>rationem</span> <span class='ocrx_word' id='word_1_117' title='bbox 1100 829 1164 860; x_wconf 87' lang='lat' dir='ltr'>nisi</span> <span class='ocrx_word' id='word_1_118' title='bbox 1189 837 1286 862; x_wconf 72' lang='lat' dir='ltr'>raro,</span> <span class='ocrx_word' id='word_1_119' title='bbox 1321 836 1435 868; x_wconf 85' lang='lat' dir='ltr'>neque</span> <span class='ocrx_word' id='word_1_120' title='bbox 1467 828 1582 858; x_wconf 87' lang='lat' dir='ltr'>omnia</span> <span class='ocrx_word' id='word_1_121' title='bbox 1609 827 1736 859; x_wconf 86' lang='lat' dir='ltr'>menda</span> <span class='ocrx_word' id='word_1_122' title='bbox 1764 828 1911 858; x_wconf 78' lang='lat' dir='ltr'>enotavi.</span> <span class='ocrx_word' id='word_1_123' title='bbox 1953 827 2082 859; x_wconf 88' lang='lat' dir='ltr'>Emen-</span> 
     </span>
     <span class='ocr_line' id='line_1_14' title="bbox 314 876 2083 918; baseline 0.001 -11"><span class='ocrx_word' id='word_1_124' title='bbox 314 876 484 911; x_wconf 79' lang='lat' dir='ltr'>dationes,</span> <span class='ocrx_word' id='word_1_125' title='bbox 513 885 662 916; x_wconf 86' lang='lat' dir='ltr'>quarum</span> <span class='ocrx_word' id='word_1_126' title='bbox 687 879 869 910; x_wconf 87' lang='lat' dir='ltr'>auctorem</span> <span class='ocrx_word' id='word_1_127' title='bbox 895 887 965 909; x_wconf 90' lang='lat' dir='ltr'>non</span> <span class='ocrx_word' id='word_1_128' title='bbox 989 878 1157 917; x_wconf 83' lang='lat' dir='ltr'>indicavi,</span> <span class='ocrx_word' id='word_1_129' title='bbox 1185 877 1361 909; x_wconf 83' lang='lat' dir='ltr'>debentur</span> <span class='ocrx_word' id='word_1_130' title='bbox 1385 876 1438 908; x_wconf 81' lang='lat' dir='ltr'>vel</span> <span class='ocrx_word' id='word_1_131' title='bbox 1469 876 1650 909; x_wconf 87' lang='lat' dir='ltr'>codicibus</span> <span class='ocrx_word' id='word_1_132' title='bbox 1675 877 1891 918; x_wconf 80' lang='lat' dir='ltr'>interpolatis</span> <span class='ocrx_word' id='word_1_133' title='bbox 1914 877 1968 908; x_wconf 80' lang='lat' dir='ltr'>vel</span> <span class='ocrx_word' id='word_1_134' title='bbox 1994 879 2083 908; x_wconf 87' lang='lat' dir='ltr'>anti-</span> 
     </span>
     <span class='ocr_line' id='line_1_15' title="bbox 314 926 637 967; baseline 0.003 -10"><span class='ocrx_word' id='word_1_135' title='bbox 314 928 390 967; x_wconf 88' lang='lat' dir='ltr'>quis</span> <span class='ocrx_word' id='word_1_136' title='bbox 416 926 637 958; x_wconf 84' lang='lat' dir='ltr'>editionibus.</span> 
     </span>
    </p>
   </div>
   <div class='ocr_carea' id='block_1_6' title="bbox 885 1219 1484 1279">
    <p class='ocr_par' dir='ltr' id='par_1_7' title="bbox 885 1219 1484 1279">
     <span class='ocr_line' id='line_1_16' title="bbox 885 1219 1484 1279; baseline 0.002 -11"><span class='ocrx_word' id='word_1_137' title='bbox 885 1277 888 1279; x_wconf 39' lang='grc'><em>,</em></span> <span class='ocrx_word' id='word_1_138' title='bbox 900 1219 1138 1269; x_wconf 85' lang='lat' dir='ltr'>LIBER</span> <span class='ocrx_word' id='word_1_139' title='bbox 1154 1219 1484 1269; x_wconf 77' lang='lat' dir='ltr'><strong>&#39;PRIMUS-</strong></span> 
     </span>
    </p>
   </div>
   <div class='ocr_carea' id='block_1_7' title="bbox 249 1435 2080 2795">
    <p class='ocr_par' dir='ltr' id='par_1_8' title="bbox 307 1435 2080 1679">
     <span class='ocr_line' id='line_1_17' title="bbox 422 1435 2080 1490; baseline 0.001 -14"><span class='ocrx_word' id='word_1_140' title='bbox 422 1439 455 1476; x_wconf 88' lang='lat' dir='ltr'>l.</span> <span class='ocrx_word' id='word_1_141' title='bbox 492 1435 528 1477; x_wconf 59' lang='lat' dir='ltr'>sl.</span> <span class='ocrx_word' id='word_1_142' title='bbox 569 1437 667 1477; x_wconf 92' lang='lat' dir='ltr'>Cum</span> <span class='ocrx_word' id='word_1_143' title='bbox 701 1436 993 1476; x_wconf 88' lang='lat' dir='ltr'>defensionum</span> <span class='ocrx_word' id='word_1_144' title='bbox 1034 1436 1249 1476; x_wconf 85' lang='lat' dir='ltr'>laboribus</span> <span class='ocrx_word' id='word_1_145' title='bbox 1280 1437 1587 1490; x_wconf 81' lang='lat' dir='ltr'>senatoriisque</span> <span class='ocrx_word' id='word_1_146' title='bbox 1618 1437 1861 1477; x_wconf 88' lang='lat' dir='ltr'>muneribus</span> <span class='ocrx_word' id='word_1_147' title='bbox 1891 1444 1962 1478; x_wconf 91' lang='lat' dir='ltr'>aut</span> <span class='ocrx_word' id='word_1_148' title='bbox 1993 1452 2080 1478; x_wconf 91' lang='lat' dir='ltr'>om-</span> 
     </span>
     <span class='ocr_line' id='line_1_18' title="bbox 308 1497 2078 1552; baseline 0.001 -12"><span class='ocrx_word' id='word_1_149' title='bbox 308 1501 408 1541; x_wconf 89' lang='lat' dir='ltr'>nino</span> <span class='ocrx_word' id='word_1_150' title='bbox 441 1506 513 1540; x_wconf 90' lang='lat' dir='ltr'>aut</span> <span class='ocrx_word' id='word_1_151' title='bbox 544 1512 692 1552; x_wconf 86' lang='lat' dir='ltr'>magna</span> <span class='ocrx_word' id='word_1_152' title='bbox 721 1513 775 1538; x_wconf 76' lang='lat' dir='ltr'>ex</span> <span class='ocrx_word' id='word_1_153' title='bbox 806 1504 922 1552; x_wconf 87' lang='lat' dir='ltr'>parte</span> <span class='ocrx_word' id='word_1_154' title='bbox 954 1512 1088 1538; x_wconf 90' lang='lat' dir='ltr'>essem</span> <span class='ocrx_word' id='word_1_155' title='bbox 1120 1499 1350 1552; x_wconf 88' lang='lat' dir='ltr'>aliquando</span> <span class='ocrx_word' id='word_1_156' title='bbox 1382 1497 1603 1546; x_wconf 87' lang='lat' dir='ltr'>liberatus,</span> <span class='ocrx_word' id='word_1_157' title='bbox 1648 1500 1784 1539; x_wconf 87' lang='lat' dir='ltr'>rettuli</span> <span class='ocrx_word' id='word_1_158' title='bbox 1817 1514 1910 1548; x_wconf 87' lang='lat' dir='ltr'>me,</span> <span class='ocrx_word' id='word_1_159' title='bbox 1941 1503 2078 1548; x_wconf 89' lang='lat' dir='ltr'>Brute,</span> 
     </span>
     <span class='ocr_line' id='line_1_19' title="bbox 308 1561 2079 1616; baseline 0 -13"><span class='ocrx_word' id='word_1_160' title='bbox 308 1569 347 1603; x_wconf 91' lang='lat' dir='ltr'>te</span> <span class='ocrx_word' id='word_1_161' title='bbox 386 1564 578 1603; x_wconf 86' lang='lat' dir='ltr'>hortante</span> <span class='ocrx_word' id='word_1_162' title='bbox 616 1562 796 1601; x_wconf 87' lang='lat' dir='ltr'>maxime</span> <span class='ocrx_word' id='word_1_163' title='bbox 829 1561 880 1601; x_wconf 90' lang='lat' dir='ltr'>ad</span> <span class='ocrx_word' id='word_1_164' title='bbox 913 1575 961 1601; x_wconf 92' lang='lat' dir='ltr'>ea</span> <span class='ocrx_word' id='word_1_165' title='bbox 991 1561 1150 1608; x_wconf 89' lang='lat' dir='ltr'>studia,</span> <span class='ocrx_word' id='word_1_166' title='bbox 1184 1575 1290 1615; x_wconf 88' lang='lat' dir='ltr'>quae</span> <span class='ocrx_word' id='word_1_167' title='bbox 1322 1567 1483 1602; x_wconf 89' lang='lat' dir='ltr'>retenta</span> <span class='ocrx_word' id='word_1_168' title='bbox 1515 1564 1676 1608; x_wconf 89' lang='lat' dir='ltr'>animo,</span> <span class='ocrx_word' id='word_1_169' title='bbox 1714 1563 1888 1602; x_wconf 90' lang='lat' dir='ltr'>remissa</span> <span class='ocrx_word' id='word_1_170' title='bbox 1921 1568 2079 1616; x_wconf 88' lang='lat' dir='ltr'>tempo-</span> 
     </span>
     <span class='ocr_line' id='line_1_20' title="bbox 307 1624 2077 1679; baseline 0 -14"><span class='ocrx_word' id='word_1_171' title='bbox 307 1626 443 1673; x_wconf 91' lang='lat' dir='ltr'>ribus,</span> <span class='ocrx_word' id='word_1_172' title='bbox 474 1625 599 1676; x_wconf 84' lang='lat' dir='ltr'>]ongo</span> <span class='ocrx_word' id='word_1_173' title='bbox 631 1624 851 1663; x_wconf 87' lang='lat' dir='ltr'>intervallo</span> <span class='ocrx_word' id='word_1_174' title='bbox 876 1624 1114 1663; x_wconf 82' lang='lat' dir='ltr'>intermissa</span> <span class='ocrx_word' id='word_1_175' title='bbox 1136 1624 1351 1672; x_wconf 83' lang='lat' dir='ltr'>revocavi,</span> <span class='ocrx_word' id='word_1_176' title='bbox 1383 1630 1424 1663; x_wconf 90' lang='lat' dir='ltr'>et</span> <span class='ocrx_word' id='word_1_177' title='bbox 1445 1638 1538 1663; x_wconf 86' lang='lat' dir='ltr'>cum</span> <span class='ocrx_word' id='word_1_178' title='bbox 1562 1625 1747 1664; x_wconf 89' lang='lat' dir='ltr'>omnium</span> <span class='ocrx_word' id='word_1_179' title='bbox 1770 1625 1935 1672; x_wconf 89' lang='lat' dir='ltr'>artium,</span> <span class='ocrx_word' id='word_1_180' title='bbox 1969 1639 2077 1679; x_wconf 86' lang='lat' dir='ltr'>quae</span> 
     </span>
    </p>

    <p class='ocr_par' dir='ltr' id='par_1_9' title="bbox 249 1685 2076 2795">
     <span class='ocr_line' id='line_1_21' title="bbox 273 1685 2076 1740; baseline -0.001 -12"><span class='ocrx_word' id='word_1_181' title='bbox 273 1688 358 1728; x_wconf 68' lang='lat' dir='ltr'>sad</span> <span class='ocrx_word' id='word_1_182' title='bbox 390 1693 544 1727; x_wconf 85' lang='lat' dir='ltr'>rectam</span> <span class='ocrx_word' id='word_1_183' title='bbox 578 1685 742 1725; x_wconf 88' lang='lat' dir='ltr'>vivendi</span> <span class='ocrx_word' id='word_1_184' title='bbox 776 1686 884 1725; x_wconf 91' lang='lat' dir='ltr'>viam</span> <span class='ocrx_word' id='word_1_185' title='bbox 916 1686 1193 1738; x_wconf 81' lang='lat' dir='ltr'>pertinerent,</span> <span class='ocrx_word' id='word_1_186' title='bbox 1225 1687 1329 1726; x_wconf 88' lang='lat' dir='ltr'>ratio</span> <span class='ocrx_word' id='word_1_187' title='bbox 1363 1692 1404 1727; x_wconf 91' lang='lat' dir='ltr'>et</span> <span class='ocrx_word' id='word_1_188' title='bbox 1426 1686 1649 1739; x_wconf 84' lang='lat' dir='ltr'>disciplina</span> <span class='ocrx_word' id='word_1_189' title='bbox 1671 1686 1808 1726; x_wconf 89' lang='lat' dir='ltr'>studio</span> <span class='ocrx_word' id='word_1_190' title='bbox 1832 1687 2076 1740; x_wconf 87' lang='lat' dir='ltr'>sapientiae,</span> 
     </span>
     <span class='ocr_line' id='line_1_22' title="bbox 305 1748 2076 1804; baseline -0.001 -14"><span class='ocrx_word' id='word_1_191' title='bbox 305 1763 413 1804; x_wconf 89' lang='lat' dir='ltr'>quae</span> <span class='ocrx_word' id='word_1_192' title='bbox 444 1749 712 1803; x_wconf 86' lang='lat' dir='ltr'>philosophia</span> <span class='ocrx_word' id='word_1_193' title='bbox 743 1748 915 1795; x_wconf 89' lang='lat' dir='ltr'>dicitur,</span> <span class='ocrx_word' id='word_1_194' title='bbox 947 1748 1243 1794; x_wconf 88' lang='lat' dir='ltr'>contineretur,</span> <span class='ocrx_word' id='word_1_195' title='bbox 1276 1749 1355 1788; x_wconf 89' lang='lat' dir='ltr'>hoc</span> <span class='ocrx_word' id='word_1_196' title='bbox 1376 1750 1476 1788; x_wconf 90' lang='lat' dir='ltr'>mihi</span> <span class='ocrx_word' id='word_1_197' title='bbox 1503 1750 1659 1789; x_wconf 88' lang='lat' dir='ltr'>Latinis</span> <span class='ocrx_word' id='word_1_198' title='bbox 1680 1749 1827 1789; x_wconf 88' lang='lat' dir='ltr'>litteris</span> <span class='ocrx_word' id='word_1_199' title='bbox 1850 1749 2076 1789; x_wconf 86' lang='lat' dir='ltr'>inlustran-</span> 
     </span>
     <span class='ocr_line' id='line_1_23' title="bbox 303 1809 2075 1866; baseline -0.002 -14"><span class='ocrx_word' id='word_1_200' title='bbox 303 1813 401 1852; x_wconf 93' lang='lat' dir='ltr'>dum</span> <span class='ocrx_word' id='word_1_201' title='bbox 432 1811 598 1866; x_wconf 88' lang='lat' dir='ltr'>putavi,</span> <span class='ocrx_word' id='word_1_202' title='bbox 630 1824 713 1850; x_wconf 92' lang='lat' dir='ltr'>non</span> <span class='ocrx_word' id='word_1_203' title='bbox 746 1811 845 1864; x_wconf 86' lang='lat' dir='ltr'>quia</span> <span class='ocrx_word' id='word_1_204' title='bbox 875 1809 1139 1863; x_wconf 88' lang='lat' dir='ltr'>philosophia</span> <span class='ocrx_word' id='word_1_205' title='bbox 1162 1809 1331 1849; x_wconf 87' lang='lat' dir='ltr'>Graecis</span> <span class='ocrx_word' id='word_1_206' title='bbox 1353 1816 1393 1850; x_wconf 89' lang='lat' dir='ltr'>et</span> <span class='ocrx_word' id='word_1_207' title='bbox 1420 1811 1568 1850; x_wconf 88' lang='lat' dir='ltr'>litteris</span> <span class='ocrx_word' id='word_1_208' title='bbox 1592 1817 1631 1850; x_wconf 91' lang='lat' dir='ltr'>et</span> <span class='ocrx_word' id='word_1_209' title='bbox 1654 1809 1894 1851; x_wconf 87' lang='lat' dir='ltr'>doctoribus</span> <span class='ocrx_word' id='word_1_210' title='bbox 1918 1811 2075 1864; x_wconf 89' lang='lat' dir='ltr'>percipi</span> 
     </span>
     <span class='ocr_line' id='line_1_24' title="bbox 302 1871 2073 1927; baseline -0.002 -12"><span class='ocrx_word' id='word_1_211' title='bbox 302 1889 384 1915; x_wconf 89' lang='lat' dir='ltr'>non</span> <span class='ocrx_word' id='word_1_212' title='bbox 417 1879 579 1927; x_wconf 89' lang='lat' dir='ltr'>posset,</span> <span class='ocrx_word' id='word_1_213' title='bbox 613 1872 685 1912; x_wconf 92' lang='lat' dir='ltr'>sed</span> <span class='ocrx_word' id='word_1_214' title='bbox 718 1886 855 1912; x_wconf 88' lang='lat' dir='ltr'>meum</span> <span class='ocrx_word' id='word_1_215' title='bbox 889 1885 1052 1924; x_wconf 86' lang='lat' dir='ltr'>semper</span> <span class='ocrx_word' id='word_1_216' title='bbox 1082 1871 1285 1911; x_wconf 82' lang='lat' dir='ltr'>iudicium</span> <span class='ocrx_word' id='word_1_217' title='bbox 1316 1871 1394 1912; x_wconf 88' lang='lat' dir='ltr'>fuit</span> <span class='ocrx_word' id='word_1_218' title='bbox 1416 1874 1554 1912; x_wconf 89' lang='lat' dir='ltr'>omnia</span> <span class='ocrx_word' id='word_1_219' title='bbox 1585 1878 1751 1912; x_wconf 68' lang='lat' dir='ltr'>nostros</span> <span class='ocrx_word' id='word_1_220' title='bbox 1775 1878 1844 1913; x_wconf 90' lang='lat' dir='ltr'>aut</span> <span class='ocrx_word' id='word_1_221' title='bbox 1863 1872 2073 1911; x_wconf 87' lang='lat' dir='ltr'>invenisse</span> 
     </span>
     <span class='ocr_line' id='line_1_25' title="bbox 301 1934 2072 1991; baseline -0.002 -14"><span class='ocrx_word' id='word_1_222' title='bbox 301 1951 379 1991; x_wconf 91' lang='lat' dir='ltr'>per</span> <span class='ocrx_word' id='word_1_223' title='bbox 411 1950 454 1976; x_wconf 91' lang='lat' dir='ltr'>se</span> <span class='ocrx_word' id='word_1_224' title='bbox 485 1935 716 1989; x_wconf 89' lang='lat' dir='ltr'>sapientius</span> <span class='ocrx_word' id='word_1_225' title='bbox 749 1948 870 1988; x_wconf 91' lang='lat' dir='ltr'>quam</span> <span class='ocrx_word' id='word_1_226' title='bbox 905 1934 1087 1973; x_wconf 90' lang='lat' dir='ltr'>Graecos</span> <span class='ocrx_word' id='word_1_227' title='bbox 1119 1938 1188 1973; x_wconf 89' lang='lat' dir='ltr'>aut</span> <span class='ocrx_word' id='word_1_228' title='bbox 1215 1940 1386 1987; x_wconf 89' lang='lat' dir='ltr'>accepta</span> <span class='ocrx_word' id='word_1_229' title='bbox 1407 1935 1457 1974; x_wconf 91' lang='lat' dir='ltr'>ab</span> <span class='ocrx_word' id='word_1_230' title='bbox 1479 1935 1561 1974; x_wconf 91' lang='lat' dir='ltr'>illis</span> <span class='ocrx_word' id='word_1_231' title='bbox 1582 1934 1732 1974; x_wconf 84' lang='lat' dir='ltr'>fecisse</span> <span class='ocrx_word' id='word_1_232' title='bbox 1756 1934 1939 1981; x_wconf 84' lang='lat' dir='ltr'>meliora,</span> <span class='ocrx_word' id='word_1_233' title='bbox 1963 1947 2072 1987; x_wconf 88' lang='lat' dir='ltr'>quae</span> 
     </span>
     <span class='ocr_line' id='line_1_26' title="bbox 251 1995 2072 2054; baseline -0.003 -14"><span class='ocrx_word' id='word_1_234' title='bbox 251 2011 286 2040; x_wconf 70' lang='lat'>40</span> <span class='ocrx_word' id='word_1_235' title='bbox 302 1999 471 2054; x_wconf 90' lang='lat' dir='ltr'>quidem</span> <span class='ocrx_word' id='word_1_236' title='bbox 513 1998 637 2051; x_wconf 85' lang='lat' dir='ltr'>digna</span> <span class='ocrx_word' id='word_1_237' title='bbox 679 1998 927 2037; x_wconf 88' lang='lat' dir='ltr'>statuissent</span> <span class='ocrx_word' id='word_1_238' title='bbox 967 1997 1010 2036; x_wconf 89' lang='lat' dir='ltr'>in</span> <span class='ocrx_word' id='word_1_239' title='bbox 1043 1997 1193 2049; x_wconf 86' lang='lat' dir='ltr'>quihus</span> <span class='ocrx_word' id='word_1_240' title='bbox 1226 1997 1502 2036; x_wconf 87' lang='lat' dir='ltr'>elaborarent.</span> <span class='ocrx_word' id='word_1_241' title='bbox 1564 1995 1602 2036; x_wconf 66' lang='grc' dir='ltr'>Ξ).</span> <span class='ocrx_word' id='word_1_242' title='bbox 1634 1999 1736 2037; x_wconf 92' lang='lat' dir='ltr'>Nam</span> <span class='ocrx_word' id='word_1_243' title='bbox 1768 2010 1904 2036; x_wconf 90' lang='lat' dir='ltr'>mores</span> <span class='ocrx_word' id='word_1_244' title='bbox 1937 2002 1978 2036; x_wconf 88' lang='lat' dir='ltr'>et</span> <span class='ocrx_word' id='word_1_245' title='bbox 2009 1996 2072 2035; x_wconf 93' lang='lat' dir='ltr'>in-</span> 
     </span>
     <span class='ocr_line' id='line_1_27' title="bbox 301 2059 2075 2114; baseline -0.002 -12"><span class='ocrx_word' id='word_1_246' title='bbox 301 2063 447 2102; x_wconf 90' lang='lat' dir='ltr'>stituta</span> <span class='ocrx_word' id='word_1_247' title='bbox 476 2061 584 2100; x_wconf 85' lang='lat' dir='ltr'>vitae</span> <span class='ocrx_word' id='word_1_248' title='bbox 615 2073 768 2114; x_wconf 90' lang='lat' dir='ltr'>resque</span> <span class='ocrx_word' id='word_1_249' title='bbox 800 2059 1050 2099; x_wconf 90' lang='lat' dir='ltr'>domesticas</span> <span class='ocrx_word' id='word_1_250' title='bbox 1082 2072 1127 2098; x_wconf 90' lang='lat' dir='ltr'>ac</span> <span class='ocrx_word' id='word_1_251' title='bbox 1156 2059 1375 2098; x_wconf 87' lang='lat' dir='ltr'>familiaris</span> <span class='ocrx_word' id='word_1_252' title='bbox 1407 2073 1483 2099; x_wconf 90' lang='lat' dir='ltr'>nos</span> <span class='ocrx_word' id='word_1_253' title='bbox 1515 2059 1700 2112; x_wconf 87' lang='lat' dir='ltr'>profecto</span> <span class='ocrx_word' id='word_1_254' title='bbox 1732 2064 1773 2098; x_wconf 89' lang='lat' dir='ltr'>et</span> <span class='ocrx_word' id='word_1_255' title='bbox 1804 2059 1953 2099; x_wconf 89' lang='lat' dir='ltr'>melius</span> <span class='ocrx_word' id='word_1_256' title='bbox 1985 2064 2075 2098; x_wconf 87' lang='lat' dir='ltr'>tue-</span> 
     </span>
     <span class='ocr_line' id='line_1_28' title="bbox 301 2120 2076 2175; baseline -0.002 -11"><span class='ocrx_word' id='word_1_257' title='bbox 301 2138 395 2164; x_wconf 87' lang='lat' dir='ltr'>mur</span> <span class='ocrx_word' id='word_1_258' title='bbox 425 2130 465 2164; x_wconf 90' lang='lat' dir='ltr'>et</span> <span class='ocrx_word' id='word_1_259' title='bbox 495 2123 670 2169; x_wconf 88' lang='lat' dir='ltr'>lautius,</span> <span class='ocrx_word' id='word_1_260' title='bbox 703 2135 788 2162; x_wconf 89' lang='lat' dir='ltr'>rem</span> <span class='ocrx_word' id='word_1_261' title='bbox 820 2135 917 2161; x_wconf 80' lang='lat' dir='ltr'>vero</span> <span class='ocrx_word' id='word_1_262' title='bbox 949 2121 1157 2175; x_wconf 88' lang='lat' dir='ltr'>publicam</span> <span class='ocrx_word' id='word_1_263' title='bbox 1190 2121 1321 2161; x_wconf 87' lang='lat' dir='ltr'>nostri</span> <span class='ocrx_word' id='word_1_264' title='bbox 1353 2123 1529 2161; x_wconf 89' lang='lat' dir='ltr'>maiores</span> <span class='ocrx_word' id='word_1_265' title='bbox 1563 2128 1673 2162; x_wconf 88' lang='lat' dir='ltr'>certe</span> <span class='ocrx_word' id='word_1_266' title='bbox 1705 2120 1949 2161; x_wconf 89' lang='lat' dir='ltr'>melioribus</span> <span class='ocrx_word' id='word_1_267' title='bbox 1973 2127 2076 2160; x_wconf 89' lang='lat' dir='ltr'>tem-</span> 
     </span>
     <span class='ocr_line' id='line_1_29' title="bbox 300 2183 2076 2241; baseline -0.002 -14"><span class='ocrx_word' id='word_1_268' title='bbox 300 2191 554 2241; x_wconf 81' lang='lat' dir='ltr'>peraverunt</span> <span class='ocrx_word' id='word_1_269' title='bbox 585 2191 625 2225; x_wconf 89' lang='lat' dir='ltr'>et</span> <span class='ocrx_word' id='word_1_270' title='bbox 654 2185 855 2224; x_wconf 89' lang='lat' dir='ltr'>institutis</span> <span class='ocrx_word' id='word_1_271' title='bbox 889 2189 929 2223; x_wconf 90' lang='lat' dir='ltr'>et</span> <span class='ocrx_word' id='word_1_272' title='bbox 959 2183 1132 2237; x_wconf 81' lang='lat' dir='ltr'>legibus.</span> <span class='ocrx_word' id='word_1_273' title='bbox 1186 2183 1297 2231; x_wconf 88' lang='lat' dir='ltr'>Quid</span> <span class='ocrx_word' id='word_1_274' title='bbox 1340 2184 1488 2237; x_wconf 90' lang='lat' dir='ltr'>loquar</span> <span class='ocrx_word' id='word_1_275' title='bbox 1519 2184 1569 2224; x_wconf 91' lang='lat' dir='ltr'>de</span> <span class='ocrx_word' id='word_1_276' title='bbox 1600 2198 1644 2223; x_wconf 89' lang='lat' dir='ltr'>re</span> <span class='ocrx_word' id='word_1_277' title='bbox 1677 2184 1874 2224; x_wconf 76' lang='lat' dir='ltr'>militari?</span> <span class='ocrx_word' id='word_1_278' title='bbox 1918 2185 1961 2224; x_wconf 89' lang='lat' dir='ltr'>in</span> <span class='ocrx_word' id='word_1_279' title='bbox 1994 2197 2076 2237; x_wconf 83' lang='lat' dir='ltr'>qua</span> 
     </span>
     <span class='ocr_line' id='line_1_30' title="bbox 301 2245 2075 2300; baseline -0.003 -11"><span class='ocrx_word' id='word_1_280' title='bbox 301 2264 394 2290; x_wconf 90' lang='lat' dir='ltr'>cum</span> <span class='ocrx_word' id='word_1_281' title='bbox 428 2250 577 2289; x_wconf 84' lang='lat' dir='ltr'>virtute</span> <span class='ocrx_word' id='word_1_282' title='bbox 609 2248 741 2287; x_wconf 90' lang='lat' dir='ltr'>nostri</span> <span class='ocrx_word' id='word_1_283' title='bbox 767 2247 946 2286; x_wconf 91' lang='lat' dir='ltr'>multum</span> <span class='ocrx_word' id='word_1_284' title='bbox 972 2246 1207 2293; x_wconf 85' lang='lat' dir='ltr'>valuerunt,</span> <span class='ocrx_word' id='word_1_285' title='bbox 1230 2251 1317 2285; x_wconf 90' lang='lat' dir='ltr'>tum</span> <span class='ocrx_word' id='word_1_286' title='bbox 1339 2247 1436 2299; x_wconf 91' lang='lat' dir='ltr'>plus</span> <span class='ocrx_word' id='word_1_287' title='bbox 1460 2247 1584 2286; x_wconf 90' lang='lat' dir='ltr'>etiam</span> <span class='ocrx_word' id='word_1_288' title='bbox 1608 2247 1841 2300; x_wconf 88' lang='lat' dir='ltr'>disciplina.</span> <span class='ocrx_word' id='word_1_289' title='bbox 1883 2247 1968 2286; x_wconf 85' lang='lat' dir='ltr'>Iam</span> <span class='ocrx_word' id='word_1_290' title='bbox 1989 2245 2075 2298; x_wconf 87' lang='lat' dir='ltr'>illa,</span> 
     </span>
     <span class='ocr_line' id='line_1_31' title="bbox 251 2307 2074 2367; baseline -0.004 -14"><span class='ocrx_word' id='word_1_291' title='bbox 251 2324 286 2353; x_wconf 70' lang='lat'>15</span> <span class='ocrx_word' id='word_1_292' title='bbox 301 2326 408 2367; x_wconf 87' lang='lat' dir='ltr'>quae</span> <span class='ocrx_word' id='word_1_293' title='bbox 439 2316 605 2358; x_wconf 89' lang='lat' dir='ltr'>natura,</span> <span class='ocrx_word' id='word_1_294' title='bbox 636 2323 721 2349; x_wconf 90' lang='lat' dir='ltr'>non</span> <span class='ocrx_word' id='word_1_295' title='bbox 752 2309 903 2349; x_wconf 89' lang='lat' dir='ltr'>litteris</span> <span class='ocrx_word' id='word_1_296' title='bbox 935 2308 1122 2348; x_wconf 89' lang='lat' dir='ltr'>adsecuti</span> <span class='ocrx_word' id='word_1_297' title='bbox 1155 2314 1275 2355; x_wconf 87' lang='lat' dir='ltr'>sunt,</span> <span class='ocrx_word' id='word_1_298' title='bbox 1317 2322 1455 2362; x_wconf 86' lang='lat' dir='ltr'>neque</span> <span class='ocrx_word' id='word_1_299' title='bbox 1487 2323 1580 2348; x_wconf 90' lang='lat' dir='ltr'>cum</span> <span class='ocrx_word' id='word_1_300' title='bbox 1613 2309 1788 2349; x_wconf 87' lang='lat' dir='ltr'>Graecia</span> <span class='ocrx_word' id='word_1_301' title='bbox 1818 2321 1957 2362; x_wconf 89' lang='lat' dir='ltr'>neque</span> <span class='ocrx_word' id='word_1_302' title='bbox 1987 2307 2074 2347; x_wconf 91' lang='lat' dir='ltr'>ulla</span> 
     </span>
     <span class='ocr_line' id='line_1_32' title="bbox 301 2371 2073 2427; baseline -0.004 -12"><span class='ocrx_word' id='word_1_303' title='bbox 301 2389 392 2415; x_wconf 92' lang='lat' dir='ltr'>cum</span> <span class='ocrx_word' id='word_1_304' title='bbox 425 2379 546 2427; x_wconf 89' lang='lat' dir='ltr'>gente</span> <span class='ocrx_word' id='word_1_305' title='bbox 579 2379 673 2412; x_wconf 89' lang='lat' dir='ltr'>sunt</span> <span class='ocrx_word' id='word_1_306' title='bbox 705 2371 969 2411; x_wconf 88' lang='lat' dir='ltr'>conferenda.</span> <span class='ocrx_word' id='word_1_307' title='bbox 1023 2371 1141 2418; x_wconf 84' lang='lat' dir='ltr'>Quae</span> <span class='ocrx_word' id='word_1_308' title='bbox 1173 2371 1285 2409; x_wconf 87' lang='lat' dir='ltr'>enim</span> <span class='ocrx_word' id='word_1_309' title='bbox 1316 2376 1431 2410; x_wconf 87' lang='lat' dir='ltr'>tanta</span> <span class='ocrx_word' id='word_1_310' title='bbox 1462 2372 1660 2423; x_wconf 86' lang='lat' dir='ltr'>gravitas,</span> <span class='ocrx_word' id='word_1_311' title='bbox 1695 2384 1803 2425; x_wconf 89' lang='lat' dir='ltr'>quae</span> <span class='ocrx_word' id='word_1_312' title='bbox 1836 2375 1951 2411; x_wconf 87' lang='lat' dir='ltr'>tanta</span> <span class='ocrx_word' id='word_1_313' title='bbox 1974 2382 2073 2409; x_wconf 88' lang='lat' dir='ltr'>con-</span> 
     </span>
     <span class='ocr_line' id='line_1_33' title="bbox 300 2431 2073 2487; baseline -0.005 -10"><span class='ocrx_word' id='word_1_314' title='bbox 300 2437 471 2483; x_wconf 89' lang='lat' dir='ltr'>stantia,</span> <span class='ocrx_word' id='word_1_315' title='bbox 503 2433 746 2487; x_wconf 87' lang='lat' dir='ltr'>magnitudo</span> <span class='ocrx_word' id='word_1_316' title='bbox 778 2433 928 2481; x_wconf 89' lang='lat' dir='ltr'>animi,</span> <span class='ocrx_word' id='word_1_317' title='bbox 972 2433 1178 2486; x_wconf 81' lang='lat' dir='ltr'>probitas,</span> <span class='ocrx_word' id='word_1_318' title='bbox 1220 2432 1348 2481; x_wconf 81' lang='lat' dir='ltr'>fides,</span> <span class='ocrx_word' id='word_1_319' title='bbox 1382 2447 1489 2487; x_wconf 89' lang='lat' dir='ltr'>quae</span> <span class='ocrx_word' id='word_1_320' title='bbox 1521 2440 1603 2473; x_wconf 90' lang='lat' dir='ltr'>tam</span> <span class='ocrx_word' id='word_1_321' title='bbox 1636 2433 1849 2474; x_wconf 83' lang='lat' dir='ltr'>excellens</span> <span class='ocrx_word' id='word_1_322' title='bbox 1883 2432 1926 2471; x_wconf 89' lang='lat' dir='ltr'>in</span> <span class='ocrx_word' id='word_1_323' title='bbox 1959 2431 2073 2470; x_wconf 91' lang='lat' dir='ltr'>omni</span> 
     </span>
     <span class='ocr_line' id='line_1_34' title="bbox 300 2492 2072 2553; baseline -0.005 -14"><span class='ocrx_word' id='word_1_324' title='bbox 300 2512 452 2553; x_wconf 85' lang='lat' dir='ltr'>genere</span> <span class='ocrx_word' id='word_1_325' title='bbox 497 2498 629 2538; x_wconf 86' lang='lat' dir='ltr'>virtus</span> <span class='ocrx_word' id='word_1_326' title='bbox 670 2496 712 2536; x_wconf 92' lang='lat' dir='ltr'>in</span> <span class='ocrx_word' id='word_1_327' title='bbox 754 2496 852 2535; x_wconf 93' lang='lat' dir='ltr'>ullis</span> <span class='ocrx_word' id='word_1_328' title='bbox 882 2495 982 2543; x_wconf 87' lang='lat' dir='ltr'>fuit,</span> <span class='ocrx_word' id='word_1_329' title='bbox 1029 2501 1073 2535; x_wconf 91' lang='lat' dir='ltr'>ut</span> <span class='ocrx_word' id='word_1_330' title='bbox 1104 2496 1157 2535; x_wconf 90' lang='lat' dir='ltr'>sit</span> <span class='ocrx_word' id='word_1_331' title='bbox 1188 2509 1281 2535; x_wconf 85' lang='lat' dir='ltr'>cum</span> <span class='ocrx_word' id='word_1_332' title='bbox 1313 2496 1541 2536; x_wconf 89' lang='lat' dir='ltr'>maioribus</span> <span class='ocrx_word' id='word_1_333' title='bbox 1574 2496 1726 2535; x_wconf 88' lang='lat' dir='ltr'>nostris</span> <span class='ocrx_word' id='word_1_334' title='bbox 1759 2492 2072 2547; x_wconf 75' lang='lat' dir='ltr'>comparanda?</span> 
     </span>
     <span class='ocr_line' id='line_1_35' title="bbox 300 2557 2071 2610; baseline -0.003 -9"><span class='ocrx_word' id='word_1_335' title='bbox 300 2564 338 2601; x_wconf 89' lang='lat'>3.</span> <span class='ocrx_word' id='word_1_336' title='bbox 368 2561 569 2601; x_wconf 83' lang='lat' dir='ltr'>Doctrina</span> <span class='ocrx_word' id='word_1_337' title='bbox 610 2558 780 2599; x_wconf 88' lang='lat' dir='ltr'>Graecia</span> <span class='ocrx_word' id='word_1_338' title='bbox 819 2570 895 2597; x_wconf 93' lang='lat' dir='ltr'>nos</span> <span class='ocrx_word' id='word_1_339' title='bbox 937 2563 977 2597; x_wconf 91' lang='lat' dir='ltr'>et</span> <span class='ocrx_word' id='word_1_340' title='bbox 1018 2557 1131 2597; x_wconf 89' lang='lat' dir='ltr'>omni</span> <span class='ocrx_word' id='word_1_341' title='bbox 1168 2557 1399 2597; x_wconf 87' lang='lat' dir='ltr'>litterarum</span> <span class='ocrx_word' id='word_1_342' title='bbox 1433 2571 1584 2610; x_wconf 84' lang='lat' dir='ltr'>genere</span> <span class='ocrx_word' id='word_1_343' title='bbox 1616 2557 1865 2610; x_wconf 89' lang='lat' dir='ltr'>superabat,</span> <span class='ocrx_word' id='word_1_344' title='bbox 1911 2557 1954 2595; x_wconf 86' lang='lat' dir='ltr'>in</span> <span class='ocrx_word' id='word_1_345' title='bbox 1986 2568 2071 2609; x_wconf 91' lang='lat' dir='ltr'>quo</span> 
     </span>
     <span class='ocr_line' id='line_1_36' title="bbox 249 2617 2073 2674; baseline -0.004 -11"><span class='ocrx_word' id='word_1_346' title='bbox 249 2638 286 2667; x_wconf 75' lang='lat'>20</span> <span class='ocrx_word' id='word_1_347' title='bbox 301 2629 388 2663; x_wconf 89' lang='lat' dir='ltr'>erat</span> <span class='ocrx_word' id='word_1_348' title='bbox 425 2622 546 2662; x_wconf 88' lang='lat' dir='ltr'>facile</span> <span class='ocrx_word' id='word_1_349' title='bbox 586 2622 750 2661; x_wconf 88' lang='lat' dir='ltr'>vincere</span> <span class='ocrx_word' id='word_1_350' title='bbox 782 2633 867 2660; x_wconf 91' lang='lat' dir='ltr'>non</span> <span class='ocrx_word' id='word_1_351' title='bbox 897 2625 1192 2674; x_wconf 85' lang='lat' dir='ltr'>repugnantes.</span> <span class='ocrx_word' id='word_1_352' title='bbox 1252 2620 1355 2658; x_wconf 83' lang='lat' dir='ltr'>Nam</span> <span class='ocrx_word' id='word_1_353' title='bbox 1387 2633 1480 2659; x_wconf 88' lang='lat' dir='ltr'>cum</span> <span class='ocrx_word' id='word_1_354' title='bbox 1512 2618 1624 2671; x_wconf 90' lang='lat' dir='ltr'>apud</span> <span class='ocrx_word' id='word_1_355' title='bbox 1658 2619 1838 2658; x_wconf 88' lang='lat' dir='ltr'>Graecos</span> <span class='ocrx_word' id='word_1_356' title='bbox 1869 2617 2073 2670; x_wconf 84' lang='lat' dir='ltr'>antiquis-</span> 
     </span>
     <span class='ocr_line' id='line_1_37' title="bbox 300 2678 2072 2736; baseline -0.004 -11"><span class='ocrx_word' id='word_1_357' title='bbox 300 2686 449 2725; x_wconf 89' lang='lat' dir='ltr'>simum</span> <span class='ocrx_word' id='word_1_358' title='bbox 481 2698 502 2723; x_wconf 89' lang='lat' dir='ltr'>e</span> <span class='ocrx_word' id='word_1_359' title='bbox 528 2684 660 2724; x_wconf 87' lang='lat' dir='ltr'>doctis</span> <span class='ocrx_word' id='word_1_360' title='bbox 691 2696 823 2736; x_wconf 86' lang='lat' dir='ltr'>genus</span> <span class='ocrx_word' id='word_1_361' title='bbox 856 2683 909 2722; x_wconf 90' lang='lat' dir='ltr'>sit</span> <span class='ocrx_word' id='word_1_362' title='bbox 938 2686 1176 2735; x_wconf 72' lang='lat' dir='ltr'>poetarum,</span> <span class='ocrx_word' id='word_1_363' title='bbox 1208 2681 1242 2720; x_wconf 92' lang='lat' dir='ltr'>si</span> <span class='ocrx_word' id='word_1_364' title='bbox 1273 2680 1443 2734; x_wconf 91' lang='lat' dir='ltr'>quidem</span> <span class='ocrx_word' id='word_1_365' title='bbox 1474 2681 1681 2720; x_wconf 91' lang='lat' dir='ltr'>Homerus</span> <span class='ocrx_word' id='word_1_366' title='bbox 1701 2680 1779 2720; x_wconf 89' lang='lat' dir='ltr'>fuit</span> <span class='ocrx_word' id='word_1_367' title='bbox 1801 2685 1840 2719; x_wconf 90' lang='lat' dir='ltr'>et</span> <span class='ocrx_word' id='word_1_368' title='bbox 1861 2678 2072 2719; x_wconf 91' lang='lat' dir='ltr'>Hesiodus</span> 
     </span>
     <span class='ocr_line' id='line_1_38' title="bbox 298 2742 2071 2795; baseline -0.004 -8"><span class='ocrx_word' id='word_1_369' title='bbox 298 2752 395 2787; x_wconf 88' lang='lat' dir='ltr'>ante</span> <span class='ocrx_word' id='word_1_370' title='bbox 421 2747 593 2786; x_wconf 88' lang='lat' dir='ltr'>Romam</span> <span class='ocrx_word' id='word_1_371' title='bbox 618 2745 841 2793; x_wconf 88' lang='lat' dir='ltr'>conditam,</span> <span class='ocrx_word' id='word_1_372' title='bbox 866 2744 1144 2784; x_wconf 87' lang='lat' dir='ltr'>Archilochus</span> <span class='ocrx_word' id='word_1_373' title='bbox 1166 2748 1366 2795; x_wconf 86' lang='lat' dir='ltr'>regnante</span> <span class='ocrx_word' id='word_1_374' title='bbox 1388 2743 1578 2790; x_wconf 87' lang='lat' dir='ltr'>Romulo,</span> <span class='ocrx_word' id='word_1_375' title='bbox 1610 2742 1743 2782; x_wconf 89' lang='lat' dir='ltr'>serius</span> <span class='ocrx_word' id='word_1_376' title='bbox 1765 2742 1971 2795; x_wconf 73' lang='lat' dir='ltr'>poeticam</span> <span class='ocrx_word' id='word_1_377' title='bbox 1993 2753 2071 2780; x_wconf 92' lang='lat' dir='ltr'>nos</span> 
     </span>
    </p>
   </div>
   <div class='ocr_carea' id='block_1_8' title="bbox 296 2907 2072 3247">
    <p class='ocr_par' dir='ltr' id='par_1_10' title="bbox 296 2907 2072 3247">
     <span class='ocr_line' id='line_1_39' title="bbox 384 2907 2072 2943; baseline -0.004 -2"><span class='ocrx_word' id='word_1_378' title='bbox 384 2911 576 2942; x_wconf 76' lang='lat' dir='ltr'>INSCRIPTIO.</span> <span class='ocrx_word' id='word_1_379' title='bbox 621 2920 656 2941; x_wconf 79' lang='lat' dir='ltr'>M.</span> <span class='ocrx_word' id='word_1_380' title='bbox 687 2918 795 2941; x_wconf 70' lang='lat' dir='ltr'><em>TULLH</em></span> <span class='ocrx_word' id='word_1_381' title='bbox 825 2917 998 2942; x_wconf 64' lang='lat' dir='ltr'>cmmoxls</span> <span class='ocrx_word' id='word_1_382' title='bbox 1029 2916 1282 2941; x_wconf 65' lang='lat' dir='ltr'><em>TUSCULANARUM</em></span> <span class='ocrx_word' id='word_1_383' title='bbox 1314 2915 1439 2939; x_wconf 68' lang='lat' dir='ltr'>mcwzr</span> <span class='ocrx_word' id='word_1_384' title='bbox 1473 2914 1568 2937; x_wconf 68' lang='grc' dir='ltr'><em>ιιΒΕιῑ</em></span> <span class='ocrx_word' id='word_1_385' title='bbox 1598 2913 1720 2938; x_wconf 54' lang='lat' dir='ltr'>raimsss</span> <span class='ocrx_word' id='word_1_386' title='bbox 1753 2907 1797 2943; x_wconf 63' lang='lat' dir='ltr'>G}</span> <span class='ocrx_word' id='word_1_387' title='bbox 1833 2913 1934 2937; x_wconf 71' lang='lat' dir='ltr'>mae!</span> <span class='ocrx_word' id='word_1_388' title='bbox 1963 2912 2072 2936; x_wconf 70' lang='grc' dir='ltr'><em>Τειιιι</em></span> 
     </span>
     <span class='ocr_line' id='line_1_40' title="bbox 296 2953 2069 2995; baseline -0.005 -2"><span class='ocrx_word' id='word_1_389' title='bbox 296 2968 467 2993; x_wconf 52' lang='lat' dir='ltr'>cml-:Romus</span> <span class='ocrx_word' id='word_1_390' title='bbox 491 2968 744 2992; x_wconf 65' lang='lat' dir='ltr'><em>TUSCULANARUM</em></span> <span class='ocrx_word' id='word_1_391' title='bbox 772 2967 1038 2992; x_wconf 70' lang='lat' dir='ltr'><strong><em>DISPUTATIONL&#39;M</em></strong></span> <span class='ocrx_word' id='word_1_392' title='bbox 1067 2967 1190 2990; x_wconf 69' lang='grc' dir='ltr'><em>ιΝειΡιΤ</em></span> <span class='ocrx_word' id='word_1_393' title='bbox 1215 2967 1312 2990; x_wconf 79' lang='lat' dir='ltr'><em>LIBER</em></span> <span class='ocrx_word' id='word_1_394' title='bbox 1336 2964 1456 2988; x_wconf 60' lang='lat' dir='ltr'>pamas</span> <span class='ocrx_word' id='word_1_395' title='bbox 1481 2957 1524 2986; x_wconf 90' lang='lat' dir='ltr'>B:</span> <span class='ocrx_word' id='word_1_396' title='bbox 1557 2956 1784 2995; x_wconf 88' lang='lat' dir='ltr'>inscriptione</span> <span class='ocrx_word' id='word_1_397' title='bbox 1810 2956 1906 2986; x_wconf 86' lang='lat' dir='ltr'>caret</span> <span class='ocrx_word' id='word_1_398' title='bbox 1929 2956 1978 2991; x_wconf 82' lang='lat' dir='ltr'>R1.</span> <span class='ocrx_word' id='word_1_399' title='bbox 2005 2953 2069 2986; x_wconf 89' lang='lat' dir='ltr'>sed</span> 
     </span>
     <span class='ocr_line' id='line_1_41' title="bbox 296 3004 2066 3051; baseline -0.004 -9"><span class='ocrx_word' id='word_1_400' title='bbox 296 3011 446 3051; x_wconf 87' lang='lat' dir='ltr'>spatium</span> <span class='ocrx_word' id='word_1_401' title='bbox 476 3018 628 3041; x_wconf 83' lang='lat' dir='ltr'>vacuum</span> <span class='ocrx_word' id='word_1_402' title='bbox 660 3018 678 3040; x_wconf 89' lang='lat' dir='ltr'>a</span> <span class='ocrx_word' id='word_1_403' title='bbox 711 3009 929 3040; x_wconf 79' lang='lat' dir='ltr'>rubricatore</span> <span class='ocrx_word' id='word_1_404' title='bbox 959 3008 1120 3040; x_wconf 91' lang='lat' dir='ltr'>relictum</span> <span class='ocrx_word' id='word_1_405' title='bbox 1150 3009 1200 3040; x_wconf 85' lang='lat' dir='ltr'>sic</span> <span class='ocrx_word' id='word_1_406' title='bbox 1228 3006 1379 3048; x_wconf 76' lang='lat' dir='ltr'>explevit</span> <span class='ocrx_word' id='word_1_407' title='bbox 1408 3013 1532 3036; x_wconf 86' lang='lat' dir='ltr'>manus</span> <span class='ocrx_word' id='word_1_408' title='bbox 1560 3005 1737 3036; x_wconf 84' lang='lat' dir='ltr'>recentior</span> <span class='ocrx_word' id='word_1_409' title='bbox 1764 3004 1895 3037; x_wconf 86' lang='lat' dir='ltr'>saeculi</span> <span class='ocrx_word' id='word_1_410' title='bbox 1921 3004 1998 3035; x_wconf 83' lang='lat' dir='ltr'>XV:</span> <span class='ocrx_word' id='word_1_411' title='bbox 2029 3012 2066 3035; x_wconf 73' lang='grc' dir='ltr'>Μ.</span> 
     </span>
     <span class='ocr_line' id='line_1_42' title="bbox 297 3051 2067 3096; baseline -0.005 -5"><span class='ocrx_word' id='word_1_412' title='bbox 297 3068 404 3091; x_wconf 70' lang='grc' dir='ltr'><em>Τηιιι</em></span> <span class='ocrx_word' id='word_1_413' title='bbox 426 3067 598 3091; x_wconf 78' lang='lat' dir='ltr'><em>CICEROMS</em></span> <span class='ocrx_word' id='word_1_414' title='bbox 622 3067 874 3091; x_wconf 48' lang='lat' dir='ltr'>rt‘scnfffifflm!</span> <span class='ocrx_word' id='word_1_415' title='bbox 897 3066 1128 3096; x_wconf 62' lang='lat' dir='ltr'>Qitfflsriosml</span> <span class='ocrx_word' id='word_1_416' title='bbox 1150 3066 1239 3088; x_wconf 78' lang='lat' dir='ltr'><em>LIBRI</em></span> <span class='ocrx_word' id='word_1_417' title='bbox 1264 3066 1290 3088; x_wconf 75' lang='lat' dir='ltr'>r.</span> <span class='ocrx_word' id='word_1_418' title='bbox 1321 3073 1356 3078; x_wconf 90' lang='lat'>—</span> <span class='ocrx_word' id='word_1_419' title='bbox 1385 3054 1586 3086; x_wconf 78' lang='lat' dir='ltr'>Tusculanas</span> <span class='ocrx_word' id='word_1_420' title='bbox 1610 3054 1845 3094; x_wconf 76' lang='lat' dir='ltr'>disputationes</span> <span class='ocrx_word' id='word_1_421' title='bbox 1868 3054 1933 3084; x_wconf 90' lang='lat' dir='ltr'>hos</span> <span class='ocrx_word' id='word_1_422' title='bbox 1960 3051 2067 3083; x_wconf 90' lang='lat' dir='ltr'>libros</span> 
     </span>
     <span class='ocr_line' id='line_1_43' title="bbox 296 3100 2066 3150; baseline -0.005 -9"><span class='ocrx_word' id='word_1_423' title='bbox 296 3111 400 3141; x_wconf 71' lang='lat' dir='ltr'>vocat</span> <span class='ocrx_word' id='word_1_424' title='bbox 423 3110 496 3150; x_wconf 90' lang='lat' dir='ltr'>ipse</span> <span class='ocrx_word' id='word_1_425' title='bbox 515 3110 638 3141; x_wconf 86' lang='lat' dir='ltr'>Cicero</span> <span class='ocrx_word' id='word_1_426' title='bbox 657 3109 682 3139; x_wconf 94' lang='lat' dir='ltr'>V</span> <span class='ocrx_word' id='word_1_427' title='bbox 700 3109 717 3149; x_wconf 70' lang='lat' dir='ltr'>S</span> <span class='ocrx_word' id='word_1_428' title='bbox 738 3110 767 3140; x_wconf 74' lang='lat' dir='ltr'>t.</span> <span class='ocrx_word' id='word_1_429' title='bbox 795 3109 837 3140; x_wconf 91' lang='lat' dir='ltr'>de</span> <span class='ocrx_word' id='word_1_430' title='bbox 863 3108 932 3140; x_wconf 80' lang='lat' dir='ltr'>sato</span> <span class='ocrx_word' id='word_1_431' title='bbox 956 3108 1022 3149; x_wconf 70' lang='lat'>54.</span> <span class='ocrx_word' id='word_1_432' title='bbox 1050 3108 1093 3139; x_wconf 86' lang='lat' dir='ltr'>ad</span> <span class='ocrx_word' id='word_1_433' title='bbox 1118 3109 1186 3139; x_wconf 81' lang='lat' dir='ltr'>Att.</span> <span class='ocrx_word' id='word_1_434' title='bbox 1211 3107 1281 3143; x_wconf 84' lang='lat' dir='ltr'>XV,</span> <span class='ocrx_word' id='word_1_435' title='bbox 1300 3106 1331 3142; x_wconf 71' lang='lat'>2,</span> <span class='ocrx_word' id='word_1_436' title='bbox 1350 3105 1380 3137; x_wconf 80' lang='lat'>4.</span> <span class='ocrx_word' id='word_1_437' title='bbox 1407 3104 1438 3143; x_wconf 74' lang='lat'>4,</span> <span class='ocrx_word' id='word_1_438' title='bbox 1461 3105 1489 3135; x_wconf 73' lang='lat'>2.</span> <span class='ocrx_word' id='word_1_439' title='bbox 1521 3104 1720 3135; x_wconf 82' lang='lat' dir='ltr'>Lactantius</span> <span class='ocrx_word' id='word_1_440' title='bbox 1746 3104 1802 3142; x_wconf 82' lang='lat'>111,</span> <span class='ocrx_word' id='word_1_441' title='bbox 1823 3103 1873 3134; x_wconf 72' lang='lat'>43.</span> <span class='ocrx_word' id='word_1_442' title='bbox 1900 3100 2066 3133; x_wconf 84' lang='lat' dir='ltr'>Boethius</span> 
     </span>
     <span class='ocr_line' id='line_1_44' title="bbox 296 3150 2066 3199; baseline -0.005 -10"><span class='ocrx_word' id='word_1_443' title='bbox 296 3158 340 3189; x_wconf 88' lang='lat' dir='ltr'>ad</span> <span class='ocrx_word' id='word_1_444' title='bbox 371 3159 455 3199; x_wconf 92' lang='lat' dir='ltr'>Top.</span> <span class='ocrx_word' id='word_1_445' title='bbox 481 3167 515 3199; x_wconf 92' lang='lat' dir='ltr'>p.</span> <span class='ocrx_word' id='word_1_446' title='bbox 534 3157 615 3196; x_wconf 74' lang='lat'>372,</span> <span class='ocrx_word' id='word_1_447' title='bbox 642 3158 682 3189; x_wconf 88' lang='lat'>30</span> <span class='ocrx_word' id='word_1_448' title='bbox 708 3158 763 3189; x_wconf 90' lang='lat' dir='ltr'>ed.</span> <span class='ocrx_word' id='word_1_449' title='bbox 790 3159 893 3195; x_wconf 81' lang='lat' dir='ltr'>Bait.;</span> <span class='ocrx_word' id='word_1_450' title='bbox 923 3158 1122 3189; x_wconf 78' lang='lat' dir='ltr'>Tusculanas</span> <span class='ocrx_word' id='word_1_451' title='bbox 1145 3155 1348 3197; x_wconf 81' lang='lat' dir='ltr'>simpliciter</span> <span class='ocrx_word' id='word_1_452' title='bbox 1372 3154 1595 3186; x_wconf 85' lang='lat' dir='ltr'>Grammatici</span> <span class='ocrx_word' id='word_1_453' title='bbox 1620 3154 1742 3193; x_wconf 88' lang='lat' dir='ltr'>Latini,</span> <span class='ocrx_word' id='word_1_454' title='bbox 1768 3153 1910 3191; x_wconf 88' lang='lat' dir='ltr'>Nonius,</span> <span class='ocrx_word' id='word_1_455' title='bbox 1943 3150 2066 3183; x_wconf 88' lang='lat' dir='ltr'>Chari-</span> 
     </span>
     <span class='ocr_line' id='line_1_45' title="bbox 296 3206 988 3247; baseline -0.001 -7"><span class='ocrx_word' id='word_1_456' title='bbox 296 3207 380 3247; x_wconf 91' lang='lat' dir='ltr'>sius,</span> <span class='ocrx_word' id='word_1_457' title='bbox 405 3206 608 3245; x_wconf 88' lang='lat' dir='ltr'>Diomedes,</span> <span class='ocrx_word' id='word_1_458' title='bbox 633 3207 842 3247; x_wconf 88' lang='lat' dir='ltr'>Priscianus,</span> <span class='ocrx_word' id='word_1_459' title='bbox 869 3208 988 3239; x_wconf 88' lang='lat' dir='ltr'>ceteri.</span> 
     </span>
    </p>
   </div>
   <div class='ocr_carea' id='block_1_9' title="bbox 383 3262 974 3296">
    <p class='ocr_par' dir='ltr' id='par_1_11' title="bbox 383 3262 974 3296">
     <span class='ocr_line' id='line_1_46' title="bbox 383 3262 974 3296; baseline -0.002 -1"><span class='ocrx_word' id='word_1_460' title='bbox 383 3263 415 3295; x_wconf 74' lang='lat'>2.</span> <span class='ocrx_word' id='word_1_461' title='bbox 440 3262 540 3296; x_wconf 68' lang='lat' dir='ltr'>retuli</span> <span class='ocrx_word' id='word_1_462' title='bbox 564 3263 629 3295; x_wconf 90' lang='lat' dir='ltr'>CO</span> <span class='ocrx_word' id='word_1_463' title='bbox 655 3277 690 3284; x_wconf 91' lang='lat'>—</span> <span class='ocrx_word' id='word_1_464' title='bbox 721 3263 775 3295; x_wconf 75' lang='lat'>¹12.</span> <span class='ocrx_word' id='word_1_465' title='bbox 800 3263 901 3295; x_wconf 74' lang='lat' dir='ltr'>latius</span> <span class='ocrx_word' id='word_1_466' title='bbox 924 3263 974 3295; x_wconf 63' lang='lat'>1³¹.</span> 
     </span>
    </p>
   </div>
  </div>
 </body>
</html>
