2249 3624
296 140 378 181 562
959 140 1028 178 DE
1059 137 1412 178 DIVINATIONE

296 247 411 301 nysi,
442 246 571 286 Poeni
603 244 873 291 Hamilcaris,
904 243 1172 290 Hannibalis,
1204 244 1246 282 P.
1272 243 1402 289 Deci;
1442 242 1731 296 pervulgatum
1761 242 1844 282 iam
1875 242 1981 282 illud
2014 243 2063 283 de

296 309 501 362 praesule,
535 308 577 348 C.
599 307 775 347 Gracchi
807 307 928 345 etiam
963 310 1003 345 et
1033 319 1180 344 recens
1204 305 1430 351 Caeciliae,
1460 304 1654 343 Baliarici
1682 304 1812 350 filiae,
1842 305 2064 345 somnium.

297 371 379 410 Sed
409 371 512 410 haec
544 375 718 410 externa
748 369 800 407 ob
835 381 1009 420 eamque
1041 380 1208 407 causam
1241 367 1382 419 ignota
1413 366 1532 406 nobis
1560 372 1678 412 sunt,
1701 379 1784 405 non
1807 366 1921 405 nulla
1942 368 2063 407 etiam

295 432 392 472 ficta
421 433 612 473 fortasse.
659 430 763 478 Quis
797 430 908 469 enim
941 435 1086 469 auctor
1116 429 1320 469 istorum‘.>
1361 430 1421 468 De
1443 429 1597 468 nostris
1621 429 1794 468 somniis
1817 428 1918 480 quid
1941 429 2065 469 habe-

264 500 387 534 5mus
419 495 589 534 dicere?
636 499 680 533 tu
719 492 769 531 de
811 505 974 531 emerso
1016 505 1080 530 me
1122 497 1163 530 et
1194 505 1302 544 equo
1334 492 1385 531 ad
1417 491 1573 543 ripam,
1617 503 1694 544 ego
1726 491 1778 530 de
1808 490 1939 529 Mario
1971 504 2065 530 cum

294 556 478 596 fascibus
510 555 706 595 laureatis
739 567 803 593 me
835 554 875 592 in
909 567 1031 592 suum
1063 553 1214 593 deduci
1245 554 1414 593 iubente
1446 558 1777 592 monumentum.

408 618 571 657 LXVII.
605 616 803 656 Omnium
834 615 1117 662 somniorum,
1141 615 1318 663 Quinte,
1350 629 1433 655 una
1463 616 1570 654 ratio
1603 620 1678 662 est,
1712 627 1839 668 quae,
1871 628 1944 668 per
1965 615 2066 655 deos

294 680 550 726 inmortalis,
590 678 806 718 videamus
844 691 896 717 ne
928 683 1071 717 nostra
1103 678 1400 731 superstitione
1433 683 1474 717 et
1503 677 1801 730 depravatione
1833 682 2067 728 superetur.

296 739 390 781 437.
423 742 557 789 Quem
591 741 700 779 enim
732 746 776 779 tu
810 740 987 779 Marium
1018 741 1151 779 visum
1186 753 1208 779 a
1240 753 1305 779 me
1337 741 1491 792 putas?
1544 739 1756 791 Speciem,
1797 738 1943 786 credo,
1978 739 2068 779 eius

244 810 282 840 4ο
296 809 336 843 et
366 804 603 857 imaginem,
635 808 680 841 ut
710 802 950 841 Democrito
984 802 1158 841 videtur.
1220 802 1336 842 Unde
1368 801 1595 854 profectam
1628 801 1884 853 imaginem?
1927 814 1950 840 a
1981 814 2069 841 cor-

295 865 467 918 poribus
499 865 610 904 enim
642 863 786 903 solidis
819 869 859 903 et
890 877 912 903 a
946 865 1069 904 certis
1102 862 1245 916 figuris
1269 864 1356 904 vult
1378 865 1508 903 fluere
1531 864 1746 915 imagines.
1795 863 1920 910 Quod
1942 863 2070 915 igitur

294 927 399 967 Mari
432 940 582 980 corpus
615 928 736 966 erat?
794 927 859 966 Ex
891 940 965 973 eo,
1006 927 1163 979 inquit,
1206 926 1321 979 quod
1352 926 1515 973 fuerat3
1561 926 1687 978 plena
1719 930 1815 965 sunt
1844 927 2068 978 imaginum

296 990 451 1030 omnia.
515 991 597 1029 Ista
628 989 757 1041 igitur
789 1003 853 1028 me
885 989 1024 1041 imago
1048 989 1150 1028 Mari
1182 989 1224 1028 in
1258 1002 1450 1041 campum
1473 988 1684 1028 Atinatem
1716 988 2068 1040 persequebatur;

293 1052 409 1091 nulla
441 1053 551 1092 enim
584 1052 745 1105 species
775 1051 948 1104 cogitari
980 1057 1118 1104 potest
1146 1051 1225 1090 nisi
1250 1050 1373 1103 pulsu
1397 1051 1640 1102 imaginum.
1688 1047 1782 1089 138.
1807 1051 1918 1098 Quid
1942 1054 2068 1104 ergo?

244 1115 398 1154 ⁴5istae
438 1114 640 1166 imagines
678 1114 736 1153 ita
777 1114 899 1153 nobis
941 1113 1050 1153 dicto
1089 1114 1307 1153 audientes
1341 1119 1459 1159 sunt,
1504 1118 1548 1152 ut
1578 1112 1703 1151 simul
1735 1119 1862 1166 atque
1893 1113 2068 1153 velimus

294 1179 542 1216 accurrant?
575 1177 755 1216 etiamne
779 1190 920 1216 earum
944 1189 1103 1222 rerum,
1128 1188 1234 1227 quae
1257 1175 1398 1213 nullae
1421 1176 1552 1213 sunt?
1586 1187 1694 1227 quae
1718 1181 1781 1214 est
1803 1176 1911 1215 enim
1935 1176 2068 1216 forma

294 1244 377 1279 tam
408 1239 640 1285 invisitata,
673 1245 756 1278 tam
788 1238 922 1285 nulla,
956 1251 1077 1291 quam
1109 1250 1195 1276 non
1227 1237 1302 1276 sibi
1334 1237 1422 1290 ipse
1455 1236 1611 1288 fingere
1642 1237 1804 1276 animus
1827 1239 1987 1291 possit?
2025 1245 2071 1278 ut

295 1315 403 1355 quae
434 1314 663 1354 numquam
696 1301 898 1347 vidimus,
932 1314 978 1340 ea
1001 1306 1139 1340 tamen
1162 1298 1383 1339 informata
1404 1299 1651 1345 habeamus,
1677 1299 1929 1352 oppidorum
1951 1301 2070 1348 situs,

293 1363 513 1403 hominum
545 1361 710 1416 figuras.
772 1361 865 1401 ἅ139.
899 1364 1005 1402 Num
1036 1363 1181 1415 igitur,
1223 1375 1313 1400 cum
1348 1368 1419 1401 aut
1450 1374 1591 1401 muros
1623 1361 1850 1414 Babylonis
1882 1368 1955 1402 aut
1983 1363 2070 1403 Ho-

243 1433 281 1463 20
296 1426 397 1466 meri
427 1425 577 1466 faciem
610 1426 762 1477 cogito,
794 1425 933 1477 imago
966 1425 1135 1464 illorum
1167 1437 1232 1463 me
1264 1423 1405 1477 aliqua
1428 1424 1578 1477 pellit?
1620 1424 1772 1463 Omnia
1792 1424 1936 1476 igitur,
1960 1438 2070 1478 quae

294 1489 509 1536 volumus,
541 1494 639 1528 nota
671 1488 791 1527 nobis
824 1501 914 1527 esse
948 1493 1143 1540 possunt;
1175 1487 1280 1526 nihil
1304 1492 1366 1526 est
1389 1487 1500 1526 enim
1525 1485 1576 1525 de
1599 1500 1680 1538 quo
1703 1486 1886 1538 cogitare
1909 1500 2070 1540 neque-

293 1564 429 1591 amus:
462 1551 602 1590 nullae
635 1564 733 1603 ergo
762 1550 966 1602 imagines
990 1550 1199 1601 obrepunt
1228 1549 1271 1588 in
1299 1549 1461 1588 animos
1491 1549 1786 1588 dormientium
1810 1550 2070 1590 extrinsecus

293 1626 371 1652 nec
403 1613 575 1652 omnino
608 1614 743 1652 fluunt
773 1612 904 1659 ullae,
937 1626 1012 1651 nec
1044 1612 1221 1663 cognovi
1246 1624 1519 1664 quemquam,
1546 1612 1619 1664 qui
1643 1611 1800 1651 maiore
1823 1614 2070 1652 auctoritate

293 1674 399 1715 nihil
431 1675 602 1715 diceret.
660 1675 905 1714 Animorum
940 1679 1003 1713 est
1034 1688 1082 1713 ea
1115 1674 1175 1713 vis
1208 1686 1341 1726 eaque
1373 1679 1542 1720 natura,
1576 1679 1619 1713 ut
1651 1674 1818 1726 vigeant
1850 1675 2069 1727 vigilantes

243 1745 281 1774 25
296 1737 412 1776 nullo
443 1737 680 1777 adventicio
714 1737 851 1789 pulsu,
884 1736 956 1775 sed
989 1750 1065 1775 suo
1100 1742 1229 1782 motu,
1262 1736 1496 1775 incredibili
1529 1736 1709 1788 quadam
1743 1736 1969 1776 celeritate.
2018 1737 2069 1776 Hi

295 1814 388 1840 cum
421 1799 681 1839 sustinentur
713 1799 908 1839 membris
940 1805 981 1839 et
1012 1812 1187 1852 corpore
1211 1805 1250 1839 et
1273 1799 1491 1846 sensibus,
1515 1799 1654 1838 omnia
1678 1799 1853 1838 certiora
1876 1804 2067 1845 cernunt,

293 1863 494 1915 cogitant,
541 1863 740 1902 sentiunt.
808 1862 909 1901 Cum
951 1867 1090 1901 autem
1131 1862 1235 1902 haec
1275 1862 1483 1901 subtracta
1526 1867 1622 1900 sunt
1661 1860 1938 1915 desertusque
1978 1862 2066 1900 ani-

295 1938 386 1965 mus
419 1924 618 1977 languore
652 1924 859 1978 corporis,
893 1931 978 1964 tum
1010 1925 1186 1976 agitatur
1218 1924 1306 1976 ipse
1339 1938 1412 1977 per
1443 1937 1549 1963 sese.
1591 1925 1738 1976 Itaque
1770 1924 1812 1962 in
1845 1937 1894 1963 eo
1927 1929 1968 1963 et
1987 1923 2071 1962 for-

294 2000 386 2027 mae
408 1992 627 2026 versantur
649 1992 690 2026 et
710 1988 916 2033 actiones,
941 1992 982 2026 et
1003 1986 1132 2026 multa
1155 1986 1310 2033 audiri,
1337 1986 1465 2026 multa
1488 1986 1569 2025 dici
1591 1986 1796 2025 videntur.
1838 1983 1932 2024 1140.
1955 1986 2071 2025 Haec

227 2053 282 2086 ‘30
296 2049 455 2089 scilicet
494 2050 536 2088 in
568 2049 764 2088 inbecillo
798 2050 1060 2102 remissoque
1093 2050 1232 2088 animo
1266 2050 1395 2088 multa
1427 2048 1621 2088 omnibus
1658 2048 1794 2087 modis
1828 2047 2000 2087 confusa
2031 2052 2072 2087 et

294 2112 451 2152 variata
487 2117 707 2151 versantur
748 2124 1031 2164 maxumeque
1070 2111 1276 2164 reliquiae
1308 2125 1447 2150 rerum
1481 2124 1623 2150 earum
1657 2116 1875 2150 moventur
1906 2111 1949 2149 in
1981 2110 2072 2149 ani-

295 2176 373 2214 mis
406 2180 446 2214 et
476 2176 707 2227 agitantur,
751 2173 800 2213 de
838 2174 992 2226 quibus
1024 2173 1243 2225 vigilantes
1280 2179 1350 2213 aut
1381 2174 1654 2226 cogitavimus
1694 2178 1762 2212 aut
1794 2172 1983 2225 egimus,
2026 2176 2073 2210 ut

296 2236 396 2276 mihi
436 2236 691 2289 temporibus
734 2236 818 2275 illis
862 2236 1038 2275 multum
1078 2236 1121 2274 in
1162 2236 1302 2276 animo
1342 2237 1498 2276 Marius
1540 2235 1785 2275 versabatur
1820 2234 2072 2281 recordanti,

297 2312 422 2351 quam
462 2299 532 2338 ille
571 2311 738 2351 gravem
777 2312 899 2338 suum
932 2311 1075 2338 casum
1110 2312 1260 2351 magno
1292 2300 1456 2346 animo,
1500 2312 1625 2352 quam
1658 2298 1862 2338 constanti
1893 2297 2071 2337 tulisset.

245 2361 414 2401 ³5Hanc
446 2361 570 2401 credo
602 2373 769 2400 causam
802 2361 852 2400 de
884 2361 956 2399 illo
990 2361 1225 2400 somniandi
1256 2361 1400 2401 fuisse.

410 2421 595 2462 LXVIII.
637 2423 728 2462 Tibi
769 2429 908 2462 autem
947 2422 998 2461 de
1038 2437 1102 2463 me
1135 2437 1228 2462 cum
1261 2422 1544 2463 sollicitudine
1577 2422 1776 2475 cogitanti
1809 2422 1945 2461 subito
1979 2434 2070 2460 sum

297 2486 411 2526 visus
453 2498 637 2524 emersus
678 2499 699 2524 e
742 2485 925 2524 flumine.
987 2486 1155 2525 Inerant
1197 2486 1308 2525 enim
1350 2486 1392 2524 in
1434 2486 1654 2537 utriusque
1695 2489 1882 2524 nostrum
1923 2482 2072 2523 animis

386 2616 416 2646 l.
443 2615 616 2645 amilcaris
640 2614 662 2643 B
698 2631 725 2634 —
769 2612 940 2643 Annibalis
964 2614 988 2644 O
1030 2631 1059 2635 —
1102 2614 1126 2644 P
1148 2614 1179 2645 in
1207 2623 1274 2644 ras.
1304 2614 1459 2654 quinque
1486 2613 1664 2644 literarum
1690 2614 1723 2643 in
1750 2613 1772 2643 B
1809 2630 1839 2634 —
1881 2612 1949 2642 deci
1973 2611 2068 2642 A¹Bt

296 2665 379 2696 decii
410 2662 526 2697 A²VO
575 2681 609 2685 —
660 2664 689 2694 Ξ.
718 2663 751 2694 C.
779 2664 925 2704 scripsi:
964 2674 985 2704 9
1009 2664 1094 2700 AB,
1133 2673 1202 2694 om.
1234 2664 1316 2701 VO,
1362 2663 1425 2694 sed
1460 2664 1509 2694 ule
1542 2665 1572 2694 in
1607 2662 1684 2694 loco
1717 2661 1865 2694 evanido
1891 2660 1999 2691 habet
2024 2660 2069 2697 V;

297 2714 339 2745 cf.
367 2715 378 2745 l
405 2714 480 2754 {56
509 2729 542 2735 -
572 2713 703 2743 ceciliae
728 2712 787 2743 ssV
816 2731 850 2734 —
879 2713 1032 2743 baliarici
1056 2712 1135 2743 AV:
1170 2713 1336 2744 bulliarici
1362 2715 1408 2749 Β,
1442 2714 1608 2744 Balearici
1632 2714 1656 2744 O
1684 2730 1717 2734 —
1754 2714 1784 2743 5.
1811 2712 1848 2742 de
1872 2719 1995 2742 emerso
2018 2709 2071 2748 A¹,

297 2763 390 2804 quod
417 2765 616 2794 coniectura
643 2762 802 2793 Davisius
827 2761 1018 2792 adsecutus
1044 2764 1138 2793 erat:
1173 2763 1210 2792 de
1235 2772 1340 2794 merso
1364 2764 1439 2794 Assss
1458 2764 1521 2793 VO
1555 2780 1589 2784 —
1629 2771 1703 2793 cum
1728 2771 1805 2802 sup.
1834 2761 1890 2792 lin.
1917 2763 1943 2792 A
1970 2777 2004 2781 —
2039 2759 2071 2790 8.

296 2812 498 2843 immortales
516 2812 569 2842 VO
589 2829 622 2833 —
653 2812 704 2842 ll.
724 2811 855 2851 fugaris
874 2814 897 2842 Α
920 2829 954 2833 -
989 2812 1034 2841 12.
1062 2812 1161 2842 marii
1181 2813 1262 2843 ssv‘O
1283 2829 1317 2835 -
1348 2814 1461 2852 inquid
1479 2812 1515 2843 Β1
1538 2831 1570 2834 -
1597 2814 1717 2853 fluerat
1733 2814 1759 2843 A
1771 2812 1811 2842 Β2
1828 2828 1861 2832 —
1891 2810 1967 2841 fort.
1988 2809 2074 2850 quod

295 2862 417 2902 fuerat.
456 2863 523 2892 Ista
546 2862 651 2901 iyitur
673 2870 724 2892 me
748 2863 859 2901 imago
883 2861 972 2891 Mari
997 2860 1028 2891 in
1053 2871 1209 2898 campum
1234 2864 1397 2894 Annalem
1416 2863 1701 2902 persequebatur?
1732 2862 1831 2893 Plena
1853 2864 1927 2892 sunl
1951 2859 2073 2901 imayi-

295 2920 375 2942 num
399 2913 526 2947 omnim
553 2911 644 2942 nulla
668 2913 754 2942 enim
782 2928 813 2932 —
853 2910 905 2942 tt.
930 2911 1115 2950 imayz'num
1139 2913 1250 2943 omnia
1275 2913 1338 2943 ista
1364 2914 1448 2952 Quid
1472 2921 1549 2952 erqo
1575 2914 1601 2943 A
1630 2930 1663 2934 -
1704 2913 1755 2943 46.
1783 2914 1946 2941 acurranc
1972 2908 2008 2941 Βι
2035 2926 2069 2931 -

296 2963 438 2993 etiamne
460 2970 576 2992 earum
602 2962 637 2999 B,
665 2961 729 2992 sed
756 2970 793 2991 ne
819 2960 907 2991 linea
935 2963 1133 2992 transversa
1160 2960 1315 2992 deletum
1342 2980 1384 2984 —
1421 2962 1472 2992 47.
1498 2963 1661 2993 inusitata
1686 2961 1710 2991 O
1742 2977 1775 2982 —
1815 2961 1865 2992 49.
1893 2969 1972 2991 num
1996 2960 2073 2999 ἦραν·

297 3014 323 3043 Α
351 3029 386 3033 -
414 3010 465 3042 23.
492 3011 578 3041 ullae
602 3011 779 3041 Davisius:
808 3011 859 3041 ille
885 3012 908 3041 C
940 3027 974 3031 —
1012 3011 1143 3041 maiora
1169 3011 1190 3040 Β
1229 3026 1261 3032 -
1299 3012 1349 3041 ¹25.
1376 3012 1530 3041 aduentio
1556 3014 1605 3049 Αἱ,
1639 3010 1821 3041 aduenticia
1846 3009 1919 3040 A2B
1950 3027 1981 3031 —
2016 3009 2069 3040 ⁶26.

297 3065 326 3093 et
349 3069 486 3099 corpore
511 3059 613 3091 codd.
641 3059 932 3100 interpolatorum
957 3059 1024 3091 fide
1051 3059 1178 3090 delevit
1204 3061 1363 3091 Davisius
1391 3078 1424 3082 —-
1460 3060 1510 3091 27.
1538 3061 1746 3100 desertusque
1769 3062 1815 3090 est
1838 3058 1939 3089 codd.
1963 3058 2072 3089 inter-

298 3108 403 3151 polati
423 3109 547 3139 Davisii
566 3118 606 3139 ac
625 3110 750 3141 Moseri
769 3112 802 3141 et
820 3111 844 3141 O
864 3127 898 3132 -
926 3111 978 3141 ¹28.
999 3111 1137 3150 la1190›·e
1153 3109 1238 3140 A¹B¹
1252 3111 1292 3145 Ἣ
1327 3110 1367 3141 cf.
1389 3111 1415 3140 ΙΙ
1442 3110 1459 3150 g
1480 3110 1539 3141 128
1561 3127 1591 3132 —
1623 3109 1685 3149 ipsi
1700 3112 1727 3140 A
1754 3125 1790 3131 —
1818 3108 1870 3142 30,
1889 3108 2072 3146 remisoque

297 3160 325 3190 Α
355 3175 386 3180 -
423 3158 473 3189 31.
501 3158 619 3196 reliqui
642 3159 787 3189 het-erem
812 3159 838 3189 V
873 3176 905 3180 —
945 3160 997 3190 32.
1025 3159 1140 3198 quibus
1163 3160 1302 3199 „atlantes
1327 3158 1362 3190 B¹
1395 3177 1437 3181 —
1472 3158 1524 3190 34.
1553 3159 1642 3190 inter
1664 3167 1786 3199 mayno
1811 3160 1845 3189 et
1868 3158 1979 3187 animo
2002 3164 2070 3188 una

297 3206 358 3238 litt.
387 3215 486 3238 erasa
520 3209 554 3237 et
587 3216 604 3238 ο
635 3209 784 3240 nominis
814 3217 937 3249 magno
974 3210 1008 3240 in
1040 3218 1108 3240 ras.
1135 3210 1262 3250 scripta
1296 3210 1328 3241 in
1356 3211 1378 3240 Β
1416 3226 1449 3231 -
1492 3210 1599 3241 tulisec
1622 3212 1649 3240 A
1684 3227 1726 3232 -—
1765 3207 2000 3248 35.fuissec13
2032 3223 2066 3229 —-

297 3255 350 3288 36.
376 3256 544 3297 coyitandi
567 3256 605 3287 13¹
632 3274 666 3280 —
695 3258 747 3289 37.
773 3259 808 3289 in
831 3267 908 3299 sup.
934 3257 991 3291 lin.
1018 3258 1052 3290 in
1076 3259 1112 3290 B.
