2249 3624
947 237 1287 279 FRAGMENTA.
1910 235 1984 277 944

344 344 425 384 Nec
453 354 498 382 se
530 342 609 382 iam
646 346 730 380 tum
768 342 970 394 respexit,
1012 354 1103 381 cum
1143 341 1393 393 gravissimis
1435 341 1582 380 vestris
1624 339 1800 380 decretis
1840 338 1992 379 absens

245 412 406 447 notatus
435 411 510 445 est.

346 470 502 507 Catilina
520 480 565 504 ex
581 473 755 514 praetura
774 467 938 512 Africam
953 470 1180 514 provinciam
1207 470 1372 504 obtinuit.
1431 467 1550 512 Quam
1577 481 1655 504 cum
1678 471 1838 516 yrariter
1864 480 1992 505 vexas-

243 539 304 576 set,
334 534 442 580 leqati
464 532 548 577 Afri
576 533 612 566 in
640 537 763 566 senatu
795 533 868 566 iam
895 537 968 566 tum
996 532 1137 567 absente
1166 533 1227 567 illo
1259 535 1372 578 questi
1399 538 1498 574 sunt,
1533 534 1734 579 multaeque
1759 544 1885 580 praees
1915 544 1992 568 sen-

244 599 372 634 tentiae
396 598 434 631 in
459 601 584 630 senatu
612 597 654 630 de
679 606 718 630 co
747 596 862 630 dictae
888 600 982 630 sunt.
2008 594 2025 623 5

340 658 382 696 In
411 656 570 695 iudiciis
611 662 763 707 quauta
794 660 853 694 vis
882 662 1015 705 esset,
1058 656 1215 706 didicit,
1253 669 1344 696 cum
1374 662 1436 696 est
1470 656 1700 696 absolutus:
1738 658 1770 696 si
1799 662 1868 696 aut
1893 656 1992 696 illud

242 720 434 760 iudicium
460 725 529 759 aut
555 718 621 758 illa
653 718 854 758 absolutio
887 719 1132 758 nominanda
1163 725 1239 760 est.

340 785 429 821 Ante
456 795 592 820 annum
623 795 732 829 quam
773 784 859 818 haec
885 785 1099 824 dicerentur,
1133 783 1312 825 Catilina,
1352 797 1431 821 cum
1466 786 1610 820 redisset
1643 796 1686 821 esc
1720 785 1865 829 Africa,
1905 784 1992 820 Tor-

243 853 351 895 quato
378 853 409 884 et
442 846 541 883 Cotta
569 847 788 889 consulibus,
819 852 1005 882 accusatus
1035 852 1083 881 est
1110 849 1389 895 repegtndarum
1419 860 1441 884 a
1469 848 1505 883 P.
1533 848 1654 884 Clodio
1679 849 1908 888 adolescente,
1931 849 1993 893 qui

241 917 363 959 postea
389 912 555 946 inimicus
596 909 757 945 Ciceroni
785 911 868 953 fuit.
936 909 1110 953 Defensus
1138 915 1186 944 est
1217 910 1395 951 Catilina,
1436 917 1473 946 ut
1505 912 1697 946 Fenestella
1725 913 1857 952 tradit,
1891 922 1913 946 a
1938 909 1990 947 M.
2008 906 2044 934 ⁴⁰

245 974 421 1012 Cicerone.
480 973 584 1018 Quod
613 985 674 1019 eqo
702 979 740 1009 ut
768 974 987 1013 addubitem,
1020 974 1105 1008 haec
1132 975 1210 1019 ipsa
1238 973 1415 1009 Ciceronis
1447 976 1564 1009 oratio
1591 977 1691 1019 facit,
1723 976 1881 1010 maxime
1900 975 1995 1019 quod

243 1041 273 1074 is
299 1039 437 1074 nullam
466 1039 678 1073 mentionem
704 1039 758 1072 rei
786 1038 902 1077 habet,
935 1049 1014 1072 cum
1041 1039 1196 1082 potuerit
1223 1039 1402 1073 invidiam
1427 1040 1543 1082 [acere
1570 1040 1793 1083 competitori
1818 1043 1892 1072 tam
1919 1042 1995 1072 tur-

241 1104 335 1148 piter
361 1102 530 1136 adversus
559 1113 594 1136 se
626 1103 787 1136 coeunti.-
826 1102 1038 1146 praesertim
1080 1112 1159 1136 cum
1192 1101 1344 1136 alterum
1374 1103 1639 1147 competitorem
1670 1113 1773 1136 suum
1799 1101 1995 1136 Antonium

244 1166 282 1199 in
309 1165 432 1200 eadem
459 1165 525 1200 hac
554 1166 718 1200 oratione
749 1175 815 1199 sua
843 1165 1048 1207 admoneat,
1076 1176 1140 1199 suo
1173 1164 1338 1210 beneficio
1366 1177 1443 1200 eum
1472 1176 1515 1200 ex
1543 1166 1669 1200 ultimo
1698 1165 1773 1200 loco
1802 1168 1994 1210 praeturae

245 1228 477 1264 candidatum
504 1228 551 1262 ad
581 1229 723 1262 tertium
750 1228 970 1273 pervenisse.-
2010 1229 2045 1257 15

343 1289 503 1337 Nescis,
546 1301 610 1326 me
637 1294 870 1339 praetorem
895 1289 1072 1339 primum
1102 1299 1194 1326 esse
1223 1288 1392 1337 sactum,
1427 1292 1466 1326 te
1495 1287 1760 1326 concessione
1793 1287 1993 1339 competi-

244 1356 376 1390 torum
404 1356 444 1389 et
476 1350 689 1389 collatione
720 1350 994 1389 centuriarum
1031 1355 1071 1388 ct
1105 1363 1196 1389 meo
1229 1351 1402 1389 maxime
1445 1350 1645 1389 beneficio
1675 1362 1695 1388 e
1723 1354 1928 1401 postremo
1954 1350 1995 1388 in

245 1416 406 1453 tertium
434 1413 568 1452 locum
597 1425 690 1452 esse
719 1413 983 1452 subiectum?

349 1477 420 1522 Qui
447 1480 560 1524 i9itur
588 1478 741 1513 Antonio
769 1479 1063 1524 suffragationem
1092 1489 1195 1512 suam
1226 1478 1478 1523 imputandam
1508 1482 1624 1522 putat,
1655 1478 1698 1518 is,
1728 1479 1759 1512 si
1787 1478 1996 1522 defendisset

248 1540 457 1582 Catilinam,
489 1547 596 1587 caput
624 1543 698 1577 eius
726 1547 922 1587 protectum
942 1554 964 1576 a
983 1554 1018 1577 se
1038 1553 1153 1577 nonne
1183 1541 1402 1586 imputaret?
1458 1539 1562 1585 Quod
1591 1543 1643 1576 ita
1670 1553 1740 1576 esse
1766 1543 1996 1585 manifestum
2009 1541 2046 1570 20

246 1610 294 1640 est
319 1616 362 1640 eat
390 1616 442 1645 eo,
474 1605 569 1650 quod
597 1606 720 1639 statim
747 1606 847 1640 dicit.
924 1603 1076 1647 Quintus
1108 1605 1202 1639 enim
1232 1603 1373 1640 Mucius
1405 1605 1568 1639 tribunus
1597 1605 1647 1649 pl.
1676 1605 1924 1645 intercedebat,
1955 1615 1997 1639 ne

248 1668 305 1703 lex
330 1668 486 1702 ambitus
513 1669 688 1711 ferretur;
721 1669 815 1712 quod
841 1669 958 1711 facere
983 1678 1050 1713 pro
1079 1667 1236 1703 Catilina
1265 1668 1468 1704 videbatur.
1535 1667 1641 1702 Hunc
1672 1666 1832 1703 Mucium
1864 1669 1902 1702 in
1929 1668 1998 1703 hac

248 1732 412 1766 oratione
440 1731 627 1776 appellans
659 1729 777 1766 Cicero
806 1732 857 1765 sic
884 1732 957 1765 ait:

347 1791 402 1829 Te
432 1796 584 1839 tamen,
614 1791 663 1837 Q.
688 1790 805 1839 Muci,
838 1796 919 1829 tam
948 1789 1053 1828 male
1082 1789 1133 1828 de
1160 1789 1311 1841 populo
1345 1790 1524 1829 Romano
1561 1790 1790 1828 existimare
1826 1789 1996 1830 moleste

215 1860 221 1865 '
247 1853 346 1902 fero,
378 1853 446 1904 qui
476 1852 668 1891 hesterno
699 1852 763 1891 die
790 1865 854 1891 me
885 1865 978 1891 esse
1013 1853 1178 1903 dignum
1207 1853 1421 1892 consulatu
1446 1852 1640 1903 negabas.
1696 1852 1830 1899 Quid‘?
1861 1862 2049 1904 popu-25

248 1914 311 1955 lus
338 1917 542 1955 Romanus
572 1916 704 1954 minus
737 1915 950 1966 diligenter
970 1916 1046 1954 sibi
1078 1917 1343 1954 constitueret
1375 1914 1647 1964 defensorem,
1679 1927 1800 1966 quam
1828 1922 1871 1954 tu
1903 1915 2000 1954 tibi?

250 1979 350 2018 Cum
381 1985 420 2017 te
458 1979 549 2017 furti
585 1980 627 2017 L.
662 1978 838 2018 Calenus
871 1984 1030 2028 ageret,
1064 1991 1128 2017 me
1159 1980 1414 2030 potissimum
1447 1979 1697 2018 fortunarum
1730 1985 1889 2018 tuarum
1921 1990 1998 2030 pa—

248 2044 408 2080 tronum
439 2053 532 2080 esse
562 2041 734 2080 voluisti.
803 2041 926 2080 Cuius
955 2047 996 2078 tu
1025 2040 1235 2080 consilium
1264 2041 1304 2079 in
1333 2047 1399 2080 tua
1430 2041 1663 2092 turpissima
1691 2053 1812 2080 causa
1842 2039 2000 2091 delegi-

249 2103 314 2149 sti,
348 2103 455 2142 hunc
482 2103 860 2142 honestissimarum
888 2115 1025 2142 rerum
1055 2102 1313 2141 defensorem
1340 2102 1516 2154 populus
1536 2104 1740 2142 Romanus
1769 2109 1933 2142 auctore
1960 2108 1999 2141 te

248 2164 466 2216 repudiare
497 2167 663 2218 potest?
727 2167 810 2206 Nisi
838 2167 938 2205 forte
976 2167 1051 2205 hoc
1083 2165 1264 2205 dicturus
1295 2179 1360 2216 es,
1398 2178 1477 2217 quo
1511 2172 1693 2217 tempore
1721 2179 1742 2205 a
1769 2167 1810 2204 L.
1848 2165 1998 2205 Caleno
2013 2174 2051 2204 3ο

248 2227 339 2266 furti
373 2227 530 2268 delatus
561 2229 630 2278 sis,
664 2241 711 2267 eo
740 2235 924 2280 tempore
952 2229 992 2266 in
1015 2241 1078 2266 me
1107 2228 1177 2267 tibi
1207 2241 1348 2280 parum
1377 2228 1513 2267 auxilii
1543 2241 1635 2267 esse
1665 2227 1829 2267 vidisse.

351 2292 478 2329 Verum
498 2305 577 2328 cum
596 2299 716 2340 ciperet
743 2293 856 2330 Mucii
881 2305 1028 2329 causam
1057 2293 1188 2334 Cicero,
1218 2295 1307 2329 sicut
1338 2293 1515 2329 Catilinae
1538 2295 1647 2339 e9isse
1675 2304 1753 2328 eum
1780 2294 1896 2329 videri
1924 2294 2000 2329 vult

248 2352 458 2397 Fenestella,
490 2368 554 2392 cur
582 2358 677 2397 iam,
709 2359 873 2402 quamvis
900 2357 994 2391 male
1021 2357 1198 2391 existimet
1228 2357 1269 2391 de
1295 2367 1406 2391 causa
1434 2357 1576 2403 iWucii,
1607 2361 1725 2390 tamen
1753 2358 1784 2391 ei
1813 2357 2001 2402 exprobret

247 2420 492 2464 patrocinium
516 2431 641 2463 suum,
670 2431 742 2454 non
768 2421 862 2455 idem
890 2422 928 2455 in
958 2420 1116 2455 Catilina
1142 2422 1276 2464 faciat,
1306 2422 1337 2454 si
1364 2421 1468 2455 modo
1501 2431 1568 2465 pro
1596 2430 1634 2454 eo
1664 2421 1787 2454 dixit?
1839 2419 1909 2455 Aut
1938 2431 2002 2455 cur

249 2481 368 2526 ipsum
407 2482 499 2517 illud
539 2484 712 2518 iudicium
750 2485 892 2529 saepius
932 2485 969 2518 in
1009 2485 1205 2528 infamiam
1230 2484 1360 2518 vocat?
1398 2485 1493 2528 quod
1528 2484 1675 2529 parcius
1714 2484 1853 2518 videtur
1891 2484 2052 2527 fuisse35

250 2545 424 2590 facturus,
458 2548 489 2581 si
516 2548 554 2581 in
580 2557 620 2582 eo
649 2548 784 2582 iudicio
808 2549 932 2591 suisset
956 2553 1146 2593 patronus.
1192 2546 1318 2592 Atque,
1347 2551 1386 2581 ut
1412 2547 1489 2581 alia
1517 2547 1692 2586 omittam,
1723 2547 1788 2581 hoc
1819 2551 1909 2581 certe
1937 2548 2001 2581 vix

250 2609 391 2644 videtur
418 2610 577 2645 dicturus
604 2611 726 2654 fuisse,
756 2612 788 2644 si
816 2611 880 2645 illo
907 2616 1061 2655 patrono
1092 2610 1250 2646 Catilina
1275 2610 1554 2655 repetundarum
1581 2609 1763 2644 absolutus
1793 2613 1900 2644 esset:

351 2669 510 2721 Stupris
539 2683 583 2709 se
606 2670 794 2709 omnibus
823 2684 869 2710 ac
888 2671 1048 2722 flagitiis
1077 2671 1381 2710 contaminavit:
1418 2670 1544 2709 caede
1573 2669 1724 2708 nefaria
1753 2668 1997 2708 cruentavit:

253 2727 418 2782 diripuit
444 2733 596 2771 socios:
635 2732 764 2783 leges,
795 2735 1072 2783 quaestiones,
1102 2733 1250 2772 iudicia
1277 2731 1440 2771 violavit
1467 2753 1512 2758 —

252 2799 284 2830 et
308 2801 449 2841 postea:
2015 2800 2053 2830 40

351 2856 456 2904 Quid
495 2869 593 2907 ego,
637 2863 678 2896 ut
708 2856 952 2896 involaveris
991 2858 1269 2909 provinciam,
1313 2856 1577 2908 praedicem?
1653 2856 1753 2895 Nam
1787 2861 1830 2895 ut
1857 2861 1895 2894 te
1920 2854 2001 2894 illic

253 2920 445 2969 gesseris,
473 2932 555 2959 non
585 2920 716 2960 audeo
745 2920 902 2969 dicere,
932 2921 1122 2971 quoniam
1152 2920 1363 2960 absolutus
1393 2932 1451 2959 es.
1505 2919 1690 2958 Mentitos
1720 2930 1813 2957 esse
1842 2918 2001 2969 equites

253 2978 470 3031 Romanos,
499 2982 620 3021 salsas
648 2983 773 3020 fuisse
802 2981 974 3021 tabellas
1001 2983 1309 3021 honestissimae
1339 2982 1508 3019 civitatis
1537 2981 1746 3019 existimo:
1790 2980 2002 3019 mentitum

254 3042 301 3088 Q.
330 3043 533 3082 Metellum
566 3044 701 3093 Pium,
743 3044 954 3083 mentitam
981 3045 1175 3083 Africam:
1215 3043 1367 3081 vidisse
1395 3049 1492 3095 puto
1529 3043 1668 3081 nescio
1696 3041 1794 3094 quid
1820 3041 1910 3080 illos
1936 3042 2002 3079 iu-

255 3102 383 3154 dices,
413 3106 481 3157 qui
509 3111 548 3144 te
571 3106 830 3144 innocentem
855 3106 1097 3146 iudicarunt.
1154 3106 1186 3144 O
1216 3106 1351 3154 miser,
1379 3107 1447 3155 qui
1472 3117 1552 3143 non
1580 3105 1732 3144 sentias
1759 3103 1825 3142 illo
1854 3102 2053 3142 iudicio45

341 3260 395 3292 27.
427 3262 542 3294 verius
567 3265 635 3295 est:
662 3272 734 3294 cum
758 3267 863 3295 tecum
884 3264 907 3303 f.
934 3263 970 3295 L.
996 3264 1029 3296 C.
1056 3267 1177 3305 ayerel.
1222 3278 1257 3285 -—
1298 3262 1350 3294 28.
1381 3261 1428 3303 lu]
1454 3265 1491 3293 tu
1514 3266 1543 3294 te
1567 3263 1692 3302 Princ.,
1719 3261 1797 3294 fort.
1823 3265 1899 3293 tute.
1945 3260 2002 3292 On.

258 3323 295 3353 '-
320 3307 372 3341 32.
406 3310 537 3343 Malim:
567 3313 645 3345 Vere
666 3323 739 3345 cum
763 3314 874 3354 egerit.
911 3314 968 3346 On.
