2249 3624
338 150 418 193 494
720 155 788 194 DE
819 154 1027 194 FINIBUS
1059 153 1321 195 BONORUM
1351 155 1419 194 ET
1451 155 1717 195 MALORUM

336 266 480 306 nescio
527 279 609 319 qua
653 265 856 318 singulari
896 265 1084 319 nequitia
1124 265 1336 319 praeditos
1377 267 1568 306 videmus
1612 272 1748 306 tamen
1790 272 1831 306 et
1861 281 2035 321 corpore
2067 273 2108 308 et

339 328 478 369 animo
510 328 668 368 moveri
700 341 866 380 semper
895 333 953 375 et,
998 341 1090 367 cum
1127 341 1170 367 re
1201 328 1317 367 nulla
1348 329 1632 382 impediantur
1660 329 1917 376 necessaria,
1949 335 2020 370 aut
2048 330 2108 369 al—

338 391 506 431 veolum
543 403 716 443 poscere
756 395 828 429 aut
859 403 1063 443 quaerere
1097 390 1338 443 quempiam
1378 391 1523 430 ludum
1556 396 1625 430 aut
1655 404 1890 430 sermonem
1922 391 2107 445 aliquem

337 454 572 506 requirere,
605 465 785 504 cumque
817 465 902 491 non
934 451 1117 491 habeant
1146 452 1348 503 ingenuas
1381 466 1434 492 ex
1466 453 1656 492 doctrina
1678 453 2001 501 oblectationes,
2033 454 2110 493 cir-

304 514 455 553 5culos
487 514 651 567 aliquos
684 519 724 553 et
755 514 1040 553 sessiunculas
1072 514 1319 553 consectari.
1372 514 1483 562 Quin
1515 527 1567 553 ne
1598 514 1756 554 bestiae
1784 514 1974 567 quidem,
2008 529 2110 569 quas

340 575 630 615 delectationis
663 588 788 614 causa
820 575 1129 623 concludimus,
1163 589 1257 615 cum
1289 576 1499 629 copiosius
1531 576 1716 623 alantur,
1751 590 1875 630 quam
1908 577 1941 616 si
1973 581 2113 616 essent

338 637 515 686 liberae,
564 637 686 676 facile
734 637 951 690 patiuntur
990 651 1081 677 sese
1123 639 1327 678 contineri
1376 644 1602 691 motusque
1644 638 1802 679 solutos
1843 645 1884 679 et
1922 652 2049 692 vagos
2089 652 2114 679 a

338 705 487 739 natura
519 700 596 739 sibi
627 700 802 739 tributos
833 700 1065 753 requirunt.
1125 698 1190 738 57.
1223 701 1389 753 Itaque,
1422 705 1468 739 ut
1498 701 1681 753 quisque
1710 701 1865 754 optime
1896 707 2018 741 natus
2050 702 2113 740 in-

340 762 593 814 stitutusque
626 767 709 809 est,
751 775 842 801 esse
875 762 1045 801 omnino
1078 762 1184 801 nolit
1214 763 1254 801 in
1288 763 1395 808 vita,
1434 763 1466 801 si
1505 763 1702 814 gerundis
1733 763 1913 815 negotiis
1945 763 2113 802 orbatus

294 832 326 860 10
341 823 475 876 possit
513 823 787 876 paratissimis
819 824 931 863 vesci
961 824 1258 876 voluptatibus.
1313 825 1416 863 Nam
1448 830 1519 863 aut
1549 824 1743 876 privatim
1775 825 1936 878 aliquid
1970 837 2113 878 gerere

342 885 524 932 malunt,
569 890 639 924 aut
680 885 752 938 qui
791 885 938 925 altiore
969 886 1109 925 animo
1141 892 1237 925 sunt
1267 891 1494 938 capessunt
1523 899 1610 925 rem
1643 887 1851 938 publicam
1882 886 2113 926 honoribus

340 947 615 1000 imperiisque
646 947 956 999 adipiscendis,
989 954 1059 987 aut
1090 954 1199 987 totos
1223 962 1266 987 se
1289 947 1338 987 ad
1363 947 1499 987 studia
1522 948 1735 988 doctrinae
1759 947 2000 988 conferunt:
2033 961 2116 1000 qua

339 1010 382 1048 in
415 1009 499 1048 vita
527 1014 689 1048 tantum
720 1009 838 1049 abest
868 1016 913 1049 ut
942 1010 1176 1062 voluptates
1215 1015 1525 1056 consectentur,
1566 1011 1689 1049 etiam
1730 1023 1869 1057 curas,
1911 1010 2116 1049 sollicitu-

343 1070 487 1118 dines,
519 1070 684 1123 vigilias
715 1071 950 1124 perferunt,
984 1073 1227 1124 optimaque
1259 1078 1376 1124 parte
1398 1071 1607 1118 hominis,
1640 1085 1747 1124 quae
1769 1073 1810 1111 in
1832 1073 1954 1112 nobis
1977 1073 2117 1112 divina

292 1144 327 1172 45
343 1132 538 1173 ducenda
570 1137 649 1180 est,
680 1133 838 1185 ingenii
871 1140 911 1173 et
941 1134 1093 1173 mentis
1120 1134 1207 1173 acie
1229 1133 1442 1180 fruuntur,
1474 1147 1552 1173 nec
1574 1134 1830 1186 voluptatem
1852 1136 2116 1189 requirentes

343 1209 421 1235 nec
450 1195 660 1248 fugientes
691 1195 889 1235 laborem.
952 1197 1037 1235 Nec
1068 1209 1165 1235 vero
1209 1196 1489 1236 intermittunt
1521 1202 1593 1236 aut
1623 1196 1943 1236 admirationem
1976 1210 2117 1236 earum

341 1271 501 1306 rerum,
539 1270 647 1311 quae
686 1262 782 1296 sunt
821 1258 871 1297 ab
908 1258 1092 1310 antiquis
1132 1264 1342 1311 repertae,
1384 1264 1455 1298 aut
1496 1259 1863 1310 investigationem
1894 1272 2116 1299 novarum:

345 1333 428 1373 quo
462 1319 601 1360 studio
634 1332 724 1358 cum
759 1319 900 1358 satiari
922 1333 1007 1359 non
1029 1320 1214 1372 possint,
1249 1321 1435 1360 omnium
1460 1326 1693 1360 ceterarum
1714 1334 1851 1360 rerum
1874 1321 1991 1361 obliti
2013 1320 2119 1360 nihil

344 1382 574 1429 abiectum,
606 1380 709 1420 nihil
741 1380 900 1420 humile
933 1383 1138 1434 cogitant,
1183 1388 1385 1436 tantaque
1417 1389 1478 1423 est
1509 1384 1570 1422 vis
1601 1383 1754 1422 talibus
1785 1384 1827 1423 in
1860 1383 2032 1431 studiis,
2072 1387 2119 1422 ut

293 1455 329 1484 20
344 1457 416 1483 eos
449 1444 594 1490 etiam,
628 1443 699 1495 qui
732 1443 810 1482 sibi
842 1443 945 1483 alios
977 1450 1289 1497 proposuerunt
1319 1443 1422 1484 fines
1452 1445 1681 1492 bonorum,
1715 1459 1822 1498 quos
1847 1447 2027 1486 utilitate
2049 1450 2119 1485 aut

342 1506 556 1559 voluptate
599 1505 806 1557 dirigunt,
847 1511 986 1545 tamen
1026 1507 1067 1546 in
1112 1508 1234 1547 rebus
1274 1509 1526 1562 quaerendis
1569 1509 1917 1562 explicandisque
1957 1507 2117 1547 naturis

343 1574 500 1608 aetates
534 1571 749 1607 conterere
781 1567 1011 1607 videamus.

456 1629 572 1668 XXI.
607 1627 673 1668 58.
714 1630 822 1682 Ergo
863 1629 942 1669 hoc
979 1631 1150 1683 quidem
1190 1639 1384 1685 apparet,
1425 1646 1500 1673 nos
1532 1633 1581 1672 ad
1615 1632 1822 1685 agendum
1857 1646 1949 1672 esse
1979 1637 2117 1672 natos.

344 1691 569 1731 Actionum
600 1697 737 1730 autem
769 1704 923 1743 genera
953 1692 1095 1744 plura,
1138 1699 1184 1734 ut
1220 1696 1499 1735 obscurentur
1530 1695 1652 1734 etiam
1684 1695 1846 1734 minora
1877 1695 2121 1742 maioribus,

294 1767 331 1796 25
345 1754 552 1793 maximae
589 1758 728 1793 autem
769 1759 866 1792 sunt
896 1754 1100 1806 primum,
1143 1761 1187 1794 ut
1218 1757 1319 1796 mihi
1353 1757 1523 1810 quidem
1555 1758 1723 1797 videtur
1753 1762 1794 1796 et
1822 1757 1896 1804 iis,
1939 1770 2118 1810 quorum

345 1830 458 1857 nunc
498 1817 541 1856 in
579 1816 742 1855 ratione
785 1829 1020 1864 versamur,
1069 1817 1348 1858 consideratio
1390 1820 1659 1872 cognitioque
1698 1833 1836 1858 rerum
1875 1819 2116 1858 caelestium

345 1884 386 1919 et
428 1892 594 1925 earum,
635 1891 739 1932 quas
779 1891 803 1917 a
843 1884 991 1918 natura
1033 1879 1261 1919 occultatas
1304 1887 1342 1920 et
1385 1881 1562 1920 latentes
1594 1881 1792 1933 indagare
1822 1881 1928 1920 ratio
1961 1886 2118 1933 potest,

345 1942 496 1981 deinde
537 1954 675 1980 rerum
712 1940 975 1993 publicarum
1006 1941 1312 1982 administratio
1345 1949 1414 1983 aut
1444 1942 1763 1982 administrandi
1795 1942 1991 1989 scientia,
2031 1948 2119 1981 tum

344 2003 549 2057 prudens,
587 2008 835 2055 temperata,
878 2002 1019 2050 fortis,
1063 2004 1173 2043 iusta
1203 2006 1308 2044 ratio
1341 2006 1617 2058 reliquaeque
1649 2005 1824 2044 virtutes
1857 2009 1898 2043 et
1929 2003 2115 2043 actiones

295 2080 330 2110 30
344 2067 568 2107 virtutibus
600 2072 900 2119 congruentes,
933 2079 1039 2119 quae
1071 2080 1154 2107 uno
1177 2069 1303 2108 verbo
1327 2067 1536 2120 complexi
1559 2067 1698 2106 omnia
1718 2066 1897 2106 honesta
1918 2065 2118 2105 dicimus:

346 2130 398 2169 ad
439 2143 616 2182 quorum
658 2134 699 2168 et
736 2128 1020 2181 cognitionem
1063 2135 1102 2168 et
1138 2143 1259 2169 usum
1300 2131 1381 2170 iam
1414 2129 1669 2169 corroborati
1702 2134 1850 2168 natura
1880 2128 1971 2181 ipsa
2001 2139 2121 2180 prae-

347 2197 472 2232 eunte
504 2191 764 2232 deducimur.
827 2190 1023 2230 Omnium
1056 2191 1167 2230 enim
1199 2206 1337 2232 rerum
1369 2192 1577 2245 principia
1608 2204 1738 2245 parva
1768 2195 1887 2237 sunt,
1929 2189 2001 2229 sed
2033 2188 2120 2228 suis

345 2253 711 2308 progressionibus
744 2266 818 2293 usa
848 2260 1077 2306 augentur,
1108 2267 1183 2293 nec
1215 2255 1303 2294 sine
1336 2268 1482 2295 causa:
1515 2257 1558 2295 in
1590 2257 1724 2309 primo
1753 2257 1863 2296 enim
1885 2260 1980 2294 ortu
2011 2254 2122 2293 inest

345 2318 544 2357 teneritas
590 2330 637 2357 ac
681 2316 857 2356 mollitia
900 2317 1126 2369 quaedam,
1173 2323 1218 2356 ut
1262 2331 1338 2357 nec
1380 2331 1445 2358 res
1487 2318 1628 2358 videre
1661 2319 1840 2371 optimas
1881 2331 1960 2358 nec
1999 2329 2121 2370 agere

296 2379 524 2432 35possint.
582 2379 757 2418 Virtutis
797 2379 907 2418 enim
946 2379 1177 2432 beataeque
1218 2379 1348 2427 vitae,
1391 2393 1499 2433 quae
1541 2380 1622 2419 duo
1664 2381 1844 2420 maxime
1885 2379 2122 2434 expetenda

348 2446 465 2489 sunt,
508 2440 641 2480 serius
682 2439 824 2480 lumen
865 2446 1060 2493 apparet,
1103 2441 1233 2481 multo
1274 2442 1399 2482 etiam
1438 2442 1595 2490 serius,
1638 2447 1683 2482 ut
1712 2443 1834 2497 plane
1866 2442 2009 2496 qualia
2038 2441 2123 2482 sint

435 2622 464 2652 4.
493 2622 570 2662 qua]
597 2623 652 2661 qui
676 2623 699 2653 B
729 2638 763 2644 —
796 2622 945 2661 nequitia
970 2623 993 2653 C
1010 2624 1054 2653 G:
1086 2624 1223 2664 seynilia
1249 2624 1314 2654 BD
1342 2640 1376 2645 —-
1414 2624 1584 2654 rideamus
1608 2624 1633 2654 D
1663 2640 1697 2645 —
1723 2626 1753 2654 et
1777 2624 1856 2654 ante
1881 2631 1971 2662 corp.
1998 2630 2068 2654 om.
2094 2622 2120 2654 E

349 2672 429 2708 (non
452 2671 530 2709 BD)
561 2689 594 2693 —
630 2672 661 2702 Ξ.
688 2681 762 2703 cum
794 2674 873 2711 (non
898 2672 1019 2710 tamen)
1052 2681 1087 2704 re
1119 2674 1223 2704 etiarn
1248 2673 1273 2704 E
1305 2691 1339 2694 —
1375 2674 1476 2712 nulla]
1500 2677 1536 2704 ut
1561 2674 1617 2704 illa
1639 2673 1663 2704 B
1689 2691 1731 2695 —
1762 2671 1793 2704 4.
1819 2672 1896 2713 non]
1921 2673 2006 2704 enim
2029 2672 2054 2702 B
2082 2688 2118 2696 -

347 2720 377 2750 5.
397 2721 476 2758 quin
501 2729 539 2751 ne
555 2721 597 2751 B:
625 2723 703 2761 quin
721 2727 750 2755 te
769 2724 849 2762 (non
866 2723 913 2760 de>
933 2723 973 2753 E:
1000 2723 1049 2753 Ne
1064 2724 1144 2754 MO.
1173 2724 1463 2754 coniunctionem
1489 2721 1737 2763 particularum
1756 2724 1835 2762 quin
1853 2724 1887 2753 et
1905 2731 1942 2753 ne
1957 2739 1974 2744 -
1991 2721 2122 2760 quidem

347 2769 381 2799 in
413 2771 650 2802 enuntiatione
682 2773 841 2812 negativa
874 2780 991 2803 sermo
1022 2773 1162 2803 Latinus
1187 2781 1257 2803 non
1282 2773 1390 2812 magis
1415 2780 1585 2812 respuere
1611 2770 1748 2802 videtur
1773 2780 1879 2812 quam
1904 2772 2123 2804 coniunctio-

347 2828 428 2851 nem
462 2820 711 2859 particularum
743 2823 822 2861 quin
853 2823 886 2853 et
914 2823 1013 2852 etiam
1045 2822 1078 2853 in
1103 2823 1273 2853 sententia
1304 2821 1520 2853 affirmativa.
1550 2838 1584 2842 —
1619 2821 1758 2862 quidem]
1786 2822 1864 2861 quid
1887 2823 1910 2853 B
1940 2840 1974 2844 —
2001 2822 2032 2853 7.
2058 2829 2123 2853 sese

348 2870 427 2907 (non
452 2870 493 2906 se)
525 2869 629 2899 etiam
660 2871 683 2901 E
718 2888 750 2894 —
791 2872 822 2902 8.
847 2871 987 2910 requirit
1019 2872 1042 2902 B
1077 2889 1110 2894 -
1149 2871 1179 2902 9,
1206 2872 1233 2901 εἰ
1263 2870 1419 2911 yerundis
1451 2879 1482 2900 η.
1507 2870 1607 2909 possit
1631 2870 1766 2901 orbatus
1785 2880 1819 2910 p.
1844 2881 1876 2902 v.
1901 2870 2123 2911 voluptatibus

346 2919 476 2949 Nonius
500 2927 535 2959 p.
554 2918 628 2950 4¹6.
650 2936 684 2941 —
714 2921 764 2951 «¹0.
792 2921 927 2958 aliquod
951 2920 1013 2951 BE
1035 2938 1067 2942 -
1097 2920 1147 2951 113.
1174 2921 1394 2951 solicitudines
1417 2920 1464 2951 ss;
1492 2920 1678 2951 solitudines
1702 2920 1726 2951 E
1745 2937 1779 2942 —
1808 2921 1860 2952 45.
1886 2930 1944 2952 nec
1965 2921 2122 2960 volupta-

345 2971 408 2998 tem
430 2969 633 3007 requirentes
656 2977 725 3000 om.
753 2970 775 3000 Β
805 2985 839 2992 -
869 2970 920 3000 47.
949 2969 1000 3009 ab]
1026 2969 1082 3000 sub
1107 2971 1130 3001 B
1160 2987 1191 2993 -
1221 2969 1467 3010 investigationi
1491 2970 1516 3000 E
1536 2987 1569 2991 —
1599 2970 1650 3001 48.
1672 2970 1797 3009 possint
1820 2971 2019 3002 Ernestius:
2043 2978 2122 3009 pos-

345 3020 419 3047 sunt
444 3016 546 3047 codd.
575 3019 608 3047 et
632 3018 701 3048 Mo
729 3035 764 3040 —
794 3020 844 3050 20.
871 3018 980 3058 etiam]
1007 3022 1036 3049 ec
1059 3019 1083 3049 B
1113 3037 1146 3040 —
1175 3018 1226 3050 24.
1253 3020 1386 3050 minora
1411 3018 1601 3059 maioribus]
1627 3019 1808 3050 maioribus
1831 3020 2011 3051 minoribus
2034 3020 2058 3050 B
2083 3035 2119 3040 —

345 3067 398 3097 25.
425 3066 482 3104 hys
505 3067 548 3103 B;
575 3067 622 3096 his
646 3068 670 3097 O
695 3083 731 3089 —
758 3068 812 3098 26.
839 3068 1045 3108 coyrzitioque
1070 3069 1266 3100 Manutius:
1293 3070 1481 3109 cognicione
1506 3070 1549 3100 B:
1576 3070 1770 3109 cognatim-e
1786 3069 1813 3100 D
1835 3086 1868 3092 -
1896 3069 1949 3100 27.
1975 3068 2120 3107 latentes]

344 3116 485 3146 iacentes
509 3116 536 3146 D
565 3133 598 3137 —
626 3116 678 3146 29.
704 3117 816 3155 fortis,
846 3118 932 3148 iusta
955 3127 985 3148 r.
1011 3117 1221 3159 Madvigius:
1248 3119 1327 3158 forti
1351 3119 1377 3148 si
1402 3120 1486 3149 iusta
1513 3119 1556 3150 B:
1582 3119 1721 3158 fortisr.
1742 3120 1791 3155 D;
1816 3119 1910 3159 fortis
1934 3121 1963 3149 et
1987 3118 2074 3148 iusta
2089 3126 2119 3148 r.

346 3165 371 3195 O
397 3182 432 3186 —
466 3164 518 3195 30.
545 3165 682 3195 dicimus
707 3166 792 3204 (non
817 3167 976 3206 diximus)
1010 3167 1114 3198 etiam
1140 3168 1164 3199 E
1197 3185 1229 3189 —
1264 3167 1316 3198 33.
1344 3168 1412 3209 nec]
1443 3172 1472 3199 ec
1502 3169 1525 3199 B
1560 3185 1594 3189 —
1632 3168 1664 3198 in
1691 3169 1926 3208 primo--m
1958 3167 2124 3206 quaedam

345 3213 476 3245 Nonius
503 3222 535 3254 p.
563 3213 636 3244 495.
666 3232 700 3236 —
733 3214 786 3246 34.
813 3217 966 3247 teneritas
995 3217 1143 3249 Nonius:
1175 3217 1340 3248 temeritas
1370 3217 1475 3248 codd.
1503 3216 1658 3249 Tulliani.
1691 3235 1721 3242 -
1760 3226 1801 3249 ac
1831 3217 1972 3249 mollitia
1999 3216 2064 3248 BE
2089 3216 2124 3248 et

347 3262 494 3294 Nonius:
524 3266 553 3294 ec
575 3263 716 3294 mollitia
738 3265 789 3302 M3
817 3269 846 3296 ec
869 3266 1018 3298 mollities
1042 3267 1067 3298 O
1096 3284 1129 3289 —-
1157 3266 1208 3298 35.
1233 3270 1368 3305 possunt
1393 3268 1429 3298 B.
