2249 3624
947 266 1286 307 FRAGMENTA.
1883 262 1988 306 1063

652 409 721 440 VII.
769 409 1030 441 SENTENTIAE
1056 409 1279 442 PROCEIIUM
1304 410 1578 442 ROMANORUM.

340 499 575 538 Sententiae
603 511 819 550 procerum
846 500 1130 547 Romanorum,
1161 512 1263 551 quos
1291 499 1442 539 Tullius
1471 501 1508 539 in
1538 499 1641 539 libro
1671 499 1721 538 de
1750 502 1804 540 Re
1825 500 1988 551 publica

239 561 472 601 introducit.
502 562 669 613 Incipit:
705 562 904 601 »Crassus
932 564 1125 601 Parentes
1154 564 1300 611 vereri,
1331 562 1453 601 deum
1481 564 1642 602 timere:
1666 579 1682 599 »
1712 569 1788 602 cet.
1811 564 1984 602 Desinit:

242 623 375 664 «Idem
402 627 480 672 (sc.
511 625 721 672 Socrates)
750 626 953 664 Hactenus
981 627 1186 677 praeteriti
1216 627 1410 677 temporis
1438 626 1639 664 infamiam
1668 627 1850 675 migrat.»
1884 625 1985 665 Cod.

239 687 514 726 membranae.
547 687 638 727 Sec.
669 688 753 726 XV.
788 687 897 740 apud
926 688 1166 727 Bandinium
1196 688 1323 727 Catal.
1355 688 1454 727 Bibl.
1489 690 1605 728 Laur.
1636 688 1722 727 Vol.
1753 689 1795 727 11.
1828 700 1867 740 p.
1902 688 1986 727 363.

927 826 1012 859 VIII.
1060 826 1302 859 SYNONYMA.

337 917 394 957 Cs.
424 917 512 956 Mai.
545 916 674 956 Catal.
705 915 836 956 Codd.
866 917 1056 956 Ambros.
1088 918 1132 955 N.
1164 918 1256 956 LVI.
1290 917 1428 957 Ebert.
1463 920 1508 957 N.
1540 917 1649 958 4606.

336 980 378 1019 In
419 979 518 1019 Cod.
559 980 754 1019 Bernensi
796 981 842 1019 N.
890 981 969 1020 178.
1012 979 1076 1019 fol.
1120 981 1289 1019 membr.
1318 981 1407 1020 Sec.
1441 982 1508 1031 IX,
1539 980 1629 1020 solio
1658 981 1799 1033 quinto
1829 985 1991 1020 exstant

238 1043 338 1082 haec
366 1041 730 1082 Pseudociceronis
759 1043 1014 1095 Synonyma:

337 1106 480 1144 Cicero
518 1105 680 1143 Veterio
715 1105 809 1155 (sic:
848 1104 911 1143 alii
949 1105 1129 1153 Veturio)
1169 1104 1355 1144 salutem.
1412 1105 1563 1156 Collegi
1598 1106 1697 1145 haec
1728 1104 1852 1144 verba
1882 1116 1987 1156 quae

236 1167 420 1220 plurimis
446 1168 486 1206 in
517 1180 640 1207 unum
665 1167 834 1218 digestis
863 1167 1110 1218 dicerentur,
1139 1180 1219 1220 quo
1241 1169 1404 1208 uberior
1430 1170 1736 1222 promptiorque
1764 1168 1832 1207 fiat
1863 1168 1988 1206 oratio

237 1238 301 1269 cel.
318 1254 340 1260 -
356 1254 378 1260 -
405 1231 532 1283 Igitur
557 1230 608 1270 ab
637 1237 796 1270 oratore
820 1231 974 1270 initium
1005 1232 1228 1283 capiamus.

361 1294 571 1334 ORATOR
1320 1295 1528 1346 profluens

363 1361 476 1395 actor
1325 1356 1541 1396 abundans

363 1417 556 1458 defensor
1323 1419 1569 1459 dicentarius
1607 1421 1705 1469 (sic)

362 1486 560 1534 patronus
1328 1482 1635 1522 SPLENDIDUS

361 1543 594 1583 causidicus
1330 1544 1487 1584 lucidus

363 1607 587 1646 advocatus
1329 1607 1529 1648 candidus

362 1669 610 1709 DISERTUS
1090 1668 1100 1683 ⁸
1328 1670 1479 1709 nitidus

366 1730 566 1782 eloquens
1328 1732 1462 1771 clarus

362 1792 562 1833 facundus
1331 1794 1513 1834 Inlustris

363 1856 601 1906 ingeniosus
1328 1857 1561 1897 ORNATUS

361 1917 625 1958 PROMPTUS
1321 1920 1457 1958 varius

363 1986 530 2032 paratus
1326 1987 1511 2032 comptus

365 2044 613 2083 exercitatus
1324 2042 1456 2082 cultus

363 2106 554 2156 copiosus
1324 2104 1458 2144 laetus
1485 2111 1547 2144 cet.
1592 2105 1649 2144 CI.
1685 2104 1842 2144 Sinneri
1862 2103 1988 2144 Catal.

363 2168 522 2219 opimus
1321 2168 1414 2206 Mss.
1447 2168 1563 2205 Bern.
1594 2166 1679 2205 Vol.
1712 2168 1745 2205 1.
1783 2178 1823 2217 p.
1854 2166 1940 2206 397.

1093 2270 1146 2301 lx.

338 2364 382 2400 In
425 2359 575 2400 Codice
616 2361 812 2399 Bernensi
854 2361 899 2399 N.
943 2360 1025 2400 224.
1065 2359 1129 2398 fol.
1177 2359 1345 2400 membr.
1387 2360 1478 2399 Sec.
1512 2361 1561 2399 X.
1592 2359 1668 2400 alia
1697 2364 1758 2398 est
1792 2357 1989 2397 eiusmodi

239 2439 417 2475 0012a7w2
425 2441 468 2473 η.

707 2530 919 2563 INCIPIUNT
947 2531 1155 2563 SINONENA
1182 2530 1252 2571 (sic)
1277 2530 1510 2562 CICERONIS.

362 2623 498 2661 Inanis
1253 2622 1431 2661 Odiosus

362 2697 492 2724 vanus
1253 2683 1400 2723 stultus

363 2746 564 2786 verbosus
1253 2746 1445 2797 cupiosus
1474 2747 1563 2794 (sic)

361 2809 473 2848 vafer
1253 2809 1427 2847 Causam
1456 2820 1576 2858 agere

361 2871 512 2922 loquax
1253 2882 1368 2909 orare

362 2932 632 2984 garroluslsic)
1252 2932 1506 2985 patrocinare
1535 2933 1624 2981 (sic)

361 2996 522 3045 Longus
1252 2992 1473 3033 defendere

360 3057 601 3096 immodicus
1252 3056 1402 3107 degere
1439 3058 1528 3105 (sic)
1564 3057 1612 3095 cs.
1655 3056 1813 3095 Sinneri
1856 3056 1985 3097 Catal.

361 3118 512 3158 multus
1325 3118 1411 3157 Vol.
1441 3120 1471 3157 Ι.
1499 3130 1590 3170 pag.
1620 3119 1706 3158 488.

1097 3232 1137 3263 X.

336 3325 383 3362 In
411 3322 562 3364 Codice
589 3323 784 3362 Bernensi
812 3335 935 3376 supra
963 3327 1184 3362 memorato
1211 3323 1258 3362 N.
1293 3324 1359 3362 178
1384 3323 1424 3361 in
1452 3323 1531 3363 fine
1559 3322 1748 3374 leguntur
1780 3324 1925 3362 etiam:
