2249 3624
504 187 591 228 Lm.
620 187 672 227 11.
711 185 806 226 Car.
837 185 1092 226 XV—-XVL
1132 182 1191 237 §§
1223 180 1420 223 lio—5⁴.
1807 177 1858 220 49

105 301 378 347 internoscat,
417 312 515 339 vera
554 299 624 339 illa
663 299 750 339 visa
791 298 873 338 sint
911 310 1017 338 anne
1056 297 1181 345 falsa,
1221 297 1292 337 sed
1332 296 1446 337 utin
1479 295 1529 335 iis
1561 293 1665 334 nihil
1698 293 1862 333 intersit

106 363 306 402 omnino?
350 368 393 402 ut
432 362 466 401 si
506 362 579 416 qui
620 366 843 402 tremerent
883 366 923 400 et
962 360 1294 407 exalbescerent,
1341 359 1405 399 vel
1448 358 1527 412 ipsi
1566 371 1641 410 per
1672 371 1716 397 se
1748 362 1862 396 motu

104 426 256 465 mentis
293 425 458 478 aliquo,
504 425 568 463 vel
609 425 769 463 obiecta
810 422 982 463 terribili
1014 436 1057 461 re
1089 423 1372 468 extrinsecus,
1411 421 1515 461 nihil
1546 426 1590 460 ut
1621 424 1752 467 esset,
1793 418 1863 470 qui

105 488 428 539 distingueretur
459 492 614 526 tremor
645 486 712 524 ille
746 491 784 524 et
815 486 972 537 pallor,
1008 498 1144 538 neque
1178 490 1221 524 ut
1252 485 1477 538 quicquain
1508 484 1728 523 interesset
1757 482 1866 521 inter

104 550 347 589 intestinum
390 555 429 588 et
470 549 664 588 oblatum.
716 550 951 592 Postremo,
991 546 1024 585 si
1066 547 1180 586 nulla
1211 547 1298 586 visa
1334 552 1431 586 sunt
1461 546 1715 600 probabilia,
1758 549 1897 597 quae&

103 612 206 650 falsa
237 611 341 658 sint,
373 612 454 650 alia
487 611 590 649 ratio
623 615 697 648 cst.
746 610 818 648 Sin
850 615 986 648 autem
1011 615 1126 655 sunt,
1159 623 1230 648 cur
1256 623 1340 648 non
1363 609 1486 649 etiam
1511 622 1619 663 quae
1640 621 1725 649 non
1747 606 1867 647 facile

104 674 468 713 internoscantur?
515 685 588 711 cur
628 686 710 711 uon
753 677 796 710 ut
837 672 956 724 plane
995 671 1096 709 nihil
1137 671 1332 710 intersit?
1378 672 1622 724 praesertim
1662 684 1755 710 cum
1789 669 1868 722 ipsi

104 734 250 774 dicatis
282 735 512 788 sapientem
545 734 585 773 in
618 734 755 773 furore
788 734 995 773 sustinere
1028 748 1070 772 sc
1103 733 1153 772 ab
1186 734 1296 773 omni
1329 735 1523 783 adsensu,
1557 734 1654 788 quia
1685 732 1800 773 nulla
1826 732 1868 771 in

101 797 202 837 visis
235 797 450 837 dictinctio
482 802 693 850 appareat.

213 860 322 899 XVI.
354 857 418 899 49.
459 860 520 899 Ad
559 860 633 899 has
672 872 816 898 omnes
848 858 1031 898 visiones
1066 858 1211 898 inanes
1242 858 1471 899 Antiochus
1504 859 1676 914 quidem
1708 864 1749 900 et
1778 862 1921 914 per-⁴0

99 922 229 962 multa
271 922 433 962 dicebat
473 928 513 962 et
552 927 639 961 erat
671 922 720 961 de
754 921 829 961 hac
859 934 942 961 una
973 934 1015 960 re
1047 921 1170 961 unius
1203 920 1285 960 diei
1318 921 1568 974 disputatio:
1600 923 1701 962 mihi
1733 927 1869 962 autem

100 997 186 1023 non
218 983 328 1025 idem
360 984 599 1024 faciundum
631 990 755 1037 puto,
788 983 861 1023 sed
892 983 982 1036 ipsa
1014 984 1151 1036 capita
1182 983 1372 1023 dicenda.
1414 984 1465 1023 Et
1496 985 1677 1037 primum
1700 984 1872 1039 quidem

102 1046 180 1086 hoc
212 1047 618 1100 reprehendendum,
653 1046 764 1100 quod
797 1046 1105 1099 captiosissimo
1137 1059 1290 1098 genere
1322 1046 1659 1099 interrogationis
1687 1051 1873 1094 utuntur,

103 1108 213 1161 quod
246 1122 376 1161 genus
410 1111 578 1149 minime
610 1110 652 1149 in
685 1108 954 1162 philosophia
984 1108 1151 1160 probari
1183 1108 1308 1155 solet,
1342 1122 1434 1148 cum
1458 1108 1616 1163 aliquid
1640 1109 1872 1149 minutatim

103 1176 143 1210 et
173 1172 373 1223 gradatim
407 1173 575 1212 additur
605 1177 675 1212 aut
708 1171 900 1211 demitur.
962 1170 1175 1210 Soritas
1217 1170 1295 1210 hoc
1327 1177 1500 1219 vocant,
1543 1172 1644 1225 quia
1680 1176 1924 1212 acervum⁴5

104 1232 290 1274 efficiunt
320 1249 404 1275 uno
437 1235 579 1274 addito
611 1247 753 1287 grano.
801 1234 1007 1272 Vitiosum
1040 1246 1140 1273 sane
1171 1238 1212 1273 et
1232 1234 1468 1287 captiosum
1491 1234 1647 1287 genusl
1681 1235 1741 1275 sic
1763 1234 1874 1274 enim

103 1296 382 1337 adscenditis:
425 1298 467 1336 Si
510 1297 589 1336 tale
621 1297 755 1336 visum
789 1296 997 1335 obiectum
1029 1301 1092 1335 est
1122 1309 1144 1335 a
1176 1296 1256 1336 deo
1289 1296 1533 1345 dormienti,
1574 1302 1619 1337 ut
1656 1297 1874 1351 probabile

104 1358 175 1405 sit,
215 1372 287 1398 cur
325 1372 409 1398 non
450 1359 573 1399 etiam
615 1364 660 1398 ut
690 1358 811 1399 valde
843 1358 929 1398 veri
962 1358 1128 1398 simile?
1169 1372 1242 1398 cur
1273 1359 1425 1399 deinde
1456 1373 1541 1399 non
1572 1365 1617 1400 ut
1647 1359 1877 1400 difficiliter

102 1433 125 1459 a
154 1434 251 1461 vero
283 1422 615 1462 internoscatur?
658 1421 811 1461 deinde
843 1426 887 1461 ut
917 1434 969 1460 ne
1002 1421 1310 1461 internoscatur
1341 1421 1542 1476 quidem?
1585 1428 1798 1476 postremo
1830 1427 1876 1462 ut

101 1482 206 1522 nihil
245 1484 352 1523 inter
390 1484 471 1524 hoc
515 1490 555 1524 et
593 1483 697 1524 illud
740 1484 931 1523 intersit?
986 1484 1078 1523 Huc
1110 1483 1144 1523 si
1184 1484 1450 1536 perveneris,
1490 1498 1555 1525 me
1586 1486 1663 1526 tibi
1693 1485 1875 1539 primum
1890 1490 1926 1519 20

101 1545 288 1599 quidque
320 1546 598 1594 concedente,
630 1559 767 1586 meum
799 1546 945 1586 vitium
976 1546 1124 1586 fuerit:
1159 1547 1223 1586 sin
1255 1548 1346 1600 ipse
1378 1552 1450 1587 tua
1481 1553 1634 1601 sponte
1658 1560 1876 1602 processe-

99 1608 177 1656 ris,
219 1615 348 1649 tuum.
408 1607 475 1648 50.
508 1609 609 1657 Quis
650 1610 760 1649 enim
802 1609 876 1649 tihi
917 1609 1079 1649 dederit
1119 1614 1190 1649 aut
1232 1610 1372 1650 omnia
1403 1609 1529 1650 deum
1559 1624 1685 1664 posse
1717 1614 1789 1651 aut
1818 1610 1876 1650 ita

99 1669 307 1712 facturum
339 1685 451 1719 esse,
485 1672 518 1712 si
550 1672 715 1725 possit?
748 1685 832 1724 quo
864 1671 988 1711 modo
1019 1676 1159 1711 autem
1187 1672 1340 1720 sumis,
1372 1678 1437 1721 ut,
1469 1673 1629 1727 siquid
1650 1673 1717 1713 cui
1739 1672 1874 1713 simile

101 1745 193 1774 esse
225 1734 376 1787 possit,
409 1740 610 1788 sequatur
639 1739 685 1773 ut
716 1734 843 1773 etiam
875 1732 1102 1774 difficiliter
1132 1734 1360 1774 internosci
1381 1736 1547 1789 possit?
1578 1735 1731 1776 deinde
1752 1739 1800 1775 ut
1819 1748 1872 1775 ne

100 1797 326 1837 internosci
359 1796 530 1850 quidem
546 1799 564 1836 ‘3
595 1801 804 1849 postremo
836 1801 882 1836 ut
913 1796 1059 1836 eadem
1091 1797 1202 1836 sint?
1233 1802 1297 1845 ut,
1329 1798 1365 1837 si
1389 1798 1475 1853 lupi
1498 1798 1670 1839 canibus
1697 1798 1926 1845 similes,25

101 1859 271 1899 eosdem
312 1859 425 1899 dices
463 1858 514 1899 ad
547 1864 794 1899 extremum.
852 1859 904 1898 Et
934 1858 1102 1912 quidem
1134 1859 1321 1901 honestis
1353 1861 1506 1901 similia
1537 1867 1633 1902 sunt
1664 1861 1870 1916 quaedam

99 1935 185 1962 non
223 1922 400 1962 honesta
439 1927 478 1961 et
516 1922 637 1961 bonis
674 1934 759 1961 non
796 1921 908 1961 bona
939 1926 980 1960 et
1017 1919 1250 1962 artificiosis
1282 1924 1452 1963 minime
1482 1922 1730 1966 artificiosa:
1768 1924 1870 1978 quid

101 1983 337 2024 dubitamus
379 1983 507 2037 igitur
543 1982 761 2023 adfirmare
798 1984 903 2023 nihil
939 1982 1047 2024 inter
1084 1984 1185 2024 haec
1216 1985 1452 2026 interesse?
1501 1988 1562 2027 Ne
1592 1988 1871 2042 repugnantia

101 2046 273 2099 quidem
304 2045 522 2085 videmus?
562 2046 667 2085 nihil
710 2051 773 2086 est
811 2046 943 2094 enim,
983 2046 1096 2100 quod
1127 2046 1180 2087 de
1212 2061 1287 2088 suo
1321 2062 1476 2102 genere
1513 2049 1556 2089 in
1587 2050 1705 2090 aliud
1736 2063 1869 2103 genus

101 2108 313 2148 transferri
356 2109 501 2161 possit.
560 2109 613 2148 At
651 2109 684 2148 si
721 2106 974 2157 efficeretur,
1014 2113 1061 2149 ut
1097 2109 1206 2149 inter
1234 2110 1323 2150 visa
1354 2111 1637 2152 differentium
1668 2119 1918 2166 generum30

101 2170 205 2210 nihil
236 2170 473 2218 interesset,
506 2170 790 2224 reperirentur
820 2184 927 2225 quae
959 2176 1000 2211 et
1034 2172 1078 2211 in
1109 2185 1186 2211 suo
1218 2185 1372 2225 genere
1403 2178 1544 2215 essent
1573 2179 1614 2214 et
1643 2175 1686 2214 in
1717 2175 1869 2215 alieno.

101 2232 225 2281 Quod
264 2230 353 2272 fieri
395 2233 466 2286 qui
506 2235 676 2286 potest?
736 2230 802 2274 51.
835 2233 1032 2274 Omnium
1065 2234 1218 2274 deinde
1248 2235 1439 2276 inanium
1469 2237 1654 2277 visorum
1684 2251 1768 2278 una
1798 2237 1871 2278 de-

99 2295 238 2348 pulsio
270 2300 352 2343 est,
394 2296 480 2335 sive
518 2295 590 2335 illa
621 2296 872 2348 cogitatione
904 2296 1203 2344 informantur,
1246 2298 1359 2351 quod
1391 2296 1480 2338 fieri
1511 2299 1648 2339 solere
1679 2300 1871 2340 concedi-

99 2371 214 2405 mus,
247 2357 334 2398 sive
365 2357 409 2396 in
440 2357 582 2411 quiete
614 2358 702 2398 sive
732 2373 809 2412 per
829 2360 971 2399 vinum
1003 2360 1089 2399 sive
1116 2373 1192 2412 per
1211 2360 1430 2400 insaniam.
1479 2362 1583 2402 Nam
1604 2362 1655 2401 ab
1678 2363 1871 2403 omnibus

101 2418 291 2459 eiusdem
321 2419 436 2458 modi
467 2419 566 2460 visis
599 2421 961 2474 perspicuitatem,
993 2434 1117 2474 quam
1148 2422 1356 2462 mordicus
1387 2427 1531 2463 tenere
1554 2424 1769 2472 debemus,
1800 2425 1920 2464 ab-35

102 2494 193 2521 esse
225 2480 424 2522 dicemus.
476 2481 578 2530 Quis
610 2483 742 2530 enim,
775 2497 867 2523 cum
899 2483 976 2523 sibi
1007 2483 1127 2536 fingit
1154 2484 1316 2538 aliquid
1339 2490 1379 2525 et
1400 2486 1653 2538 cogitatione
1673 2487 1871 2541 depingit,

100 2556 206 2592 non,
237 2544 363 2584 simul
393 2556 440 2584 ac
472 2557 516 2584 se
548 2545 639 2597 ipse
670 2546 896 2586 commovit
926 2551 1054 2599 atque
1086 2546 1138 2585 ad
1170 2560 1214 2586 se
1246 2548 1480 2596 revocavit,
1521 2549 1647 2589 sentit
1677 2550 1779 2603 quid
1808 2550 1873 2589 in-

187 2710 218 2742 4.
243 2710 317 2742 visa
339 2719 421 2742 vera
444 2711 501 2742 illa
527 2711 551 2742 Ο
579 2729 614 2733 -—
640 2712 681 2742 iis
704 2720 737 2742 r:
764 2712 813 2743 his
839 2712 903 2743 Co
932 2730 966 2734 —
1001 2713 1032 2744 Ξ.
1060 2716 1088 2744 ec
1112 2713 1139 2744 A
1164 2721 1241 2753 sup.
1268 2712 1326 2744 lin.
1357 2730 1392 2735 —
1418 2717 1526 2746 motus
1548 2710 1587 2746 Β1
1612 2733 1648 2738 -
1675 2715 1705 2747 3.
1731 2715 1876 2748 terribile

102 2758 142 2790 Α1
167 2777 203 2782 -
227 2763 264 2791 uc
288 2761 323 2791 et
346 2760 413 2791 hoc
437 2762 471 2792 et
495 2769 571 2800 seq.
597 2769 703 2792 versu
729 2760 847 2793 delere
874 2760 1028 2792 malebat
1052 2762 1174 2793 Lamb.
1204 2780 1238 2784 —
1266 2762 1297 2794 4.
1324 2763 1410 2794 inter
1432 2765 1457 2794 A
1484 2772 1560 2804 sup.
1580 2763 1639 2797 lin.
1658 2765 1776 2803 habet,
1802 2774 1872 2797 om.

101 2808 130 2839 V
155 2809 330 2849 (interesset
352 2811 543 2842 intertinum
566 2811 617 2850 B¹)
645 2829 680 2834 —
707 2812 738 2843 5.
764 2812 838 2842 uisa
860 2812 924 2842 sint
948 2813 989 2842 A2
1014 2828 1048 2832 —
1088 2813 1139 2843 40.
1167 2816 1195 2844 ει
1220 2821 1290 2843 om.
1316 2821 1337 2842 v
1365 2830 1400 2835 —
1427 2814 1479 2844 41.
1506 2814 1544 2845 de
1567 2823 1607 2846 ac
1630 2815 1654 2846 B
1683 2833 1718 2839 —
1745 2816 1796 2847 43.
1822 2816 1876 2846 in-

101 2859 338 2899 terrogationes
360 2860 384 2890 Β
412 2877 447 2881 -
474 2859 525 2891 44.
552 2860 586 2890 in
610 2861 694 2891 AB:
721 2869 743 2891 a
766 2861 793 2890 V
822 2878 857 2882 —
881 2860 1044 2900 probaria
1067 2861 1146 2892 solet
1170 2870 1268 2900 quom
1293 2862 1331 2892 Βι
1356 2862 1459 2901 (solet.
1487 2862 1567 2894 Cum
1587 2889 1592 2895 .
1611 2889 1618 2896 ,
1637 2865 1794 2904 demitur,
1821 2874 1877 2896 so—

101 2908 185 2939 ritas
209 2907 362 2940 distinxit
385 2909 524 2947 Davies)
551 2927 586 2932 -—
616 2911 668 2941 45.
694 2910 752 2941 hoc
776 2911 839 2949 (sc.
866 2912 986 2950 genus)
1014 2912 1057 2943 C:
1084 2912 1141 2942 hos
1165 2913 1208 2947 O;
1237 2912 1279 2943 cs.
1307 2912 1398 2952 392.
1420 2931 1455 2935 —
1483 2914 1562 2953 quia
1586 2914 1794 2946 Lambinus:
1822 2915 1879 2954 qui

103 2957 127 2987 C
158 2974 192 2979 —
219 2958 270 2989 48.
296 2959 462 2991 uerissime
485 2960 525 2990 131
551 2977 586 2982 —
614 2960 666 2991 49.
693 2969 737 2990 αη
762 2969 840 2991 uero
865 2960 903 2991 Β1
930 2979 965 2982 -
991 2962 1045 2994 24.
1072 2963 1222 3001 quodque
1246 2963 1383 2994 Ernesti
1412 2980 1440 2985 -ω
1471 2964 1662 2995 concedente
1684 2973 1758 2996 eum
1781 2962 1821 2995 Αι
1840 2981 1875 2987 -

102 3004 155 3037 24.
181 3006 356 3039 internosci
380 3009 479 3049 dissic.
499 3009 595 3040 AOr
622 3027 655 3031 —
679 3010 803 3049 possint
828 3011 956 3042 Davies
983 3028 1017 3032 —
1053 3012 1177 3051 deinde]
1203 3021 1263 3042 cur
1289 3021 1354 3043 non
1379 3013 1468 3044 coni.
1495 3012 1616 3044 Lamb.
1647 3031 1678 3036 —
1715 3015 1768 3045 25.
1795 3015 1879 3045 idem

102 3055 142 3086 B2
168 3074 204 3079 —
236 3057 300 3088 sint
327 3056 458 3098 aliquot
489 3058 592 3090 codd.
618 3059 767 3090 Daxisii:
799 3060 840 3090 sit
865 3060 888 3090 C
917 3078 951 3082 -
985 3063 1021 3090 ut
1045 3061 1103 3091 W:
1136 3064 1165 3092 et
1190 3062 1213 3091 C
1242 3077 1277 3082 -—
1311 3061 1374 3092 sint
1396 3062 1515 3093 similes
1539 3062 1675 3102 Lamb.‚
1707 3065 1780 3094 sim.
1805 3066 1880 3094 sunt

104 3103 199 3136 Klotz
235 3115 316 3138 cum
345 3107 516 3148 Madvigio
548 3108 591 3139 ad
623 3110 693 3140 Cic.
721 3109 763 3140 de
789 3110 872 3141 tinn.
898 3119 931 3151 p.
959 3111 1035 3141 534.
1064 3128 1098 3133 —-
1126 3112 1178 3142 ⁶20.
1205 3112 1331 3143 eosdem
1355 3112 1394 3143 B2
1417 3114 1451 3143 ct
1474 3113 1502 3143 V
1527 3121 1638 3143 corr.:
1665 3113 1774 3144 eodem
1797 3113 1821 3143 C
1842 3130 1876 3134 —

104 3153 157 3185 29.
182 3163 245 3194 quo
269 3156 308 3187 de
330 3156 380 3188 B1.
418 3157 467 3188 De
500 3157 781 3199 interpunctione
816 3160 919 3191 totius
945 3159 1010 3191 loci
1035 3169 1066 3191 V.
1094 3160 1323 3199 Madvigium,
1357 3162 1416 3202 qui
1448 3170 1482 3202 p.
1510 3162 1565 3193 451
1597 3163 1735 3201 egregie
1761 3164 1880 3192 contra

106 3202 338 3238 Goerenzium
366 3205 566 3247 disputavit.
598 3224 634 3229 —-
664 3207 717 3239 30.
741 3211 847 3248 posset
874 3210 1004 3240 ΑΒῙΥι
1029 3226 1064 3231 -
1093 3210 1144 3241 33.
1170 3210 1361 3249 formantur
1384 3211 1423 3242 Al
1448 3228 1483 3233 ——
1510 3210 1563 3241 35.
1589 3211 1657 3242 eius
1679 3211 1768 3241 modi
1792 3211 1816 3241 E
1844 3228 1879 3233 —

102 3254 562 3291 perspicuitatem-—abesse
596 3257 744 3289 dicamus
776 3259 859 3298 (sic)
893 3259 994 3289 ass'ert
1026 3259 1156 3290 Nonius
1189 3268 1221 3299 p.
1250 3258 1330 3299 439,
1366 3261 1403 3291 ut
1437 3268 1479 3291 ex
1507 3258 1595 3291 libro
1629 3260 1672 3291 111
1709 3259 1815 3291 Acad.
1845 3276 1879 3282 —

106 3299 158 3333 37.
184 3302 254 3342 ipse
276 3311 346 3338 om.
370 3306 400 3339 A
427 3322 463 3332 —
492 3307 690 3339 commonuit
713 3310 811 3347 atque
834 3308 878 3339 ad
900 3317 966 3341 sese
989 3309 1078 3340 coni.
1107 3307 1228 3340 Lanib.
