2249 3624
594 147 680 186 Lm.
713 146 780 185 tlt.
822 145 919 185 Ciu».
952 145 1128 184 lv--v.
1164 142 1223 195 §S
1257 139 1449 182 ἸΙ---ΙἹο
1826 134 1902 176 135

153 274 321 316 quoque
362 260 550 313 pluribus
590 259 826 298 nominibus
867 259 1028 309 insigne
1070 257 1267 296 faciamus
1298 279 1370 301 —-,
1411 256 1509 309 quid
1542 259 1756 308 praeterea
1789 251 1903 290 dices

153 338 243 364 esse
275 323 546 375 fugiendum?
579 323 668 360 Non
701 323 902 372 ignoranti
939 322 1029 365 tibi,
1063 321 1216 373 iuquit,
1249 319 1347 372 quid
1381 320 1455 358 sim
1488 318 1693 361 dicturus,
1726 315 1797 354 sed
1830 314 1905 353 ali-

154 387 273 440 quid,
306 392 349 425 ut
379 399 454 437 ego
487 386 690 438 suspieor.
723 397 772 422 ex
807 398 894 423 mea
927 385 1038 423 brevi
1070 382 1343 436 responsione
1375 382 1554 434 arripere
1586 378 1789 431 cupienti,
1823 389 1904 416 non

153 447 416 502 respondebo
458 446 509 486 ad
551 447 731 495 singula,
774 447 992 498 explicabo
1033 446 1192 498 potius,
1238 445 1433 497 quoniam
1468 443 1587 482 otiosi
1620 454 1783 486 sumus,
1826 439 1905 477 nisi

152 512 332 551 alienum
364 515 503 562 putas,
537 514 661 547 totam
694 509 872 547 Zenonis
902 509 1221 560 Stoicorumque
1253 507 1513 546 seutentiam.
1560 505 1729 544 Minime
1754 503 1791 543 id
1816 502 1939 554 qui-5

153 574 264 618 dem,
296 572 490 624 iuquam,
529 571 730 615 alienum,
778 570 1039 622 multumque
1070 570 1120 608 ad
1154 584 1222 615 ea,
1255 583 1360 621 quae
1393 569 1653 621 quaerimus,
1685 565 1908 617 explicatio

153 642 221 675 tua
252 635 328 673 ista
360 632 597 684 profecerit.
660 630 723 670 Ἰ15.
756 633 1032 683 Experiamur
1065 633 1207 681 igitur,
1242 632 1399 684 inquit,
1433 631 1507 669 etsi
1531 631 1656 669 habet
1678 628 1779 667 baec
1803 626 1910 665 Stoi-

152 709 290 736 corum
323 695 427 733 ratio
459 694 671 734 difficilius
705 694 904 746 quiddam
939 701 975 732 et
1008 694 1240 732 ‹⁷›bs‹·urius.
1302 694 1402 733 Nam
1434 707 1526 731 eum
1564 693 1604 731 in
1636 693 1793 730 Graeco
1825 703 1911 728 ser-

152 771 272 798 mone
309 757 411 796 haec
451 758 540 809 ipsa
579 757 789 809 quondam
830 770 963 794 rerum
1005 756 1172 794 nomina
1209 769 1408 794 novarum
1451 760 1496 775 '¹'
1537 769 1619 793 non
1653 753 1911 797 videbantur,

152 834 259 874 quae
292 833 402 859 nunc
435 819 694 857 consuetudo
727 818 921 856 diuturna
955 818 1084 862 trivit,
1118 818 1217 869 quid
1251 831 1396 856 censes
1428 818 1468 855 in
1504 818 1649 856 Latino
1682 815 1798 854 sore‘?
1837 814 1912 852 Fa·
1928 822 1961 850 to

153 883 349 922 cillimum
383 880 421 920 id
456 880 624 933 quidem
657 886 738 925 est,
780 880 963 932 inquam.
1016 880 1056 917 Si
1092 880 1201 917 enim
1235 881 1388 918 Zenoni
1420 880 1560 925 licuit,
1598 892 1688 917 eum
1722 891 1806 916 rem
1840 876 1913 914 ali-

155 957 279 997 quam
313 944 538 982 invenisset
571 943 827 988 inusitatam,
869 941 1099 980 inauditum
1134 955 1302 994 quoque
1336 942 1372 980 ei
1410 942 1467 980 rei
1500 954 1651 979 nomen
1684 940 1913 991 imponere,

155 1022 228 1047 eur
259 1020 340 1045 non
373 1007 493 1045 liceat
527 1005 699 1043 Catoni?
732 1006 814 1043 Nec
847 1010 983 1042 tamen
1017 1004 1194 1055 exprimi
1227 1005 1398 1043 verbum
1431 1018 1452 1043 e
1482 1004 1608 1042 verbo
1632 1015 1802 1041 necesse
1825 1001 1913 1047 erit,

156 1076 198 1109 ut
238 1071 483 1121 interpretes
524 1067 711 1105 indiserti
752 1067 908 1113 solent,
953 1080 1043 1105 cum
1087 1066 1140 1104 sit
1181 1066 1378 1113 verbum,
1420 1067 1531 1118 quod
1573 1065 1683 1104 idem
1716 1063 1911 1108 declaret,

156 1132 286 1183 magis
318 1131 535 1175 usitatum;
576 1128 773 1181 equidem
806 1128 920 1167 soleo
954 1128 1098 1173 etiam,
1140 1128 1253 1181 quod
1286 1142 1370 1167 uno
1404 1128 1571 1173 Graeci,
1613 1127 1646 1166 si
1679 1127 1799 1165 aliter
1829 1132 1965 1163 nonis

158 1207 347 1246 possum,
390 1192 497 1230 idem
541 1191 729 1244 pluribus
764 1191 897 1230 verbis
929 1204 1151 1243 exponere.
1207 1192 1257 1229 Et
1288 1196 1424 1229 tamen
1457 1195 1559 1242 puto
1591 1188 1762 1227 concedi
1793 1186 1915 1225 nobis

158 1261 367 1309 oportere,
408 1259 453 1292 ut
485 1253 640 1292 Graeco
673 1254 798 1291 verbo
832 1259 1013 1299 utamur,
1057 1255 1089 1292 si
1121 1252 1290 1306 quando
1324 1253 1459 1291 [ninus
1491 1258 1681 1291 occurret
1710 1250 1916 1295 Latinum,

159 1331 208 1356 ne
249 1317 326 1355 hoc
364 1316 628 1369 ephippiis
670 1322 708 1354 et
748 1316 1128 1367 acratophoris
1172 1315 1310 1367 potius
1343 1328 1465 1367 quam
1508 1313 1845 1366 proegmenis
1877 1316 1916 1349 et

158 1379 602 1432 apoproegrnenis
648 1379 919 1425 concedatur,
964 1391 1216 1430 quamquam
1258 1378 1360 1416 haec
1393 1378 1562 1430 quidem
1602 1374 1916 1429 praeposita

159 1449 268 1482 recte
301 1447 340 1480 et
371 1442 577 1480 reiecta
610 1440 747 1479 dicere
780 1441 931 1480 licebit.
992 1438 1056 1478 to.
1090 1442 1200 1479 Bene
1232 1440 1354 1486 sacis,
1387 1440 1542 1493 inquit,
1577 1438 1688 1492 quod
1713 1450 1776 1477 me
1798 1436 1967 1476 adiu-220

161 1518 251 1550 vas,
283 1509 321 1543 et
352 1504 440 1542 istis
474 1503 662 1556 quidem,
695 1516 802 1556 quae
833 1503 957 1543 modo
990 1503 1154 1547 dixisti,
1187 1508 1280 1541 utar
1309 1503 1448 1555 potius
1480 1502 1664 1547 Latinis,
1694 1500 1737 1539 in
1770 1499 1918 1538 ceteris

163 1566 403 1612 subvenies,
436 1565 470 1604 si
503 1578 566 1604 me
588 1566 828 1605 haerentem
850 1566 1023 1605 videbis.
1076 1564 1250 1610 Sedulo,
1282 1566 1465 1618 inquam,
1496 1564 1659 1603 faciam.
1711 1561 1792 1601 Sed
1824 1561 1918 1599 for-

159 1636 285 1669 tuna
325 1628 508 1668 fortis:
547 1642 673 1680 quare
706 1642 874 1676 conare,
915 1641 1086 1682 quaeso.
1144 1626 1256 1675 Quid
1289 1627 1401 1666 enim
1433 1639 1655 1679 possumus
1685 1624 1765 1664 hoc
1794 1636 1918 1676 agere

159 1691 339 1732 divinius
354 1693 370 1729 ’ἶ

271 1754 318 1792 V.
351 1753 491 1793 Placet
520 1753 605 1801 his,
647 1754 799 1807 inquit,
832 1768 1006 1807 quorum
1039 1753 1143 1792 ratio
1176 1752 1276 1791 mihi
1309 1753 1530 1805 probatur,
1562 1750 1815 1802 simulatque
1848 1762 1919 1788 na·
1934 1758 1971 1786 25

160 1826 243 1858 tum
276 1817 328 1855 sit
359 1816 512 1855 animal
544 1839 595 1843 —-
626 1816 723 1855 hine
756 1817 864 1855 enim
892 1822 953 1855 est
975 1815 1222 1855 ordiendum
1246 1838 1320 1862 --‚
1354 1816 1489 1867 ipsum
1522 1814 1600 1853 sibi
1633 1813 1849 1854 conciliari
1881 1817 1920 1851 et

161 1879 441 1919 commendari
474 1878 524 1917 ad
557 1891 600 1917 se
633 1879 957 1918 conservandum
992 1885 1029 1918 et
1062 1879 1112 1918 ad
1146 1894 1266 1918 suum
1297 1885 1449 1919 statum
1482 1892 1638 1932 eaque,
1681 1889 1788 1930 quae
1821 1887 1921 1913 con-

163 1941 369 1980 servantia
411 1946 505 1979 sunt
536 1942 624 1980 eius
656 1947 808 1988 status,
850 1942 1079 1994 diligenda,
1118 1942 1292 1982 alienari
1330 1948 1465 1982 autem
1498 1942 1549 1982 ab
1581 1941 1751 1980 interitu
1782 1938 1920 1990 iisque

163 2004 305 2048 rebus,
349 2015 456 2055 quae
489 2003 697 2042 interitum
730 2003 948 2043 videantur
979 2006 1137 2045 afferre.
1189 2006 1232 2044 ld
1265 2006 1321 2045 ita
1354 2019 1446 2044 esse
1478 2005 1537 2043 sic
1568 2004 1766 2058 probant,
1807 1998 1919 2053 quod

163 2072 255 2105 ante
296 2077 419 2117 quam
459 2065 660 2126 voluptas
692 2071 762 2105 aut
793 2066 913 2106 dolor
943 2068 1144 2120 attigerit,
1177 2068 1373 2108 salutaria
1404 2072 1604 2120 appetant
1634 2065 1750 2118 parvi
1782 2070 1971 2116 asper-30

163 2135 394 2180 nenturque
427 2127 653 2174 contraria,
695 2129 806 2180 quod
838 2143 923 2168 non
954 2128 1090 2177 lieret,
1129 2130 1211 2170 nisi
1244 2136 1395 2170 statum
1430 2144 1553 2169 suum
1584 2129 1827 2179 diligerent,
1859 2126 1922 2164 in-

164 2192 326 2231 teritum
366 2190 570 2228 timerent.
630 2191 738 2229 fieri
774 2197 911 2231 autem
954 2206 1037 2231 uon
1071 2198 1229 2245 posset,
1271 2198 1317 2232 ut
1347 2196 1593 2245 appeterent
1622 2189 1801 2242 aliquid,
1842 2187 1922 2226 nisi

163 2266 328 2293 sensum
364 2251 565 2291 haberent
603 2253 666 2291 sui
700 2266 834 2306 eoque
866 2267 909 2293 se
941 2254 1173 2305 diligerent.
1224 2255 1287 2293 Ex
1320 2268 1402 2308 quo
1435 2254 1621 2305 intellegi
1653 2252 1778 2291 debet
1810 2250 1923 2303 prin-

163 2316 317 2368 cipium
349 2313 516 2353 ductum
549 2327 638 2354 esse
669 2328 691 2354 a
723 2329 766 2354 se
790 2316 1017 2367 diligendo.
1078 2313 1093 2354 Ἰ
1107 2314 1143 2355 7.
1176 2318 1220 2355 ln
1253 2317 1471 2369 principiis
1500 2322 1638 2355 autem
1662 2312 1922 2354 naturalibus

164 2379 351 2431 plerique
383 2376 509 2416 Stoici
548 2390 631 2416 non
666 2384 811 2431 putant
842 2379 1098 2430 voluptatem
1131 2392 1222 2418 esse
1262 2380 1521 2432 ponendam:
1563 2377 1712 2430 quibus
1747 2389 1822 2427 ego
1853 2381 1972 2413 ve-35

165 2441 376 2479 hementer
405 2440 630 2486 assentior,
663 2454 734 2487 ne,
767 2441 799 2480 si
822 2441 1075 2494 voluptatem
1107 2446 1253 2480 natura
1285 2441 1476 2494 posuisse
1499 2441 1540 2480 in
1563 2441 1612 2479 iis
1634 2439 1759 2478 rebus
1781 2436 1923 2477 videa·

249 2614 278 2643 ·t.
306 2611 389 2650 quod
411 2620 463 2650 pr.
488 2611 552 2642 BE
580 2629 614 2633 -
647 2613 676 2642 2.
704 2620 769 2642 esse
793 2620 861 2642 om.
889 2613 912 2642 B
930 2612 951 2642 Ε
981 2630 1014 2634 -
1042 2612 1115 2647 tibi,
1141 2613 1263 2652 inquit„
1291 2613 1368 2650 quid
1393 2620 1474 2642 nos:
1509 2611 1565 2642 libi
1590 2611 1668 2650 quid
1692 2611 1715 2641 Α
1732 2610 1776 2642 B:
1803 2608 1920 2648 inquil,

163 2663 229 2695 libi,
256 2663 332 2700 quid
356 2662 424 2693 Mo
448 2679 489 2684 ——-
513 2662 543 2692 5.
570 2662 711 2706 (diguam
739 2662 797 2692 ΒΕ
822 2679 865 2684 -
889 2671 950 2701 ‹Jeaee
973 2672 1030 2693 0¹11
1070 2663 1093 2693 B
1112 2679 1154 2684 -—
1178 2662 1317 2701 quidem]
1343 2663 1429 2700 quod
1456 2663 1476 2692 Β
1494 2662 1516 2692 Ε
1541 2679 1583 2683 -
1607 2661 1638 2691 7.
1665 2661 1780 2700 iyistcr,
1808 2659 1922 2699 inquit]

164 2715 297 2750 inquam
321 2713 343 2742 B
365 2729 397 2733 ——
424 2711 454 2742 8.
482 2712 645 2750 quoddam
670 2713 691 2742 Β
707 2712 730 2742 Ε
750 2729 783 2733 -
814 2712 831 2742 9
863 2721 973 2742 rerum
999 2720 1068 2742 0111.
1089 2712 1112 2742 Β
1133 2729 1165 2732 ν
1195 2721 1359 2742 nouarum
1384 2721 1446 2741 uon
1471 2710 1669 2741 uidebantur
1691 2712 1736 2740 A:
1764 2712 1927 2739 uocarunt

165 2772 224 2792 non
252 2761 444 2792 uidebantur
467 2762 508 2798 133
536 2772 697 2792 novarum
722 2763 931 2792 vorabantur
949 2766 991 2792 ():
1020 2771 1181 2792 nouarum
1210 2762 1312 2802 [noua
1337 2765 1443 2797 erant,
1468 2760 1615 2801 ferenda]
1642 2770 1705 2790 non-
1728 2759 1927 2790 uidebamur

166 2812 351 2852 Madvigius
376 2813 407 2844 in
432 2812 655 2845 adnotatione
675 2832 708 2836 -—
737 2815 789 2845 40.
808 2815 909 2853 tria-111]
935 2814 1036 2843 lenuit
1061 2813 1083 2843 B
1101 2813 1122 2843 ti
1147 2830 1179 2833 —
1210 2813 1294 2850 quod
1311 2822 1337 2842 ε,
1359 2812 1415 2842 ssti
1436 2828 1469 2832 —
1495 2812 1691 2850 facillimum
1710 2811 1785 2841 BC:
1812 2808 1927 2849 famil-

164 2864 277 2893 Iimmn
300 2865 342 2899 A3
377 2863 574 2894 Faciendum
599 2865 622 2894 O
657 2883 689 2886 —
732 2864 780 2895 tsi„
807 2873 880 2894 cum
912 2865 951 2893 sil
981 2862 1114 2893 verbum
1138 2863 1223 2901 quod
1248 2862 1352 2901 ›tzaglix
1377 2862 1459 2891 idem
1483 2862 1630 2892 declarat
1652 2861 1810 2891 usitatum
1834 2860 1860 2890 D
1888 2875 1923 2879 —

171 2912 217 2942 16Δ
246 2912 284 2942 E!
308 2919 376 2942 om.
396 2912 420 2942 B
442 2930 475 2934 —-
503 2913 553 2943 47.
579 2913 696 2953 minus]
724 2923 841 2943 manns
865 2916 889 2943 A
905 2914 927 2943 B
944 2913 966 2943 Ε
994 2929 1029 2934 —-
1063 2913 1113 2942 48.
1138 2914 1304 2951 peymem's
1326 2915 1353 2942 el
1377 2913 1628 2951 appopegymenis
1651 2912 1674 2941 B
1703 2928 1737 2932 —
1770 2910 1822 2940 ⁵20.
1849 2909 1927 2939 lice-

167 2961 219 2990 bat
246 2961 268 2991 B
297 2978 330 2982 —-
359 2961 453 3000 quod]
478 2965 513 2992 uc
537 2963 560 2993 Ε
587 2979 620 2984 —
649 2964 701 2993 22.
728 2964 845 2993 Sedulo
863 2980 909 2985 --
927 2970 1047 3001 quaeso
1073 2963 1201 2992 Nouius
1227 2971 1259 3001 p.
1286 2961 1337 2991 337.
1366 2978 1400 2981 —
1433 2961 1486 2991 ‘2:3.
1511 2961 1607 3000 fortis
1631 2961 1692 2991 AB
1719 2962 1750 2991 et
1777 2961 1925 2992 Nonius:

165 3011 264 3049 (ortes
289 3010 316 3040 M
332 3010 356 3040 O
385 3027 418 3032 -
451 3020 618 3050 possumus
641 3013 698 3042 hoc
724 3015 746 3044 Α
764 3014 807 3044 Βῖ
833 3014 891 3043 hoc
911 3021 1083 3051 possumus
1107 3012 1130 3041 O
1159 3028 1192 3033 --
1222 3012 1272 3041 ⁶253.
1297 3010 1470 3050 probatur]
1493 3010 1719 3049 probaturque
1743 3011 1765 3041 B
1791 3011 1872 3049 (non
1892 3009 1925 3046 E)

168 3076 209 3081 -—
236 3059 285 3088 26.
311 3058 395 3098 hinc]
420 3059 474 3090 hin
497 3063 540 3098 Α;
574 3062 647 3092 huic
673 3063 694 3093 B
712 3063 734 3092 Ε
761 3080 795 3083 -
827 3066 871 3092 est
895 3062 1087 3091 ordiendum
1112 3063 1156 3091 A:
1188 3061 1380 3090 ordiendum
1403 3064 1447 3091 esc
1472 3061 1494 3091 B
1509 3061 1538 3092 M
1566 3078 1600 3082 ——
1635 3061 1688 3092 ⁵27,
1714 3059 1825 3099 eaque]
1851 3067 1929 3097 eque

169 3110 192 3138 Α
209 3108 231 3138 B
259 3124 293 3129 —
322 3108 372 3138 ²29.
399 3109 446 3139 ila
471 3119 539 3141 om.
566 3111 589 3141 B
617 3112 694 3149 (nou
715 3112 748 3149 E)
777 3128 810 3132 —
839 3112 891 3141 30.
915 3112 1016 3151 parvi
1042 3112 1120 3149 (non
1148 3111 1211 3149 qui)
1238 3111 1342 3140 etiam
1368 3111 1392 3141 E
1413 3128 1447 3131 —
1475 3110 1527 3141 31.
1553 3114 1673 3141 statum
1699 3111 1723 3140 Α
1740 3110 1782 3140 Βῑ
1807 3112 1929 3138 statum

168 3158 273 3196 ipsum
297 3158 322 3188 O
355 3176 388 3181 -—
416 3158 468 3190 32.
492 3165 618 3205 possent
644 3162 704 3192 1313
731 3178 764 3182 —-
794 3160 844 3191 33,
872 3170 904 3190 se
928 3164 950 3192 Α
970 3163 1008 3191 Ιὶῑ
1043 3170 1075 3190 se
1098 3163 1125 3190 e!
1149 3170 1207 3189 sna
1234 3162 1258 3189 O
1279 3178 1312 3182 -—
1341 3160 1392 3191 34.
1420 3161 1527 3190 delum
1554 3160 1622 3197 (sic)
1649 3168 1714 3190 esse
1739 3160 1774 3194 B;
1808 3159 1929 3188 (lictum

169 3216 234 3238 esse
258 3208 336 3245 (non
360 3217 424 3239 esse
447 3209 576 3249 dictum)
603 3211 626 3241 E
654 3227 687 3232 —
715 3211 922 3241 manualibus
948 3211 1106 3243 [rsinust
1135 3208 1342 3239 naturalibus
1364 3210 1518 3250 diligendi
1540 3210 1590 3241 sui
1615 3208 1715 3240 codd.
1738 3226 1772 3230 —
1799 3208 1851 3239 36.
1877 3205 1927 3246 ue]

170 3265 248 3288 nam
271 3258 296 3289 E
322 3275 355 3280 -
378 3259 522 3299 posuisse
544 3261 578 3291 in
600 3260 650 3301 iis]
676 3261 832 3299 posuisset
856 3261 889 3291 ιἰι
911 3261 959 3290 his
981 3262 1027 3298 Α;
1048 3260 1203 3299 potuisset
1228 3259 1259 3290 in
1283 3260 1341 3297 hys
1363 3260 1400 3291 B.
