2249 3624
570 127 658 166 Lm.
690 126 739 165 11.
777 125 871 165 Cu».
903 124 1186 165 xix—xxi.
1224 120 1282 175 §§
1314 120 1504 162 60-67.
1833 119 1913 160 ii5

164 240 372 287 maximis,
414 244 499 279 toto
538 252 728 292 corpore,
769 238 882 277 nulla
922 251 998 277 nec
1044 237 1240 277 adiuncta
1289 249 1364 275 nec
1400 239 1563 287 sperata
1599 233 1832 286 voluptate,
1874 239 1915 273 et

164 303 414 356 quaerebas:
446 302 540 354 quis
567 308 635 340 aut
664 301 741 340 hoc
764 300 954 339 miserior
989 306 1059 339 aut
1080 300 1294 352 superiore
1318 300 1388 339 illo
1413 299 1602 338 beatior?
1633 297 1785 336 deinde
1816 311 1914 336 con-

163 365 377 411 cludebas,
409 377 613 403 suuuuuni
644 363 795 402 malum
826 376 917 401 esse
946 362 1146 406 dolorem,
1177 376 1382 401 summum
1404 361 1558 401 bonum
1581 360 1856 413 voluptateml

275 427 366 465 XX.
399 426 547 464 Lucius
589 426 767 464 Thorius
808 426 959 464 Balbus
1000 424 1096 470 suit,
1142 425 1397 471 Lanuvinus,
1439 437 1561 477 quein
1593 423 1832 462 meminisse
1870 428 1913 463 tu

164 502 246 528 non
278 492 408 540 potes.
467 488 503 525 Is
535 489 589 527 ita
622 487 806 533 vivebat,
848 494 890 526 ut
923 487 1033 526 nulla
1067 494 1145 526 tani
1178 487 1386 540 exquisita
1423 491 1562 540 posset
1592 486 1768 525 inveniri
1800 486 1945 525 volu-5

164 557 276 603 ptas,
316 561 397 601 qua
440 562 522 587 nou
563 549 805 587 abundaret.
868 551 961 587 Erat
992 556 1032 588 et
1063 548 1237 601 cupidus
1269 549 1528 600 voluptatum
1560 554 1602 588 et
1631 549 1719 588 eius
1751 549 1915 601 generis

164 612 405 663 intellegens
446 616 485 650 et
526 611 742 663 copiosus,
784 612 837 650 ita
877 624 958 649 nou
999 611 1337 662 superstitiosus,
1377 618 1421 650 ut
1460 611 1530 650 illa
1561 611 1737 664 plurima
1768 612 1808 650 in
1842 624 1915 650 sua

163 674 292 726 patria
322 670 520 712 sacriticia
551 678 590 711 et
620 672 714 711 fana
745 678 1047 718 contemneret,
1081 673 1134 711 ita
1168 686 1250 711 nou
1285 674 1452 712 timidus
1488 674 1538 712 ad
1572 678 1768 721 mortem,
1801 679 1844 712 ut
1875 673 1914 712 in

160 736 248 776 acie
280 736 331 774 sit
363 735 415 773 ob
446 748 530 773 rem
562 734 769 786 publicam
801 734 1055 773 interfectus.
1114 732 1180 772 (ἰῶ.
1208 735 1467 787 Cupiditates
1498 749 1583 775 non
1614 736 1783 788 Epicuri
1815 735 1919 775 divi-

161 798 279 837 sione
322 795 510 843 liniebat,
551 796 622 835 sed
658 809 731 835 sua
762 796 964 835 satietate.
1024 795 1209 834 Habebat
1240 802 1376 835 tamen
1408 798 1609 837 rationem
1642 797 1967 837 valetudinis:io

162 860 355 900 utebatur
385 859 436 899 iis
468 859 853 905 exercitationibus,
885 864 930 897 ut
959 858 1009 897 ad
1042 871 1186 897 cenaui
1218 863 1259 896 et
1289 859 1434 897 sitiens
1465 865 1505 899 ct
1532 860 1721 900 esuriens
1742 861 1917 906 veniret,

161 935 211 962 eo
244 922 355 967 cibo,
394 921 467 974 qui
498 927 537 961 et
567 921 838 960 suavissimus
870 926 980 960 esset
1011 926 1051 959 et
1079 920 1188 959 idem
1219 919 1441 960 facillimus
1472 922 1522 960 ad
1555 921 1918 975 concoquendum,

161 984 257 1023 vino
305 990 343 1023 et
386 983 437 1023 ad
481 983 735 1036 voluptatem
780 988 820 1021 et
864 996 915 1022 ne
956 987 1135 1021 noceret.
1199 981 1345 1021 Cetera
1375 983 1447 1022 illa
1477 984 1721 1031 adhibebat,
1765 984 1918 1037 quibus

161 1046 340 1098 demptis
371 1051 495 1098 negat
525 1060 567 1085 se
599 1045 802 1098 Epicurus
833 1045 1074 1097 intellegere
1106 1044 1206 1097 quid
1230 1044 1284 1083 sit
1303 1044 1471 1084 bonum.
1516 1046 1668 1086 Aberat
1689 1047 1824 1086 omnis
1846 1046 1919 1086 do-

161 1108 242 1154 lor,
290 1108 360 1160 qui
406 1109 439 1147 si
484 1108 671 1155 adesset,
717 1121 793 1147 nec
834 1107 1015 1147 molliter
1052 1106 1179 1146 ferret
1220 1111 1259 1146 et
1290 1112 1428 1146 tamen
1459 1107 1632 1148 medicis
1667 1109 1761 1162 plus
1793 1117 1968 1163 quamt5

161 1169 425 1222 philosophis
468 1176 675 1210 uteretur:
717 1169 828 1209 color
865 1169 1082 1221 egregius,
1121 1169 1280 1221 integra
1320 1169 1537 1217 valetudo,
1579 1184 1740 1211 summa
1775 1173 1918 1225 gratia,

162 1233 244 1271 vita
276 1231 457 1284 denique
488 1233 673 1272 conferta
703 1232 961 1284 voluptatum
994 1231 1180 1270 omnium
1211 1231 1421 1271 varietate.
1482 1231 1547 1271 65.
1579 1234 1701 1273 Hunc
1722 1247 1795 1274 vos
1823 1234 1920 1273 bea-

163 1300 271 1333 tum:
312 1295 415 1334 ratio
455 1294 625 1347 quidem
658 1300 792 1334 vestra
832 1294 891 1333 sic
922 1295 1051 1346 cogit:
1090 1298 1131 1332 at
1161 1306 1237 1346 ego
1270 1307 1393 1346 quem
1425 1294 1524 1334 huic
1553 1301 1804 1350 anteponam
1834 1310 1920 1336 non

161 1356 295 1396 audeo
338 1356 500 1396 dicere:
541 1356 651 1396 dicet
688 1370 763 1409 pro
804 1368 867 1394 me
907 1355 995 1409 ipsa
1026 1356 1157 1395 virtus
1188 1369 1264 1395 nec
1294 1356 1499 1396 dubitabit
1527 1357 1596 1397 isti
1626 1362 1765 1398 vestro
1794 1358 1919 1397 beato

162 1419 214 1457 M.
255 1418 459 1470 Regulum
497 1425 772 1471 anteponere,
812 1431 936 1471 quem
981 1418 1171 1471 quidem,
1211 1432 1304 1457 cum
1342 1431 1416 1458 sua
1456 1419 1696 1468 voluntate,
1734 1420 1849 1460 nulla
1879 1420 1969 1460 vie-20

163 1486 328 1520 coactus
367 1487 531 1533 praeter
569 1479 712 1527 tidem,
753 1493 876 1533 quam
908 1481 1079 1520 dederat
1112 1480 1241 1527 hosti,
1284 1494 1336 1519 ex
1364 1481 1498 1534 patria
1527 1481 1826 1535 Karthaginem
1855 1496 1921 1522 re-

164 1542 373 1589 vertisset,
417 1549 503 1582 tum
540 1543 695 1596 ipsum,
737 1556 829 1582 cum
868 1543 1021 1595 vigiliis
1061 1548 1101 1583 et
1137 1542 1246 1582 fame
1286 1544 1563 1591 cruciaretur,
1610 1544 1759 1585 clamat
1788 1546 1919 1585 virtus

164 1604 388 1644 beatiorem
419 1604 548 1645 fuisse
579 1618 701 1659 quam
734 1611 945 1657 potantem
977 1606 1018 1645 in
1040 1619 1135 1645 rosa
1157 1606 1369 1645 Thorium.
1413 1606 1530 1645 Bella
1551 1619 1702 1660 magna
1721 1613 1921 1659 gesserat,

164 1668 226 1707 bis
258 1668 404 1708 consul
433 1667 588 1715 fuerat,
621 1667 908 1721 triumpharat,
939 1681 1016 1707 nec
1045 1673 1183 1708 tamen
1215 1681 1292 1708 sua
1320 1668 1393 1708 illa
1422 1669 1639 1721 superiora
1666 1674 1749 1710 tam
1771 1684 1922 1723 magna

165 1743 300 1782 neque
331 1736 413 1770 tam
445 1730 656 1784 praeclara
686 1729 863 1769 ducebat
893 1743 1017 1783 quam
1049 1730 1166 1769 illum
1193 1730 1385 1769 ultimum
1407 1743 1568 1778 casum,
1597 1744 1722 1783 quem
1752 1737 1970 1785 propter25

165 1788 286 1831 tidem
318 1793 677 1845 constantiamque
710 1798 968 1844 susceperat,
1009 1793 1081 1846 qui
1121 1792 1242 1832 nobis
1273 1792 1522 1832 miserabilis
1552 1792 1719 1832 videtur
1749 1793 1922 1834 audien-

165 1853 296 1901 tibus,
329 1854 390 1893 illi
421 1853 671 1907 perpetienti
704 1859 790 1893 erat
819 1854 1093 1906 voluptarius.
1138 1856 1231 1893 Non
1262 1854 1372 1894 enim
1402 1854 1613 1894 hilaritate
1642 1869 1721 1896 nec
1749 1856 1921 1896 lascivia

167 1928 241 1954 nec
271 1916 357 1956 risu
389 1922 458 1956 aut
488 1917 599 1963 ioco,
630 1916 780 1955 comite
811 1916 1012 1964 levitatis,
1050 1930 1175 1969 saepe
1207 1917 1329 1957 etiam
1361 1917 1500 1957 tristes
1530 1914 1722 1958 firmitate
1753 1924 1795 1959 et
1824 1932 1922 1959 con-

165 1978 317 2017 stantia
348 1984 444 2018 sunt
473 1979 598 2018 beati.
657 1976 722 2017 66.
756 1978 950 2031 Stuprata
990 1993 1065 2032 per
1094 1980 1176 2019 vim
1207 1979 1398 2019 Lucretia
1429 1993 1452 2019 a
1481 1979 1592 2033 regis
1621 1980 1730 2028 filio,
1772 1985 1922 2020 testata

166 2040 286 2086 civis,
318 2053 361 2080 se
392 2041 481 2093 ipsa
511 2041 729 2080 interemit.
775 2041 853 2080 Hic
885 2041 1004 2081 dolor
1032 2042 1176 2095 populi
1208 2042 1382 2081 Romani
1413 2042 1518 2081 duce
1539 2047 1580 2081 et
1598 2048 1770 2082 auctore
1791 2044 1920 2082 Bruto
1933 2051 1971 2079 3ο

166 2115 290 2142 causa
320 2104 476 2143 civitati
506 2103 704 2143 libertatis
734 2103 832 2150 fuit,
871 2103 923 2143 ob
955 2104 1129 2157 eiusque
1159 2103 1343 2143 mulieris
1374 2103 1618 2144 memoriam
1648 2105 1780 2158 primo
1811 2118 1920 2145 anno

164 2171 204 2204 et
233 2165 295 2204 vir
325 2172 365 2206 et
394 2170 513 2218 pater
543 2165 630 2205 eius
662 2165 808 2204 consul
839 2171 902 2205 est
931 2165 1075 2205 factus.
1120 2166 1274 2206 Tenuis
1305 2166 1458 2206 Lucius
1480 2167 1704 2220 Verginius
1726 2181 1920 2221 unusque

164 2226 215 2266 de
246 2227 386 2267 multis
417 2228 678 2280 sexagesimo
709 2240 818 2266 anno
850 2233 945 2281 post
974 2228 1206 2268 libertatem
1238 2234 1448 2281 receptam
1470 2228 1673 2280 virginem
1696 2229 1824 2270 filiam
1846 2242 1921 2270 sua

165 2301 289 2328 manu
318 2289 472 2328 occidit
502 2290 662 2342 potius,
695 2302 818 2343 quam
851 2303 900 2329 ea
928 2291 1006 2343 Ap.
1031 2289 1192 2330 Claudii
1225 2290 1411 2338 libidini,
1444 2290 1517 2344 qui
1540 2295 1627 2330 tum
1651 2296 1737 2331 erat
1757 2304 1920 2331 summo

164 2350 357 2403 imperio,
388 2350 620 2392 dederetur.
1933 2362 1970 2391 35

275 2413 388 2453 XXI.
407 2410 474 2453 67.
503 2414 587 2454 Aut
615 2413 718 2454 haec
749 2414 844 2462 tibi,
876 2416 1106 2469 Torquate,
1137 2420 1233 2455 sunt
1252 2414 1529 2469 vituperanda
1550 2420 1621 2455 aut
1640 2416 1919 2468 patrocinium

248 2593 278 2623 4.
304 2592 457 2623 adiuncto
473 2594 512 2624 Αἱ
531 2609 565 2614 -
588 2593 620 2624 ἱ).
640 2593 846 2625 miseriorum
862 2613 881 2618 -
894 2612 910 2617 —
927 2594 1109 2626 beatiorum
1124 2596 1148 2626 B
1171 2613 1204 2617 —
1231 2594 1356 2626 beatior
1372 2595 1395 2625 Α
1408 2595 1451 2625 Β;
1479 2594 1604 2626 beatior
1618 2595 1702 2634 foret
1717 2596 1794 2627 ΜΟ.
1822 2596 1872 2627 Cf.
1892 2598 1916 2634 I,

163 2640 247 2680 541.
267 2658 301 2663 —-
323 2640 355 2673 4.
374 2641 478 2673 lucius
493 2642 573 2673 AB:
593 2643 628 2673 L.
644 2644 675 2674 M
690 2643 715 2674 O
735 2662 769 2666 —
788 2645 818 2675 5.
837 2644 902 2675 vol.
918 2648 1023 2684 posset
1039 2645 1182 2675 inueniri
1199 2644 1221 2674 B
1243 2662 1277 2666 -
1297 2644 1326 2674 6.
1346 2644 1414 2674 eius
1428 2652 1500 2683 qen.
1518 2645 1542 2675 Α
1557 2644 1600 2674 B:
1628 2644 1771 2676 cuiusvis
1792 2646 1920 2686 qeneris

161 2691 229 2721 eius
243 2691 286 2728 03
311 2691 456 2722 cuiusuis
477 2693 604 2732 generis
628 2691 716 2733 [eius]
735 2694 766 2724 M
786 2711 820 2716 —
846 2694 877 2725 8.
895 2695 1061 2735 sacrificia
1078 2694 1195 2725 co‹ld.:
1221 2697 1249 2724 et
1273 2693 1439 2733 sacrificia
1457 2694 1482 2723 Ο
1501 2710 1535 2714 -—
1563 2694 1616 2725 40.
1639 2693 1787 2726 habebat.
1810 2698 1916 2726 tamen

161 2740 287 2771 ratione
302 2739 494 2772 ualitudinis
511 2740 613 2772 codd.
634 2759 668 2763 —
690 2743 742 2773 ll.
760 2742 810 2783 iis]
827 2743 875 2774 his
890 2746 915 2775 Α
931 2744 974 2780 Ο;
999 2744 1056 2782 hys
1072 2744 1096 2774 B
1118 2761 1152 2765 —-
1172 2750 1287 2787 cenam
1303 2744 1348 2774 A:
1375 2751 1505 2773 scenam
1522 2743 1545 2773 B
1560 2752 1566 2780 ;
1591 2752 1728 2774 coenam
1744 2745 1776 2775 M
1789 2745 1814 2775 O
1836 2762 1870 2767 ——
1890 2748 1917 2775 et

161 2789 269 2819 sitiens
284 2792 313 2820 et
334 2789 477 2822 esuriens
491 2791 569 2822 AB:
596 2794 624 2822 et
647 2793 788 2823 esuriens
811 2796 840 2823 et
862 2794 973 2824 sitiens
989 2794 1054 2824 ΜΟ
1073 2810 1107 2815 -
1128 2794 1180 2824 42.
1199 2793 1243 2823 acl
1258 2792 1461 2831 coquendum
1478 2792 1501 2822 B
1522 2810 1557 2814 ——
1585 2793 1637 2824 47.
1654 2794 1735 2833 vita]
1752 2803 1821 2824 una
1839 2795 1863 2825 B
1880 2810 1914 2816 —

161 2839 365 2878 voluptatum
386 2840 533 2880 conferta
554 2840 578 2870 B
599 2858 634 2863 —-
660 2842 747 2872 omni
771 2842 834 2873 DE
853 2861 888 2865 —
916 2843 967 2874 18.
992 2844 1098 2883 cogit:
1124 2846 1157 2873 at
1181 2851 1239 2882 eqo
1262 2842 1323 2873 Th.
1350 2841 1544 2873 Bentleius:
1575 2843 1698 2883 eoyitat
1721 2853 1779 2884 eqo
1797 2843 1915 2880 codd.;

161 2888 263 2928 capit:
288 2898 346 2930 eqo
363 2889 388 2921 Ο
407 2907 442 2912 -
467 2898 563 2929 quem
585 2891 658 2922 huic
674 2892 700 2922 A
713 2892 757 2922 B:
783 2892 857 2923 huic
874 2901 968 2931 quem
984 2893 1008 2923 O
1027 2909 1062 2914 —
1090 2894 1142 2925 ΞΟ.
1161 2893 1330 2931 uoluptate
1346 2893 1368 2923 B
1382 2892 1406 2922 E
1423 2910 1467 2915 —
1489 2892 1542 2923 Ἡ.
1560 2892 1702 2933 Kartaq.
1721 2894 1759 2931 B,
1784 2897 1915 2934 cartag).

162 2939 186 2968 Α
207 2956 243 2961 —-
267 2939 321 2971 22.
345 2940 424 2978 tum]
448 2947 521 2971 eum
542 2940 640 2971 ABD
659 2957 694 2962 —
721 2940 774 2972 ⁶23.
799 2940 908 2982 fuisse]
932 2950 997 2972 esse
1020 2942 1043 2972 B
1064 2959 1099 2963 —-
1125 2951 1215 2973 rosa.
1243 2942 1366 2973 thoi-ius
1389 2941 1418 2972 b.
1437 2941 1500 2973 AB
1517 2960 1552 2964 —
1578 2941 1631 2974 24.
1657 2952 1718 2974 sua
1740 2943 1799 2975 illa
1820 2952 1916 2984 supe-

161 2988 254 3019 riora
275 2989 320 3020 A:
353 2989 412 3020 illa
440 2998 502 3021 sua
523 2991 696 3030 superiora
722 2991 743 3020 n
758 2991 807 3027 Μ;
838 3000 899 3022 sua
921 2993 1095 3031 superiora
1120 2992 1177 3022 itta
1202 2993 1226 3022 O
1251 3009 1293 3013 —
1323 2992 1376 3022 25.
1399 2995 1538 3031 propter
1559 2992 1604 3023 B:
1627 2995 1762 3032 praeter
1784 2994 1811 3024 Α
1826 2993 1850 3024 C
1878 3010 1913 3014 —

160 3037 212 3068 27.
237 3038 444 3078 voluptarius
470 3040 506 3071 P.
534 3040 688 3072 Marsus:
723 3041 933 3072 uoluntarius
959 3041 1062 3072 codd.
1093 3058 1128 3063 —
1162 3040 1340 3080 hilaritate]
1367 3041 1401 3071 in
1425 3040 1580 3081 largitate
1603 3043 1642 3073 A¹
1672 3060 1705 3064 —-
1734 3050 1793 3073 nec
1816 3043 1860 3073 A:
1887 3046 1916 3073 et

161 3086 259 3118 ΒΜΟ
285 3104 320 3110 -
346 3088 399 3120 28.
425 3097 520 3129 saepe
542 3090 623 3121 AB:
650 3094 679 3122 et
701 3099 797 3130 saepe
821 3091 861 3127 Ε;
887 3092 940 3122 sed
963 3100 1058 3131 saepe
1082 3092 1146 3122 ΜΟ
1167 3108 1201 3112 —
1227 3091 1279 3121 30.
1305 3090 1378 3128 ipsa
1400 3091 1444 3120 A:
1470 3091 1578 3130 ipsam
1600 3091 1625 3122 B
1645 3108 1680 3112 —
1706 3090 1866 3130 interfecit
1889 3090 1913 3121 B

163 3153 195 3158 —
222 3135 275 3169 32.
299 3138 408 3178 sactus
428 3141 475 3170 est
496 3139 520 3170 B
541 3155 575 3161 —
601 3139 705 3170 lucius
727 3142 753 3171 A
767 3140 810 3171 B:
838 3141 872 3171 L.
892 3141 956 3171 ΜΟ
982 3157 1017 3161 -
1042 3141 1211 3180 ueryinius
1227 3141 1305 3171 AB:
1337 3140 1501 3180 l'iryim'us
1516 3141 1541 3172 Ο
1563 3159 1597 3164 -
1625 3141 1676 3172 33.
1695 3149 1790 3172 suam
1813 3149 1914 3172 manu

160 3186 222 3217 AB
250 3203 286 3211 -
311 3186 365 3219 34.
388 3188 508 3229 potius]
527 3192 601 3229 post
623 3187 661 3221 A¹
690 3207 724 3212 -
750 3189 824 3230 Ap.]
849 3190 883 3221 P.
909 3190 991 3226 ΑΒ;
1016 3190 1099 3229 App.
1127 3190 1151 3220 O
1178 3207 1211 3212 ——
1239 3189 1318 3231 tum]
1343 3193 1452 3222 tamen
1475 3191 1499 3222 B
1527 3208 1561 3211 —
1589 3189 1641 3222 35.
1666 3190 1804 3230 imperio
1828 3191 1853 3221 A
1869 3190 1910 3221 B:

158 3234 192 3265 in
213 3235 350 3277 imperio
373 3237 412 3270 Ο.
