2249 3624
312 107 393 149 572
1074 108 1144 147 DE
1176 106 1316 147 FATO

311 216 553 264 morietur»,
586 217 658 257 sed
690 217 832 270 potius
865 216 922 255 ita
953 215 1118 254 dicant:
1165 215 1281 253 «Non
1313 216 1354 252 et
1384 216 1504 252 natus
1537 217 1600 252 est
1631 213 1726 266 quis
1759 214 1920 254 oriente
1954 215 2074 257 Cani-

310 278 425 326 cula,
459 285 499 319 et
529 280 563 320 is
595 281 636 320 in
668 280 771 318 mari
804 278 1037 318 morietur.»
1102 276 1135 316 Ο
1168 276 1380 315 licentiam
1413 275 1663 315 iocularem!
1714 289 1764 316 ne
1795 277 1886 330 ipse
1918 278 2074 321 incidat

311 339 353 379 in
384 342 634 389 Diodorum,
677 341 799 380 docet
832 339 1063 378 Chaldaeos
1102 352 1183 390 quo
1225 344 1345 390 pacto
1378 351 1449 377 eos
1481 351 1695 390 exponere
1726 345 1920 392 percepta
1952 355 2074 393 opor-

310 408 406 443 teat.
460 404 626 452 Quaero
660 405 790 450 enim,
823 403 856 442 si
882 402 1079 441 Chaldaei
1110 402 1166 440 ita
1198 401 1440 453 loquantur,
1472 405 1517 440 ut
1547 401 1790 453 negationes
1822 400 2074 445 infinitarum

277 467 648 507 5coniunetionum
690 466 829 520 potius
871 478 995 517 quam
1037 462 1198 504 infinita
1240 475 1400 502 conexa
1442 468 1621 514 ponant,
1664 476 1737 502 cur
1767 463 1878 503 idem
1911 465 2073 514 medici,

306 544 381 570 cur
413 536 664 583 geometrae,
697 542 768 567 cur
798 528 951 580 reliqui
982 526 1120 566 facere
1151 539 1236 565 non
1270 524 1456 578 possint?
1489 524 1676 564 Medicus
1708 526 1750 564 in
1783 527 1928 578 primis
1960 529 2072 581 quod

305 593 383 632 erit
415 593 451 631 ei
486 596 747 645 perspectum
780 591 822 630 in
854 595 942 629 arte
978 602 1060 628 non
1093 588 1150 627 ita
1182 593 1412 641 proponet:
1453 587 1522 626 «Si
1555 587 1621 626 cui
1653 600 1782 627 venae
1815 589 1875 627 sic
1905 602 2075 630 moven-

303 660 388 701 tur,
420 655 455 694 is
488 655 611 694 habet
641 654 844 700 febrim»,
886 652 958 692 sed
997 652 1135 705 potius
1177 651 1250 690 illo
1283 649 1436 689 modo:
1483 651 1598 688 «Non
1631 650 1698 689 cui
1731 664 1862 690 venae
1894 651 1955 690 sic
1986 666 2074 692 mo-

303 723 464 764 ventur,
498 723 539 757 et
569 718 602 757 is
633 716 782 757 febrim
815 729 900 755 non
931 715 1095 754 habet.»
1145 714 1334 767 Itemque
1366 718 1598 765 geometres
1630 726 1714 751 non
1748 713 1804 752 ita
1837 712 1967 753 dicet:
2004 715 2075 755 «In

252 781 478 832 ⁴0sp'naera
510 779 677 819 maximi
712 780 834 818 orbes
866 777 989 818 medii
1022 778 1131 817 inter
1163 790 1206 816 se
1239 776 1522 822 dividuntur»,
1555 775 1627 814 sed
1659 776 1798 827 potius
1828 775 1900 815 illo
1925 777 2074 818 modo:

305 843 421 881 «Non
463 848 502 881 et
538 847 633 881 sunt
669 842 710 881 in
743 841 919 894 sphaera
959 840 1129 880 maximi
1162 839 1308 886 orbes,
1350 844 1391 877 et
1420 839 1448 877 ii
1480 851 1564 877 non
1598 837 1723 877 medii
1756 838 1865 877 inter
1895 852 1938 878 se
1971 840 2075 879 divi-

301 904 496 944 duntur.»
555 904 615 944 16.
649 905 761 953 Quid
795 910 857 944 est
889 903 1002 957 quod
1035 916 1118 942 non
1150 902 1283 956 possit
1314 901 1393 940 isto
1427 901 1549 940 modo
1583 914 1634 940 ex
1665 913 1825 940 conexo
1857 901 2073 942 transferri

301 967 351 1006 ad
385 967 728 1007 coniunctionum
761 967 1058 1020 negationem?
1109 966 1160 1004 Et
1184 963 1351 1017 quidem
1376 962 1469 1001 aliis
1492 962 1627 1002 modis
1651 963 1818 1002 easdem
1841 977 1905 1003 res
1929 965 2076 1005 efferre

300 1043 536 1082 possumus.
607 1029 730 1070 Modo
763 1030 873 1069 dixi:
920 1029 996 1067 «In
1031 1028 1210 1080 sphaera
1242 1025 1413 1064 maximi
1446 1025 1566 1064 orbes
1601 1026 1727 1065 medii
1760 1026 1866 1065 inter
1897 1040 1940 1066 se
1973 1026 2077 1067 divi-

250 1096 285 1125 ⁴5
301 1093 510 1140 duntur»,
551 1106 718 1145 possum
751 1093 911 1132 dicere:
959 1092 1025 1130 «Si
1058 1091 1100 1129 in
1132 1089 1308 1142 sphaera
1339 1087 1510 1126 maximi
1544 1088 1664 1127 orbes
1697 1094 1872 1137 erunt»,
1905 1103 2074 1142 possum

301 1157 467 1196 dicere:
522 1155 664 1202 «Quia
700 1155 742 1193 in
783 1155 957 1208 sphaera
998 1152 1166 1192 maximi
1209 1151 1331 1190 orbes
1372 1155 1533 1190 erunt.»
1615 1151 1745 1190 Multa
1785 1165 1937 1205 genera
1981 1157 2078 1193 sunt

301 1217 548 1259 enuntiandi
581 1231 658 1256 nec
690 1217 821 1256 ullum
855 1216 1071 1256 distortius
1104 1227 1229 1267 quam
1261 1212 1352 1260 hoc,
1386 1226 1470 1266 quo
1504 1212 1761 1267 Chrysippus
1794 1220 1934 1268 sperat
1956 1215 2077 1255 Chal·-

301 1281 429 1321 daeos
462 1286 679 1320 contentos
713 1280 949 1319 Stoicorum
983 1290 1107 1318 causa
1138 1276 1238 1316 fore.

412 1344 484 1383 IX.
519 1340 585 1383 ¹17.
618 1343 787 1382 Illorum
821 1348 959 1382 tamen
991 1354 1115 1380 nemo
1148 1340 1205 1378 ita
1237 1338 1448 1392 loquium
1480 1338 1613 1378 maius
1645 1344 1708 1378 est
1739 1340 1850 1379 enim
1881 1340 1956 1380 has
1979 1353 2078 1380 con-

250 1411 285 1439 20
300 1406 505 1447 tortiones
549 1406 747 1445 orationis
789 1418 913 1457 quam
947 1405 1162 1456 signorum
1195 1408 1308 1441 ortus
1342 1401 1564 1454 obitusque
1596 1402 1850 1455 perdiscere.
1913 1403 1992 1443 Sed
2025 1403 2077 1443 ad

300 1469 414 1509 illam
446 1469 618 1509 Diodori
651 1469 987 1513 contentionem,
1027 1478 1151 1519 quam
1184 1470 1279 1516 περὶ
1311 1466 1502 1503 δυνατῶν
1534 1463 1769 1516 appellant,
1810 1472 2076 1514 revertamur,

299 1533 342 1572 in
374 1545 456 1584 qua
489 1532 589 1584 quid
620 1531 757 1571 valeat
788 1531 828 1570 id
863 1530 975 1584 quod
1009 1527 1096 1568 sieri
1128 1528 1260 1581 possit
1291 1526 1540 1579 anquiritur.
1583 1526 1723 1565 Placet
1744 1527 1870 1579 igitur
1892 1529 2077 1568 Diodoro

299 1594 342 1633 id
374 1595 508 1634 solum
543 1594 627 1634 fieri
662 1608 808 1646 posse,
851 1593 965 1646 quod
1005 1598 1074 1631 aut
1112 1604 1254 1631 verum
1288 1590 1339 1628 sit
1370 1595 1443 1628 aut
1474 1603 1617 1628 verum
1650 1589 1832 1630 futurum
1867 1591 1931 1630 sit.
1993 1590 2078 1639 Qui

300 1657 415 1697 locus
448 1658 615 1710 attingit
646 1657 751 1696 hanc
784 1656 1101 1709 quaestionem:
1149 1652 1250 1692 nihil
1292 1650 1405 1699 fieri,
1447 1651 1558 1704 quod
1600 1666 1683 1692 non
1729 1667 1900 1693 necesse
1939 1653 2076 1701 fuerit,

249 1725 284 1752 25
301 1726 362 1760 et:
408 1720 611 1773 quidquid
645 1717 731 1758 fieri
765 1720 921 1772 possit,
954 1719 995 1757 id
1027 1722 1099 1756 aut
1125 1728 1216 1755 esse
1248 1715 1329 1754 iam
1362 1721 1433 1754 aut
1463 1715 1649 1755 futurum
1684 1729 1799 1763 esse,
1832 1729 1909 1755 nec
1944 1716 2075 1768 magis

300 1784 543 1822 commutari
576 1797 627 1822 ex
659 1783 766 1821 veris
799 1783 841 1821 in
874 1781 977 1821 falsa
1010 1792 1132 1833 posse
1165 1791 1225 1824 ea,
1259 1790 1366 1830 quae
1398 1777 1558 1824 futura,
1592 1791 1717 1831 quam
1741 1792 1802 1825 ea,
1836 1792 1945 1832 quae
1967 1778 2076 1819 facta

299 1852 417 1892 sunt,
450 1845 521 1884 sed
554 1845 595 1884 in
627 1844 744 1884 factis
776 1844 1140 1884 inmutabilitatem
1174 1853 1400 1894 apparere,
1433 1841 1475 1879 in
1498 1840 1648 1881 futuris
1671 1841 1941 1895 quibusdam,
1976 1841 2077 1894 quia

298 1921 383 1947 non
414 1913 607 1961 apparet,
650 1921 702 1946 ne
732 1908 870 1946 inesse
911 1906 1081 1959 quidem
1120 1904 1277 1944 videri:
1324 1907 1369 1941 ut
1406 1903 1447 1942 in
1485 1916 1534 1942 eo
1573 1904 1641 1956 qui
1676 1903 1889 1944 mortifero
1924 1903 2071 1943 morbo

299 1977 498 2023 urgeatur
530 1984 672 2010 verum
707 1971 783 2010 sit:
828 1969 938 2008 «Hic
971 1968 1170 2008 morietur
1202 1967 1281 2006 hoc
1314 1966 1519 2014 morbo»;
1560 1971 1602 2006 at
1638 1966 1715 2006 hoc
1756 1966 1867 2006 idem
1910 1966 1943 2006 si
1977 1980 2074 2006 vere

250 2037 286 2067 30
301 2034 462 2072 dicatur
492 2033 535 2072 in
568 2047 639 2079 eo,
672 2033 715 2072 in
748 2046 831 2086 quo
864 2033 925 2071 vis
957 2031 1089 2070 morbi
1121 2035 1234 2069 tanta
1267 2042 1348 2068 non
1383 2034 1601 2081 appareat,
1633 2029 1765 2069 nihilo
1798 2029 1935 2070 minus
1966 2029 2076 2069 futu-

300 2110 390 2136 rum
424 2096 491 2135 sit.
552 2097 612 2135 Ita
644 2094 686 2135 tit
718 2102 763 2135 ut
794 2095 1064 2135 commutatio
1099 2108 1151 2134 ex
1184 2106 1282 2133 vero
1316 2093 1357 2132 in
1389 2093 1540 2132 falsum
1579 2107 1630 2132 ne
1663 2094 1705 2132 in
1736 2092 1875 2132 futuro
1907 2092 2076 2145 quidem

300 2159 387 2198 ulla
419 2156 506 2198 fieri
539 2159 681 2211 possit.
732 2160 836 2197 Nam
862 2158 1086 2197 «Morietur
1109 2156 1272 2210 Scipio»
1308 2155 1433 2195 talem
1465 2156 1546 2195 vim
1581 2154 1723 2203 habet,
1757 2161 1799 2195 ut
1823 2168 2074 2208 quamquam

303 2220 354 2260 de
384 2220 524 2260 futuro
558 2220 724 2268 dicitur,
757 2227 896 2260 tamen
929 2226 973 2259 ut
1004 2219 1045 2259 id
1079 2232 1163 2257 non
1196 2218 1327 2271 possit
1358 2223 1603 2258 convertere
1637 2219 1679 2257 in
1712 2218 1886 2264 falsum3
1920 2218 1970 2257 de
2001 2217 2077 2256 ho-

303 2283 413 2322 mine
445 2283 556 2323 enim
589 2283 757 2329 dicitur,
791 2282 857 2321 cui
890 2295 1063 2321 necesse
1097 2285 1159 2320 est
1191 2280 1309 2319 mori.
1362 2277 1426 2319 slS.
1461 2280 1529 2320 Sic
1555 2281 1587 2320 si
1621 2281 1831 2321 diceretur
1854 2280 2077 2320 «Morietur

389 2502 419 2532 4.
448 2501 560 2532 dicant
586 2499 663 2531 cod.
692 2497 848 2538 Rebdig.:
878 2499 984 2529 (licent
1008 2499 1031 2529 C
1062 2516 1095 2519 —
1123 2499 1154 2529 ἱ).
1182 2501 1211 2529 et
1235 2498 1283 2528 his
1306 2499 1344 2529 B¹
1373 2515 1407 2520 —
1434 2498 1508 2537 ipsa
1531 2496 1602 2528 AV¹
1621 2514 1656 2519 —
1684 2496 1713 2528 3.
1733 2497 1865 2528 diorum
1888 2495 1926 2529 13¹
1953 2515 1986 2519 —
2014 2507 2077 2538 quo

298 2552 387 2592 facto
412 2552 435 2582 B
460 2569 502 2573 —
527 2550 557 2582 4.
584 2549 709 2580 chaldei
734 2551 760 2579 Α
789 2566 822 2569 -
860 2548 1034 2587 loquentur
1058 2548 1124 2585 BV,
1153 2548 1334 2587 loquuntur
1358 2548 1438 2580 cod.
1466 2547 1644 2579 Gudianus
1672 2565 1706 2569 —
1739 2548 1770 2579 5.
1797 2556 1874 2578 eum
1898 2556 2026 2579 eoneoea
2049 2548 2076 2579 V

304 2619 339 2623 —
366 2601 394 2632 6.
419 2604 555 2640 possunt
579 2598 617 2631 A¹
646 2616 680 2621 —
718 2599 748 2629 7.
772 2602 961 2638 perceptum
988 2599 1166 2637 llottinger
1194 2614 1227 2620 —
1263 2598 1292 2629 8.
1320 2598 1441 2637 febrem
1466 2598 1490 2628 Ο
1519 2615 1553 2619 -
1587 2606 1650 2627 non
1676 2598 1729 2628 cui
1754 2597 1953 2637 Hottinger,
1981 2597 2075 2637 quod

299 2652 395 2681 reete
428 2650 482 2681 ille
515 2649 659 2690 quidem
685 2650 877 2680 coniecisse
903 2648 987 2679 mihi
1012 2648 1168 2686 videtur,
1202 2650 1239 2679 ut
1263 2649 1394 2679 infinita
1419 2649 1462 2679 sit
1486 2647 1705 2678 coniunctio:
1734 2656 1800 2678 non
1823 2648 1852 2678 ei
1877 2647 1935 2678 CO
1969 2666 2004 2670 —
2043 2647 2072 2679 9.

297 2700 419 2739 febrem
443 2702 466 2731 Α
480 2701 535 2731 ΒΟ
565 2719 596 2721 -
634 2699 685 2731 40.
708 2700 758 2731 Μ.
780 2698 830 2730 14.
853 2699 904 2729 46.
923 2699 1041 2737 sphera
1065 2699 1088 2729 B
1118 2716 1150 2720 —
1192 2699 1241 2729 10.
1267 2698 1354 2729 orbis
1379 2706 1468 2729 corr.
1496 2698 1529 2728 in
1554 2697 1645 2728 orbes
1669 2697 1730 2728 BV
1757 2714 1791 2719 —
1827 2698 1878 2728 Μ.
1906 2698 1929 2728 ii
1953 2696 2004 2736 A¹‚
2031 2698 2076 2728 hii

300 2750 340 2781 A²
369 2767 400 2770 ——
434 2750 481 2780 12.
509 2750 595 2789 quod
620 2757 696 2789 sup.
718 2748 775 2779 lin.
796 2750 820 2779 A
848 2765 881 2769 -
912 2757 1062 2787 quoneoeo
1086 2748 1176 2778 A¹V¹
1204 2765 1239 2770 —
1275 2749 1325 2779 113.
1354 2748 1431 2780 fort.
1458 2747 1696 2778 coniurzelionis
1723 2764 1756 2769 —
1792 2747 1843 2779 44.
1871 2748 1967 2778 medii
1990 2748 2076 2779 inter

299 2809 394 2831 se--
413 2799 504 2830 orbes
527 2803 622 2830 erunt
647 2799 679 2829 in
705 2807 814 2838 marg.
844 2806 949 2829 manu
975 2798 1114 2837 antiqua
1141 2796 1254 2838 suppl.
1277 2798 1309 2829 in
1328 2801 1351 2829 Α
1377 2815 1412 2819 -
1442 2798 1492 2828 15.
1518 2797 1547 2828 εἰ
1570 2805 1638 2829 om.
1658 2797 1684 2827 V
1711 2814 1743 2818 —
1773 2797 1825 2828 46.
1853 2806 1920 2836 qua
1943 2796 1992 2835 B¹‚
2020 2797 2075 2836 qui

301 2850 391 2881 coni.
419 2850 535 2881 Bremi
563 2866 596 2870 -
629 2857 761 2887 possum
785 2848 891 2878 dicere
916 2848 994 2885 quia
1010 2864 1057 2870 --
1074 2848 1166 2878 orbes
1189 2850 1285 2878 erunt
1310 2856 1378 2879 om.
1399 2848 1426 2876 V
1461 2864 1494 2868 —
1537 2847 1588 2878 47.
1616 2847 1702 2886 quod
1726 2855 1818 2878 corr.
1846 2847 1878 2878 in
1896 2856 1958 2886 quo
1982 2848 2009 2879 A
2037 2863 2071 2870 -

302 2899 351 2929 48<
372 2902 569 2938 contemptos
586 2900 613 2928 V
634 2916 667 2921 -
696 2899 748 2929 ΞΟ.
768 2902 894 2929 *mortus
911 2898 948 2929 ss¹
967 2915 1001 2919 —
1030 2898 1083 2928 2¹.
1111 2906 1211 2936 quam
1236 2906 1313 2937 sup.
1333 2897 1390 2928 lin.
1410 2897 1439 2927 V
1459 2915 1493 2919 —
1521 2897 1666 2936 apellant
1683 2897 1735 2927 AB
1762 2914 1795 2918 —
1823 2898 1874 2928 22.
1894 2898 2075 2936 inquiritur

301 2948 426 2988 Erlang
458 2950 482 2980 O
510 2968 543 2971 —
578 2948 629 2981 24.
658 2950 745 2990 quod
769 2959 831 2979 non
858 2957 982 2980 necesse
1004 2949 1106 2988 fuerit
1129 2952 1157 2978 et
1182 2949 1338 2988 quicquid
1360 2948 1433 2988 fieri
1457 2948 1491 2978 in
1517 2956 1626 2986 marg.
1646 2955 1752 2978 manu
1777 2945 1833 2977 alt.
1853 2946 1965 2988 suppl.
1986 2948 2009 2978 B
2037 2964 2071 2970 --

301 3001 353 3031 25.
382 3000 537 3038 quicquid
563 3000 586 3031 C
627 3017 656 3022 —
700 3000 751 3030 96.
780 3008 817 3030 ea
837 3008 930 3038 posse
955 2999 979 3029 O
1017 3016 1050 3020 —
1089 2998 1206 3036 futura
1230 3000 1256 3029 Α
1273 2997 1310 3028 Β2
1325 2998 1367 3028 V:
1405 2998 1556 3037 futuram
1580 2997 1629 3033 B1,
1654 2997 1772 3037 futura
1795 3000 1869 3027 sunt
1893 2998 1917 3029 Ο
1950 3014 1983 3019 -
2019 2997 2072 3028 27.

303 3049 437 3087 quinon
456 3048 492 3079 A*
514 3066 547 3070 —
578 3049 629 3079 ⁴28.
649 3052 788 3088 apparet
813 3049 903 3079 coni.
924 3048 1102 3080 Davisius:
1130 3051 1309 3087 appareret
1327 3048 1364 3086 C,
1391 3050 1557 3087 apparent
1574 3046 1726 3086 Erlang,
1753 3050 1914 3086 appareat
1939 3047 2070 3081 Bremi;

303 3098 429 3129 modus
455 3098 660 3129 indicatixus
686 3102 844 3138 apparet,
879 3108 920 3129 ex
945 3107 1014 3138 quo
1038 3098 1136 3129 facile
1164 3098 1265 3129 codd.
1293 3097 1395 3128 lectio
1421 3098 1501 3128 oriri
1528 3098 1654 3137 potuit,
1689 3096 1817 3128 eodem
1848 3095 1970 3134 modo,
2004 3104 2072 3136 quo

303 3147 407 3189 paulo
432 3150 533 3178 antea
557 3149 650 3187 faeta
674 3153 766 3186 sant,
795 3150 927 3189 positus
952 3149 1092 3179 ridetur
1119 3166 1151 3169 —
1182 3148 1232 3179 29.
1253 3151 1437 3188 arguealar
1461 3147 1538 3178 A‘2V
1565 3164 1598 3169 —-
1626 3155 1743 3178 uerum
1766 3148 1807 3178 sit
1831 3147 1874 3178 C:
1904 3154 2020 3177 uerum
2044 3149 2073 3177 et

304 3198 496 3229 inmutabile
519 3199 560 3228 sic
591 3199 713 3229 Cicero
739 3201 797 3229 aut
820 3199 957 3239 scripsit
982 3200 1041 3229 aut
1065 3197 1222 3229 scribere
1248 3197 1370 3229 debuit
1410 3215 1442 3220 —-
1486 3197 1590 3228 adhoc
1614 3195 1700 3228 B¹V¹
1739 3212 1774 3218 —
1816 3195 1868 3227 30.
1893 3196 2072 3235 futurumst

305 3247 405 3281 Halm
432 3265 466 3269 —
503 3247 555 3280 33.
582 3249 704 3280 dicitur
730 3249 752 3280 C
781 3248 853 3289 (sed
878 3249 908 3280 ei
931 3257 1008 3290 sup.
1028 3247 1084 3280 lin.
1105 3248 1137 3279 in
1156 3251 1211 3289 A):
1239 3248 1371 3279 dicatur
1397 3247 1538 3280 Ursinus
1554 3248 1598 3287 O,
1625 3247 1751 3279 dicetur
1774 3246 1984 3288 stephanus.

2176 0 2183 41 .—

2236 1216 2243 1252 ΛΠ
2234 1161 2243 1199 μ.
2234 1040 2244 1136 -Α-ι-
2234 847 2245 1020 „masada
