2249 3624
496 145 583 185 Lm.
615 144 645 183 1.
688 143 788 184 cip.
819 142 1207 183 xxvili-xxx.
1246 139 1305 194 §g
1336 137 1529 181 68-73.
1816 137 1891 179 ⁶234

131 252 196 292 vel
228 249 420 297 effector,
451 251 483 289 si
515 250 618 289 haec
650 255 745 289 nata
773 255 887 296 sunt,
920 255 966 289 ut
989 249 1146 288 Platoni
1171 248 1357 295 videtur,
1390 247 1454 286 vel
1476 247 1509 286 si
1533 260 1697 300 semper
1719 244 1901 292 suerunt,

132 321 177 355 ut
207 314 421 356 Aristoteli
456 314 602 366 placet,
634 312 874 352 moderator
906 313 1004 352 tanti
1037 312 1177 364 operis
1209 317 1247 350 et
1281 310 1495 350 muneris?
1528 310 1595 349 Sic
1619 314 1798 348 mentem
1828 309 1902 347 lio-

132 377 274 423 minis,
320 375 506 429 quamvis
539 389 629 414 cam
662 390 743 414 non
777 375 939 421 videas,
984 381 1027 414 ut
1059 374 1181 413 deum
1215 388 1296 413 non
1330 373 1468 419 vides,
1514 378 1670 419 tamen,
1702 378 1747 411 ut
1779 372 1903 410 deum

131 438 352 488 adgnoscis
384 451 434 476 ex
467 438 662 490 operibus
685 440 787 484 eius,
821 439 878 476 sie
898 452 948 476 ex
975 438 1173 476 memoria
1201 450 1335 476 rerum
1360 442 1399 474 et
1428 435 1672 475 inventione
1695 440 1736 474 et
1758 433 1904 472 celeri-

132 506 214 539 tate
241 506 374 538 motus
397 501 593 552 omnique
620 500 933 552 pulchritudine
957 500 1133 543 virtutis,
1158 500 1237 538 vini
1261 499 1444 537 divinam
1470 498 1618 536 inentis
1641 496 1903 549 adguoscito.
1919 505 1936 532 5

244 562 398 600 xxix.
443 563 487 600 ln
531 576 613 614 quo
653 563 779 613 igitur
819 563 909 601 loco
952 564 1043 600 est?
1088 562 1219 600 Credo
1253 561 1447 614 equidem
1488 561 1528 599 in
1562 560 1718 612 capite,
1762 563 1803 597 et
1833 571 1905 596 cur

130 624 293 663 credam
331 623 496 662 adferre
537 637 722 675 possum.
784 624 863 662 Sed
906 624 1007 662 alias
1041 624 1107 662 ubi
1142 623 1193 662 sit
1226 623 1411 668 animus;
1445 629 1555 661 certe
1591 621 1760 675 quidem
1794 621 1834 659 in
1869 625 1906 658 te

131 692 204 726 est.
256 686 374 732 Quae
407 691 469 723 est
501 685 537 723 ei
572 688 747 724 natura?
791 686 986 737 Propria,
1031 691 1150 736 puto,
1194 693 1233 725 et
1265 701 1352 725 sua.
1405 685 1484 724 sod
1519 686 1582 725 sac
1615 686 1801 735 igneam,
1844 684 1908 723 sac

130 746 394 801 spirabilem:
437 747 539 785 nihil
582 745 631 786 ad
676 748 735 794 id,
781 748 831 786 de
864 762 946 798 quo
979 748 1151 797 agimus.
1202 749 1311 787 lllud
1346 750 1469 787 niodo
1504 748 1667 794 videto,
1707 753 1751 786 ut
1783 746 1907 785 deum

130 810 264 855 noris,
297 809 373 847 etsi
407 809 496 848 eius
531 810 697 860 ignores
730 816 769 848 et
802 809 938 848 locuni
972 815 1011 848 et
1034 809 1202 856 facicm,
1235 811 1292 849 sic
1315 811 1500 850 animuin
1525 811 1596 849 tibi
1625 817 1738 849 tuum
1766 814 1959 847 notumlo

130 886 220 913 esse
252 877 471 923 oportere,
505 872 627 911 etiam
661 874 693 911 si
726 872 892 922 ignores
917 877 956 910 ct
988 872 1125 910 locuni
1149 879 1187 911 et
1220 871 1408 911 sormam.
1460 869 1526 911 7l.
1551 873 1594 911 ln
1619 872 1746 911 animi
1770 876 1907 909 autem

130 934 367 985 cognitione
401 934 591 973 dubitare
625 948 706 972 non
741 947 982 986 possumuS,
1018 934 1094 972 nisi
1124 934 1246 986 plane
1274 935 1313 973 in
1338 935 1521 987 pliysicis
1546 934 1729 988 plumbei
1753 946 1910 978 sumuS,

131 997 231 1051 quin
264 997 365 1036 nihil
399 998 451 1037 sit
482 997 631 1036 animis
663 997 917 1043 admixtum,
951 997 1053 1036 nihil
1083 1002 1346 1043 concretum,
1380 998 1483 1036 nihil
1508 998 1771 1050 copulatum,
1803 994 1910 1034 niliil

131 1065 489 1111 coagmentatum,
528 1060 632 1098 nihil
673 1060 841 1112 duplex.
895 1060 1020 1107 Quod
1054 1074 1146 1098 cum
1186 1060 1240 1098 ita
1273 1060 1345 1106 sit,
1391 1066 1502 1099 certe
1534 1074 1609 1099 nee
1642 1060 1801 1098 secerni
1836 1071 1911 1096 nec

132 1122 261 1162 dividi
302 1136 375 1161 nec
414 1122 596 1174 discerpi
638 1136 713 1161 nec
746 1122 921 1162 distrahi
968 1127 1125 1175 potest,
1163 1136 1213 1160 ne
1248 1122 1420 1161 interire
1454 1124 1608 1174 quidem
1646 1123 1786 1166 initur.
1838 1122 1961 1159 Este}

131 1187 240 1226 enim
281 1185 472 1224 interitus
516 1185 634 1238 quasi
675 1185 885 1224 discessus
919 1192 957 1225 et
991 1186 1166 1224 secretio
1198 1200 1244 1225 ac
1277 1186 1509 1239 diremptus
1541 1200 1682 1226 carum
1716 1185 1910 1237 partium,

131 1262 235 1303 quae
267 1254 362 1287 ante
396 1247 611 1286 interitum
644 1247 942 1286 coniunctione
975 1248 1117 1300 aliqua
1150 1248 1412 1288 tenebantur.

243 1311 318 1350 His
350 1316 391 1349 et
421 1310 576 1349 talibus
611 1310 844 1349 rationibus
881 1308 1085 1348 adductus
1119 1311 1310 1349 Socrates
1342 1322 1419 1349 nec
1450 1315 1669 1362 patronum
1703 1307 1913 1361 quaesivit

131 1374 183 1414 ad
214 1372 415 1412 iudicium
448 1372 594 1424 capitis
627 1385 702 1410 nec
733 1370 940 1411 iudicibus
972 1372 1153 1424 supplex
1193 1373 1272 1412 suit
1302 1373 1577 1426 adhibuitque
1610 1373 1781 1412 liberam
1814 1384 1912 1410 con-

132 1436 352 1476 tumaciam
388 1448 409 1474 a
443 1434 725 1485 magnitudine
757 1434 882 1473 animi
915 1433 1098 1480 ductam,
1131 1448 1216 1473 non
1248 1448 1271 1474 a
1302 1435 1521 1487 superbia,
1555 1439 1596 1474 et
1625 1446 1822 1487 supremo
1852 1432 1962 1471 vi-Qo

132 1506 196 1539 tae
229 1498 295 1537 die
329 1497 379 1535 dc
410 1497 490 1535 hoc
522 1497 614 1548 ipso
648 1496 777 1535 multa
810 1495 1030 1542 dissei-uit,
1075 1502 1115 1536 et
1147 1498 1292 1550 paucis
1325 1504 1420 1537 ante
1453 1498 1623 1544 diebus,
1666 1509 1758 1536 cum
1790 1493 1911 1533 facile

132 1565 274 1614 posset
305 1558 427 1598 educi
459 1573 480 1597 e
514 1558 721 1605 custodia,
765 1558 919 1605 noluit,
953 1564 992 1598 et
1024 1565 1108 1598 tum
1142 1573 1274 1612 paene
1307 1560 1347 1598 in
1381 1573 1504 1599 manu
1540 1560 1620 1598 iam
1653 1556 1910 1597 mortiferum

132 1622 235 1663 illud
280 1627 426 1661 tenens
468 1620 663 1673 poculum
695 1621 860 1660 locutus
897 1621 952 1659 ita
985 1627 1066 1667 est,
1110 1626 1154 1660 ut
1184 1635 1268 1661 non
1300 1622 1350 1661 ad
1384 1627 1558 1661 mortem
1593 1619 1725 1666 trudi,
1767 1631 1911 1657 verum

133 1687 173 1724 in
209 1685 367 1723 caelum
401 1683 612 1722 videretur
644 1682 886 1721 escendere.
947 1683 1081 1725 XXX.
1112 1681 1178 1722 79.
1212 1683 1270 1723 lta
1302 1684 1412 1723 enim
1436 1684 1633 1723 censebat
1663 1682 1805 1734 itaque
1829 1679 1913 1718 dis-

133 1746 280 1792 seruit,
314 1746 417 1785 duas
452 1758 542 1784 esse
577 1745 661 1784 vias
695 1745 973 1798 duplicesque
1006 1759 1152 1785 cursus
1184 1747 1418 1786 animorum
1451 1760 1472 1785 e
1505 1758 1683 1798 corpore
1706 1743 1911 1785 exceden-
1926 1755 1963 1783 25

134 1810 250 1849 tium.
303 1811 403 1848 Nam
437 1809 508 1859 qui
541 1822 585 1847 se
617 1808 811 1846 humanis
843 1808 953 1846 vitiis
983 1808 1383 1847 contaminavissent
1405 1813 1444 1847 et
1466 1821 1509 1847 se
1534 1812 1640 1847 totos
1667 1804 1912 1846 libidinibus

133 1872 372 1918 dedissent,
405 1870 556 1924 quibus
589 1871 744 1909 caecati
777 1869 841 1908 vel
875 1869 1114 1908 domesticis
1148 1870 1256 1909 vitiis
1289 1876 1413 1923 atque
1445 1868 1610 1921 flagitiis
1643 1883 1686 1909 se
1718 1867 1914 1921 inquina-

135 1935 292 1973 vissent
334 1933 397 1972 vel
445 1947 486 1971 re
530 1933 698 1985 publica
740 1932 937 1971 violanda
976 1931 1145 1970 fraudes
1187 1933 1464 1985 inexpiabiles
1503 1932 1820 1985 concepissent,
1862 1931 1912 1970 iis

136 1997 303 2036 devium
338 1994 549 2048 quoddam
583 1995 661 2034 iter
693 2008 806 2041 esse,
847 1993 1054 2032 seclusum
1088 2006 1110 2032 a
1143 1994 1322 2033 concilio
1356 1995 1552 2033 deorum:
1596 1994 1667 2047 qui
1698 2000 1836 2034 autem
1869 2007 1912 2033 se

138 2059 324 2111 integros
357 2063 579 2110 castosque
623 2057 918 2101 servavissent,
952 2055 1193 2108 quibusque
1223 2056 1373 2096 fuisset
1404 2057 1575 2095 minima
1607 2070 1697 2096 cum
1730 2058 1963 2110 corpori-30

134 2122 211 2160 bus
243 2121 437 2171 contagio
470 2133 649 2172 seseque
681 2120 732 2158 ab
764 2120 812 2158 iis
845 2132 1012 2170 semper
1051 2120 1363 2158 sevocavissent
1397 2124 1623 2172 essentque
1654 2119 1696 2157 in
1729 2120 1914 2172 corpori-
1953 2112 1957 2120 ¹

137 2184 211 2223 bus
244 2182 438 2221 humanis
469 2183 595 2221 vitam
629 2182 776 2220 imitati
810 2181 1007 2229 deorum,
1041 2183 1091 2222 iis
1113 2183 1163 2222 ad
1192 2184 1311 2230 illos,
1344 2197 1366 2222 a
1389 2184 1540 2236 quibus
1564 2188 1705 2222 essent
1725 2181 1913 2234 profecti,

134 2247 313 2286 reditum
345 2245 509 2284 facilem
544 2251 697 2297 patere.
757 2242 823 2282 73.
859 2245 1001 2296 Itaque
1025 2251 1346 2292 commemorat,
1380 2251 1424 2284 ut
1446 2246 1590 2297 cygni,
1623 2246 1802 2297 quinon
1823 2243 1912 2283 sine

134 2322 259 2348 causa
289 2307 474 2361 Apollini
507 2307 633 2346 dicati
665 2308 769 2352 sint,
812 2307 884 2345 sed
918 2307 1030 2360 quod
1063 2307 1113 2346 ab
1146 2321 1195 2346 eo
1227 2308 1527 2347 divinationem
1557 2308 1712 2347 habere
1744 2307 1913 2346 videan-

136 2377 218 2417 tur,
251 2383 333 2423 qua
366 2369 632 2422 providentes
664 2370 763 2422 quid
797 2370 838 2408 in
870 2376 1002 2409 morte
1035 2370 1132 2409 boni
1165 2371 1217 2409 sit
1247 2385 1340 2410 cum
1373 2376 1496 2410 cantu
1529 2376 1568 2409 et
1589 2370 1803 2422 voluptate
1825 2382 1913 2409 mo-
1926 2377 1962 2406 35

201 2517 231 2547 3.
250 2526 313 2547 non
332 2517 447 2547 uideas
461 2521 495 2546 u!
513 2518 608 2547 (lemn
623 2517 655 2547 in
674 2517 741 2547 ima
762 2525 869 2556 marg.
891 2517 968 2547 ead.
990 2527 1034 2548 m.
1052 2517 1169 2548 addita
1187 2516 1293 2548 habet
1308 2519 1333 2548 G
1351 2535 1383 2538 ‡—
1401 2518 1431 2548 5.
1453 2518 1628 2556 omniaque
1646 2517 1698 2547 GR
1715 2533 1749 2538 —
1767 2516 1798 2547 7.
1814 2516 1912 2547 alias:

136 2578 221 2599 nunc
246 2568 357 2598 ubiubi
379 2568 419 2597 sic
437 2568 461 2598 O
483 2585 517 2589 -
538 2568 556 2598 8
589 2567 627 2607 ei]
653 2571 681 2597 ec
700 2569 723 2598 C
744 2585 777 2588 —
800 2569 850 2598 45.
870 2577 910 2598 ne
935 2568 1068 2598 mlvi-irc
1085 2569 1215 2606 quidem
1234 2567 1387 2607 Madvig:
1415 2576 1454 2598 ne
1476 2568 1612 2597 interire
1629 2568 1671 2602 (:;
1698 2576 1755 2597 nec
1779 2567 1914 2597 interire

137 2620 162 2649 Ο
179 2636 211 2639 —-
239 2619 284 2648 16.
304 2617 451 2656 direptus
469 2620 492 2647 (j
504 2618 527 2648 R
546 2635 576 2638 -
595 2617 633 2647 ’Π
665 2617 892 2648 coniunclionc
908 2616 1063 2656 Madvig:
1084 2618 1247 2647 iunctione
1265 2617 1324 2647 (ᾼΟ
1342 2635 1376 2638 -
1398 2618 1449 2647 18.
1469 2618 1609 2647 “fluctus
1626 2617 1693 2646 Gtil
1715 2633 1749 2637 —
1772 2616 1823 2646 22.
1843 2618 1912 2646 cum

134 2676 238 2706 paene
254 2684 270 2689 ·
284 2685 300 2688 -
318 2671 426 2697 tenens
451 2668 474 2697 G
492 2667 532 2697 R:
560 2675 634 2696 cum
654 2676 761 2705 paene
777 2685 793 2689 -
809 2685 825 2689 -
843 2671 951 2697 lenens
976 2668 998 2697 Β
1015 2677 1020 2699 ;
1047 2676 1120 2696 cion
1142 2675 1248 2705 poene
1266 2684 1282 2688 -
1296 2684 1312 2688 -
1331 2669 1452 2696 teneret
1477 2668 1512 2697 O.
1542 2668 1621 2702 (lum
1639 2664 1782 2697 seclusit
1806 2665 1914 2704 Treg-

137 2717 264 2753 derus3
291 2716 353 2747 sed
379 2726 411 2747 v.
435 2716 607 2747 Helinium
633 2717 677 2747 ad
703 2717 774 2747 Cic.
803 2726 823 2757 p
857 2716 947 2747 Sulla
975 2717 1030 2748 ed.
1060 2717 1149 2756 Lips.
1170 2726 1200 2746 a.
1224 2715 1317 2747 1845.
1339 2725 1371 2756 p.
1393 2716 1459 2754 73,)
1487 2733 1521 2736 —
1550 2716 1602 2746 24.
1629 2714 1802 2745 ascendere
1825 2714 1848 2744 B
1878 2731 1910 2735 —

138 2768 189 2797 ⁶26.
211 2770 275 2796 lom
293 2769 337 2801 (ὶ;
365 2770 411 2797 loc
428 2767 451 2797 B
474 2785 506 2788 -
531 2767 580 2796 27.
599 2767 793 2797 dedidissent
811 2770 875 2797 t)—
895 2766 945 2796 cel
963 2764 1125 2804 Bentley:
1152 2765 1239 2796 uelut
1259 2766 1281 2795 C
1302 2783 1335 2786 —
1356 2765 1574 2803 «Tregderus
1593 2773 1632 2795 ex
1651 2762 1915 2803 wyttenbachii

139 2817 227 2847 coni.
253 2815 342 2846 viliis
373 2821 472 2854 atque
503 2817 600 2848 uncis
627 2815 780 2851 inclusit,
809 2815 902 2855 quod
930 2816 1086 2854 ineptum
1112 2814 1179 2845 sibi
1205 2813 1384 2845 videretur
1408 2814 1536 2854 repeti,
1564 2814 1656 2854 quod
1683 2815 1752 2844 iam
1777 2814 1811 2844 in
1836 2813 1915 2843 uni-

138 2874 280 2896 versum
307 2865 439 2896 dictum
464 2868 577 2896 essct:
611 2866 666 2904 qui
691 2874 723 2896 se
746 2865 900 2895 humanis
929 2865 1053 2895 vitiis
1084 2864 1407 2895 contaminavissent.
1448 2866 1508 2899 At,
1543 2865 1709 2904 quoniam
1741 2862 1914 2903 generalis

139 2914 193 2945 illa
217 2915 389 2945 sententia
416 2916 474 2951 iis,
503 2924 593 2954 quae
619 2917 816 2954 sequuntur
836 2915 877 2954 (et
894 2924 926 2944 se
942 2931 989 2936 —-
1006 2913 1256 2953 concepissent),
1284 2912 1477 2953 explicatur
1494 2916 1527 2944 et
1544 2913 1721 2950 dividitur,
1749 2911 1830 2943 nihil
1849 2914 1913 2949 est,

140 2973 202 2995 cur
227 2965 350 2995 Cicero
376 2973 443 2994 non
471 2965 621 3004 potuerit
647 2966 798 3004 priorem
827 2966 961 3005 partem
987 2964 1208 2994 humanorum
1226 2964 1379 2993 viliorum
1403 2972 1524 2995 rursus
1550 2965 1704 3004 partiens
1729 2962 1858 2994 leviora
1876 2970 1916 2991 ac

140 3015 247 3044 vuinus
280 3015 393 3052 tio-pia
426 3015 477 3052 [ut
509 3015 708 3047 axaritiam,
744 3013 934 3050 luxuriam,
970 3012 1028 3051 al)
1060 3023 1077 3043 a
1108 3013 1247 3053 staffiliis
1271 3012 1486 3052 distinguere
1513 3013 1566 3052 (cf.
1594 3013 1773 3053 geminum
1799 3011 1914 3042 locum

144 3062 395 3094 Consolationis
422 3072 454 3102 p.
475 3063 536 3094 490
562 3064 615 3094 ed.
636 3063 738 3094 orell.
765 3065 855 3094 uitiis
880 3067 908 3094 el
931 3062 1101 3093 sceleribus
1125 3064 1379 3102 contaminatos)
1405 3065 1509 3102 atque
1533 3064 1691 3094 vitiorum
1716 3062 1856 3093 nomine
1883 3061 1914 3090 in

143 3113 322 3151 angustius
348 3114 526 3143 contracto
552 3111 738 3151 appellare.
776 3113 825 3143 Ct'.
856 3114 924 3144 ΗΠ.
953 3114 992 3150 ΙΙ,
1019 3113 1058 3143 93
1090 3114 1123 3143 ιή
1153 3113 1319 3152 flagitiosa
1348 3116 1446 3151 atque
1468 3114 1587 3144 vitiosa
1609 3114 1691 3144 vita.
1733 3114 1914 3149 Quaenam

144 3160 285 3192 librario
311 3162 474 3200 cuiquam
494 3160 546 3191 vel
565 3170 668 3192 causa
696 3161 927 3201 interpolandi
947 3162 1000 3192 vel
1019 3162 1157 3193 errandi
1176 3162 1314 3193 occasio
1333 3161 1445 3199 fuerit.
1465 3162 1605 3203 intelligi
1623 3164 1676 3193 vix
1695 3163 1843 3203 potest.»
1859 3161 1912 3191 W.

148 3228 183 3232 -
210 3210 262 3241 28.
289 3211 525 3249 concoepissent
557 3212 579 3240 G
598 3211 620 3240 n
657 3229 690 3232 —
723 3211 772 3241 his
797 3212 820 3242 C
851 3230 884 3234 —-
918 3212 970 3242 3⁴.
997 3211 1038 3241 ab
1061 3212 1110 3241 his
1135 3212 1197 3241 (ΖΟ
1225 3227 1258 3231 -
1293 3215 1494 3242 serocassenl
1518 3212 1542 3242 O
1569 3229 1604 3233 —
1632 3211 1684 3242 32.
1712 3211 1760 3241 his
1785 3210 1808 3241 C
1825 3210 1849 3239 Ο
1877 3226 1911 3230 -

147 3259 198 3291 35.
218 3261 294 3301 qua]
313 3261 409 3300 quasi
427 3260 608 3298 Davisius3
636 3259 702 3291 del.
723 3260 938 3292 Scliuetzius.
965 3261 1034 3292 Sed
1054 3263 1150 3293 recte
1168 3261 1433 3293 Schoemannus
1451 3262 1578 3303 Opusc.
1597 3261 1703 3293 Acad.
1723 3260 1767 3291 111
1782 3268 1816 3300 p.
1832 3258 1911 3290 350:
