2249 3624
896 138 966 178 DE
998 139 1152 180 FATO.
1828 145 1909 186 583

150 243 312 283 deditus
343 240 487 281 eadem
520 242 817 283 constitutione
849 251 1055 284 astrorum
1087 252 1206 285 natos
1239 247 1469 301 eademque
1501 255 1723 302 conceptos
1746 251 1909 292 solebat

149 317 346 346 asserere.
388 304 448 342 lta
480 303 593 355 quod
629 305 814 344 medicus
848 307 1053 358 pertinere
1085 308 1280 347 credebat
1311 310 1360 348 ad
1385 310 1639 350 simillimam
1664 314 1906 365 temperiem

148 360 416 405 valetudinis,
457 358 534 398 hoc
572 360 848 413 philosophus
880 363 1114 415 astrologus
1146 366 1196 403 ad
1230 365 1310 403 vim
1343 367 1766 420 constitutionemque
1797 368 1907 408 side-

146 437 257 469 rum,
289 434 394 474 quae
425 420 560 461 suerat
591 436 674 475 qno
708 430 893 476 tempore
925 426 1111 478 concepti
1145 426 1313 479 natique
1346 433 1451 466 sunt.

257 483 295 524 5.
327 484 560 524 Macrobius
584 485 788 525 Saturnal.
813 486 886 532 ΙΙΙ,
906 484 975 533 «lo,
995 486 1040 525 23:
1074 489 1128 526 E!
1150 502 1194 527 ne
1226 489 1344 526 vilior
1375 490 1425 528 sit
1455 491 1562 528 testis
1586 500 1712 542 poeta,
1744 495 1939 545 accipitets

144 547 342 588 adsertore
372 546 577 592 Cicerone,
612 548 652 585 in
683 561 758 598 quo
788 549 935 587 honore
960 550 1083 600 suerit
1113 551 1176 589 hic
1201 550 1326 601 piscis
1355 551 1460 602 opud
1489 552 1532 590 Ι).
1555 552 1776 604 Scipionem
1798 557 1906 607 Afri-

144 621 283 649 canum
314 607 425 646 illum
455 614 490 647 et
511 609 811 649 A'umancinmn.
857 612 965 649 Ilaec
995 618 1084 649 sunt
1116 613 1153 650 in
1185 613 1341 664 dialoqo
1371 614 1415 651 de
1431 614 1516 664 salo
1550 616 1661 654 rerba
1685 617 1907 656 Ciceronis:

143 673 243 712 Nam
276 683 369 708 cum
401 662 511 710 esset
548 670 659 723 apud
700 685 743 711 se
783 673 833 711 ad
867 674 1113 712 Lavernium
1149 674 1284 726 Scipio
1317 688 1481 727 unaque
1514 677 1705 724 Pontius,
1745 680 1908 718 adlatus

144 738 205 773 est
234 731 340 771 forte
372 731 555 785 Scipioni
588 733 850 786 accipenser,
884 735 955 787 qui
987 735 1209 775 admodum
1243 750 1334 775 raro
1367 737 1549 789 capitur,
1582 739 1653 777 scd
1686 747 1747 779 est
1768 742 1907 793 piscis,

143 802 187 835 ut
214 794 364 840 ferunt,
394 794 434 833 in
468 795 610 847 primis
643 796 808 835 nobilis.
857 796 959 836 Cum
991 803 1129 837 autem
1154 798 1294 851 Scipio
1326 812 1451 838 unum
1486 806 1525 838 et
1555 800 1729 841 alterum
1762 817 1812 842 ex
1843 804 1906 851 iis,
1921 812 1957 840 ⁴0

143 857 212 911 qui
257 870 349 895 eum
391 856 613 897 salutatum
654 865 878 905 venerant,
926 860 1187 899 invitavisset
1230 860 1452 914 pluresque
1495 863 1616 902 etiam
1659 864 1906 904 invitaturus

143 919 373 966 videretur,
404 920 445 958 in
477 932 619 958 aurem
646 920 838 959 Pontius:
872 921 1036 975 Scipio,
1070 922 1225 975 inquit,
1259 924 1350 962 vide
1383 924 1483 977 quid
1516 938 1635 977 agas:
1667 927 1908 981 accipenser

143 982 218 1021 iste
250 994 476 1034 paucorum
507 981 724 1022 hominum
756 989 832 1022 est.

226 1129 255 1159 7.
283 1128 414 1168 dialoqo
438 1129 475 1159 de
497 1128 579 1169 sato]
606 1128 733 1160 librum
759 1129 803 1160 de
829 1130 897 1161 sato
923 1129 1140 1169 dialogorum
1167 1132 1198 1162 in
1226 1140 1412 1164 numerum
1433 1134 1555 1165 Cicero
1581 1135 1724 1175 quidem
1751 1144 1818 1167 non
1836 1139 1907 1168 ret-

142 1177 233 1214 tulit;
267 1177 359 1209 unde
386 1179 505 1209 nescio
530 1187 574 1209 an
599 1178 797 1210 Macrobius
823 1180 855 1211 in
880 1179 968 1211 libro
994 1179 1168 1212 laudando
1194 1182 1364 1213 memoria
1390 1182 1507 1223 lapsus
1532 1184 1585 1215 sit.
