2249 3624
332 148 413 192 1182
720 157 791 195 DE
821 155 1029 196 FINIBUS
1061 156 1323 197 BONORUM
1352 157 1421 196 ET
1452 155 1719 197 MALORUM

332 268 457 308 etiam
500 270 535 309 si
577 269 681 309 nihil
721 281 1050 322 consequamur,
1092 273 1232 309 tamen
1274 269 1410 322 ipsum
1442 267 1548 307 illud
1580 269 1800 309 consilium
1830 270 1888 310 ita
1916 270 2099 311 faciendi

330 344 405 384 per
442 345 486 371 se
523 331 805 384 expetendum
837 336 878 370 et
913 331 1137 371 honestum
1168 337 1209 372 et
1239 332 1375 371 solum
1406 331 1564 371 bonum
1595 332 1667 379 sit,
1707 345 1829 372 nemo
1862 333 1981 373 dixit.
2038 335 2099 373 Ne

330 393 572 433 vitationem
604 392 774 446 quidem
807 393 965 432 doloris
1004 394 1137 446 ipsam
1177 407 1253 446 per
1294 407 1337 433 se
1371 393 1594 446 quisquam
1625 394 1667 433 in
1698 394 1821 434 rebus
1854 395 2101 447 expetendis

329 455 513 507 putavit,
546 456 626 494 nisi
657 456 781 494 etiam
813 456 968 495 evitare
999 461 1154 509 posset.
1205 457 1257 495 At
1278 469 1377 495 vero
1404 454 1543 495 facere
1566 456 1724 504 omnia,
1755 462 1802 496 ut
1822 457 2104 510 adipiscamur

299 526 436 569 5quae
475 517 704 556 secundum
747 522 938 557 naturam
969 519 1074 565 sint,
1116 519 1241 558 etiam
1273 518 1307 557 si
1339 531 1386 557 ea
1416 530 1502 557 non
1535 531 1828 571 assequamur,
1865 519 1909 558 id
1940 533 2033 559 esse
2064 524 2105 559 61

328 578 552 618 honestum
585 584 626 618 et
657 579 791 618 solum
825 592 899 631 per
929 593 973 619 se
1006 581 1289 633 expetendum
1323 585 1365 620 et
1395 579 1533 619 solum
1564 580 1721 620 bonum
1754 581 1883 622 Stoici
1915 580 2075 620 dicunt.

440 641 549 680 VIII.
582 638 648 681 21.
693 642 776 681 Sex
814 642 941 694 igitur
979 642 1058 682 1136
1091 649 1190 683 511111
1221 643 1430 696 simplices
1463 643 1514 682 de
1546 655 1707 682 summa
1737 643 1944 684 bonorum
1975 643 2105 684 malo-

328 716 506 756 rumque
539 704 794 751 sententiae,
835 704 940 744 duae
973 705 1063 744 sine
1095 712 1296 758 patrono,
1329 710 1527 758 quattuor
1559 704 1769 746 defensae.
1828 707 2000 746 Iunctae
2032 718 2104 745 au-

328 771 412 805 tem
443 770 484 805 et
515 764 704 818 duplices
736 767 1026 819 expositiones
1059 768 1210 807 summi
1240 767 1340 806 boni
1371 772 1454 806 tres
1478 768 1651 807 omnino
1682 767 1874 815 fuerunt,
1905 780 1982 807 nec
2003 780 2102 806 vero

282 837 315 864 10
329 827 492 880 plures,
525 827 560 866 si
590 827 758 881 penitus
790 842 931 868 rerum
962 835 1153 869 naturam
1185 829 1349 875 videas,
1383 842 1475 869 esse
1507 836 1746 882 potuerunt.
1797 831 1902 870 Nam
1933 834 2005 869 aut
2032 843 2105 869 vo-

329 889 470 942 luptas
501 888 672 942 adiungi
704 896 842 943 potest
872 891 923 931 ad
954 891 1239 937 honestatem,
1271 897 1315 931 ut
1349 891 1605 944 Calliphonti
1637 892 1985 946 Dinomachoque
2015 892 2105 945 pla-

331 951 435 998 cuit,
467 956 539 991 aut
569 952 727 991 doloris
759 954 964 1001 vacuitas,
1006 960 1050 994 ut
1081 954 1287 1000 Diodoro,
1331 958 1402 993 aut
1432 954 1567 1007 prima
1598 960 1790 1001 naturae,
1830 960 1877 993 ut
1906 954 2105 1007 antiquis,

331 1027 434 1066 quos
466 1013 637 1053 eosdem
666 1015 941 1055 Academicos
974 1022 1014 1056 et
1045 1016 1343 1069 Peripateticos
1365 1016 1644 1056 nominamus.
1692 1016 1775 1056 Sed
1798 1017 1998 1069 quoniam
2020 1030 2105 1055 non

331 1080 510 1127 possunt
540 1077 681 1116 omnia
712 1077 835 1116 simul
868 1077 966 1125 dici,
996 1078 1099 1117 haec
1132 1078 1174 1116 in
1207 1079 1443 1130 praesentia
1474 1084 1575 1118 nota
1605 1091 1697 1118 esse
1720 1078 1955 1125 debebunt,
1986 1078 2106 1118 volu-

282 1150 316 1177 15
330 1143 489 1190 ptatem
519 1139 815 1179 semovendam
848 1154 957 1187 esse,
991 1140 1159 1193 quando
1181 1140 1233 1180 ad
1264 1141 1419 1180 maiora
1442 1140 1671 1193 quaedam,
1702 1147 1748 1180 ut
1769 1141 1851 1181 iam
1873 1140 2105 1193 apparebit,

331 1201 417 1239 nati
449 1214 608 1241 sumus.
663 1202 723 1241 De
753 1203 960 1242 vacuitate
993 1202 1151 1243 doloris
1184 1202 1329 1243 eadem
1361 1202 1448 1242 fere
1480 1203 1561 1242 dici
1593 1202 1731 1242 solent
1763 1216 1872 1256 quae
1904 1203 1956 1243 de
1986 1203 2104 1243 volu-

330 1266 458 1315 ptate.
518 1260 586 1303 22.
618 1265 702 1304 Nec
733 1278 831 1304 vero
864 1265 946 1305 alia
979 1271 1073 1304 sunt
1105 1266 1347 1318 quaerenda
1378 1270 1522 1305 contra
1555 1264 1828 1306 Carneadiam
1862 1265 1978 1305 illam
2012 1278 2106 1305 sen-

330 1324 518 1364 tentiam.
571 1325 849 1380 Quocumque
880 1328 989 1366 enim
1023 1327 1146 1367 modo
1178 1341 1387 1367 summum
1417 1328 1574 1367 bonum
1608 1329 1665 1368 sic
1697 1329 1946 1381 exponitur,
1987 1333 2034 1368 ut
2062 1328 2105 1368 id

331 1392 448 1426 vacet
476 1386 719 1435 honestate,
751 1403 829 1429 1166
860 1387 997 1429 officia
1028 1403 1105 1429 nec
1136 1390 1310 1430 virtutes
1342 1390 1385 1429 in
1419 1403 1466 1430 ea
1497 1391 1656 1430 ratione
1678 1404 1756 1430 nec
1777 1391 1985 1431 amicitiae
2007 1403 2106 1430 con-

281 1461 317 1490 ⁶20
330 1453 439 1489 stare
470 1457 661 1502 possunt.
721 1451 968 1491 Coniunctio
1008 1457 1146 1492 autem
1189 1466 1281 1492 cum
1313 1452 1535 1492 honestate
1568 1452 1633 1492 vel
1664 1453 1890 1505 voluptatis
1921 1452 1988 1492 vel
2019 1466 2105 1492 non

330 1510 501 1551 dolendi
530 1512 571 1551 id
607 1513 746 1565 ipsum
776 1513 1022 1561 honestum,
1055 1514 1168 1568 quod
1203 1514 1397 1567 amplecti
1419 1516 1527 1562 vult,
1559 1515 1601 1555 id
1624 1515 1752 1555 efficit
1774 1520 1908 1568 turpe.
1949 1514 2012 1554 Ad
2035 1527 2104 1555 eas

330 1573 441 1614 enim
473 1588 538 1614 res
569 1575 724 1615 referre
756 1589 864 1629 quae
896 1589 1014 1628 agas,
1047 1590 1223 1629 quarum
1244 1590 1347 1624 11113,
1380 1577 1414 1616 si
1438 1578 1530 1630 quis
1553 1578 1662 1617 malo
1685 1583 1843 1625 careat,
1874 1577 1917 1616 in
1939 1590 2102 1617 summo

329 1649 425 1675 eum
456 1637 569 1676 bono
602 1637 714 1678 dicat
744 1651 853 1685 esse,
885 1639 1015 1679 altera
1044 1645 1233 1679 versetur
1262 1640 1305 1679 in
1336 1639 1548 1679 levissima
1579 1646 1694 1694 parte
1726 1646 1920 1687 naturae,
1953 1639 2104 1680 obscu-

327 1699 458 1738 rantis
491 1705 554 1739 est
585 1713 752 1740 omnem
783 1700 1051 1753 splendorem
1082 1702 1333 1748 honestatis,
1365 1715 1417 1740 116
1441 1702 1575 1741 dicam
1608 1702 1880 1755 inquinantis.
1931 1703 2103 1741 Restant

277 1773 313 1800 25
329 1760 480 1808 Stoici,
513 1762 609 1815 qui,
642 1776 734 1802 cum
766 1776 789 1801 a
820 1763 1107 1815 Peripateticis
1139 1769 1179 1803 et
1209 1763 1471 1804 Academicis
1499 1765 1640 1804 omnia
1669 1764 1993 1809 transtulissent,
2025 1777 2103 1803 no-

328 1823 510 1863 minibus
542 1824 633 1864 aliis
666 1824 833 1864 easdem
866 1839 933 1865 res
956 1826 1088 1865 secuti
1111 1832 1218 1865 sunt.
1252 1826 1338 1865 Hos
1360 1831 1505 1867 contra
1528 1827 1717 1880 singulos
1741 1827 1819 1866 dici
1844 1832 1906 1866 est
1927 1825 2100 1865 melius:

328 1886 400 1925 sed
432 1899 564 1934 nunc,
603 1887 715 1939 quod
754 1887 939 1940 agimus,
982 1887 1032 1927 de
1071 1888 1177 1935 iliis,
1221 1901 1311 1927 cum
1343 1888 1549 1928 volemus.
1608 1886 1674 1927 ⁶23.
1705 1889 1934 1928 Democriti
1965 1893 2102 1927 autem

328 1949 552 1997 securitas,
593 1961 701 2003 quae
733 1956 796 1989 est
826 1950 952 1989 animi
984 1956 1197 2003 tamquam
1229 1950 1529 2003 tranquillitas,
1567 1964 1692 2004 quam
1723 1950 1951 2003 appellavit
1980 1950 2103 1990 εὔθυ-

325 2018 444 2065 utrm,
477 2025 525 2051 eo
558 2012 790 2064 separanda
820 2011 901 2051 fuit
931 2013 980 2052 ab
1003 2012 1079 2051 hac
1102 2012 1410 2065 disputatione,
1444 2014 1543 2066 quia
1565 2014 1645 2053 ista
1668 2013 1794 2052 animi
1816 2011 2102 2065 tranquillitas

275 2086 312 2113 30
328 2086 376 2112 63
407 2079 468 2113 651
497 2073 588 2125 ipsa
618 2074 741 2114 beata
771 2075 877 2113 vita:
921 2075 1160 2128 quaerimus
1192 2081 1353 2122 autem,
1396 2090 1478 2114 non
1519 2088 1627 2128 quae
1667 2076 1740 2121 sit,
1785 2075 1857 2114 sed
1888 2073 2002 2113 unde
2035 2074 2102 2113 sit.

325 2136 412 2174 Iam
453 2136 654 2188 explosae
699 2137 944 2190 eiectaeque
987 2138 1218 2177 sententiae
1251 2137 1495 2190 Pyrrhonis,
1535 2138 1765 2183 Aristonis,
1806 2136 1948 2183 Erilli,
1989 2134 2102 2188 quod

325 2197 367 2236 in
398 2196 511 2237 1111116
544 2199 705 2246 orbem,
739 2214 862 2251 quem
898 2199 1317 2252 circumscripsimus,
1350 2199 1536 2239 incidere
1559 2213 1645 2239 11011
1667 2203 1866 2252 possunt,
1899 2198 2102 2238 adhiben-

325 2259 400 2299 dae
433 2260 603 2301 omnino
635 2275 718 2301 non
749 2261 931 2302 fuerunt.
992 2263 1094 2301 Nam
1135 2276 1226 2301 cum
1260 2262 1393 2302 omnis
1433 2262 1536 2302 haec
1570 2262 1761 2315 quaestio
1795 2260 1846 2300 de
1877 2259 2029 2300 finibus
2063 2267 2103 2301 et

325 2322 444 2374 quasi
477 2322 528 2361 de
561 2324 760 2363 extremis
791 2324 998 2364 bonorum
1033 2331 1071 2363 et
1104 2324 1304 2364 malorum
1338 2325 1388 2363 ab
1422 2339 1471 2364 eo
1503 2325 1808 2378 proficiscatur,
1847 2323 1961 2377 quod
1992 2323 2102 2363 dixi-

272 2397 414 2427 35111115
446 2390 620 2426 naturae
653 2399 745 2426 esse
777 2394 919 2439 aptum
952 2392 991 2426 et
1022 2387 1404 2434 accommodatum,
1438 2387 1637 2440 quodque
1669 2387 1807 2439 ipsum
1838 2400 1913 2440 per
1943 2400 1987 2427 se
2018 2388 2102 2440 pri-

324 2460 436 2486 mum
469 2453 708 2500 appetatur,
739 2449 819 2489 hoc
851 2455 984 2489 totum
1019 2456 1059 2489 et
1091 2449 1118 2488 ii
1152 2449 1322 2497 tollunt,
1355 2450 1428 2503 qui
1449 2450 1490 2489 in
1513 2450 1637 2489 rebus
1658 2450 1727 2497 iis,
1759 2450 1802 2489 in
1824 2450 1976 2503 quibus
1997 2450 2101 2490 nihil

410 2675 441 2705 2.
468 2677 497 2705 el
522 2676 601 2705 ante
626 2674 730 2705 sotum
753 2684 822 2706 om.
843 2676 867 2706 Β
887 2693 920 2697 -
950 2676 1035 2706 discit
1059 2677 1102 2707 B:
1130 2677 1208 2707 dicit
1232 2678 1261 2707 Μ
1278 2677 1302 2707 O
1323 2694 1356 2699 -—
1385 2676 1414 2708 4..
1440 2676 1581 2717 putarit}
1601 2679 1721 2715 putant
1745 2676 1768 2706 B
1789 2693 1823 2697 —
1851 2677 1914 2707 m'si
1937 2677 2097 2714 L‘rsinus:

322 2733 361 2755 ne
384 2724 411 2754 si
436 2723 538 2755 codd.
568 2724 618 2755 Cf.
645 2732 718 2755 var.
746 2723 825 2756 lect.
853 2724 870 2764 ἒ
897 2725 949 2756 55.
979 2742 1013 2746 -
1041 2727 1072 2756 5.
1099 2730 1172 2757 sunl
1197 2726 1260 2757 ΒΟ
1288 2744 1322 2747 -—
1351 2727 1381 2756 7.
1408 2726 1463 2757 hee
1487 2727 1549 2757 BE
1577 2743 1610 2747 —
1639 2727 1677 2757 de
1699 2735 1824 2758 summo
1850 2727 1874 2758 C
1903 2744 1937 2749 —
1965 2727 1996 2758 8.
2016 2737 2102 2767 qua-

322 2777 397 2804 tuor
421 2773 546 2812 defense
570 2777 715 2813 quatuor
737 2775 761 2805 B
790 2793 824 2797 ——
853 2775 883 2806 9.
911 2774 986 2814 tres]
1013 2778 1094 2807 teres
1118 2777 1141 2807 B
1157 2777 1181 2807 E
1204 2795 1235 2798 -
1266 2777 1317 2807 41,
1345 2776 1541 2814 Calliphonti
1565 2775 1790 2806 Schuetzius:
1817 2775 1994 2815 calliphoin
2016 2777 2097 2812 BE:

321 2823 498 2862 calliphoni
528 2824 637 2854 ceteri
671 2823 773 2855 codd.
802 2841 836 2846 -
873 2824 926 2855 43.
953 2826 1200 2857 nominauimus
1225 2827 1248 2857 E
1276 2844 1310 2847 —
1347 2826 1398 2856 16.
1425 2825 1503 2865 fere]
1537 2834 1609 2856 rere
1632 2826 1656 2855 B
1685 2842 1719 2846 —
1754 2834 1839 2863 quae
1863 2826 1900 2856 de
1922 2825 2099 2868 voluptate]

320 2874 401 2904 Post
425 2872 513 2903 haec
537 2872 648 2903 verba
673 2882 796 2905 omnes
823 2873 927 2905 codd.
947 2874 1081 2906 addunt
1108 2876 1223 2913 [etiam
1250 2876 1292 2911 O,
1320 2875 1383 2907 sed
1408 2883 1488 2905 cum
1513 2875 1643 2913 uncist:
1672 2876 1835 2913 Quoniam
1853 2875 2007 2915 (Quando
2024 2876 2098 2914 BE)

319 2922 422 2962 igitur
454 2925 483 2952 61
513 2923 551 2953 (16
584 2923 751 2962 uoluptate
782 2933 856 2955 cum
882 2925 1047 2965 Torquato
1078 2929 1105 2955 et
1130 2926 1168 2956 de
1194 2926 1375 2957 honestate.
1410 2925 1440 2954 in
1468 2933 1533 2962 qua
1558 2933 1625 2955 una
1651 2933 1744 2955 0111116
1768 2924 1888 2957 bonum
1906 2929 2097 2965 poneretur,

319 2980 392 3003 cum
417 2971 538 3002 Catone
560 2975 605 3002 est
630 2972 849 3011 disputatum,
873 2975 1039 3012 primum,
1066 2983 1150 3012 quae
1174 2978 1289 3005 contra
1313 2975 1515 3014 uoluptatem
1540 2975 1627 3005 dicta
1643 2979 1734 3013 sunt,
1761 2976 1874 3007 eadem
1892 2977 1960 3015 sere
1976 2977 2099 3008 cadunt

319 3024 437 3052 contra
459 3022 660 3052 vacuitatem
683 3023 815 3054 (latoria
842 3023 950 3054 Vetus
975 3022 1254 3055 additamentum
1280 3025 1414 3065 primus
1440 3025 1572 3056 notavit
1595 3026 1787 3057 Nissenius.
1809 3043 1845 3047 -
1871 3026 1925 3057 24.
1950 3025 1984 3056 id
2009 3027 2098 3066 (post

318 3071 399 3108 vult)
418 3071 461 3101 B:
489 3079 560 3102 om.
579 3071 604 3101 Ο
623 3088 659 3093 -
680 3072 729 3102 23.
752 3073 840 3103 dicat
863 3073 907 3104 B:
934 3073 1024 3104 dicas
1042 3076 1134 3104 v'curn
1154 3073 1240 3105 Gud.
1267 3079 1352 3111 sec.)¹
1371 3074 1396 3105 O
1417 3093 1451 3096 —
1479 3075 1531 3105 Ξῖ.
1552 3074 1648 3115 quod]
1675 3075 1754 3114 quid
1778 3075 1838 3106 BE
1857 3091 1892 3096 —
1919 3075 1973 3107 28.
1993 3075 2098 3106 animi

319 3121 545 3160 tranquillitas
570 3125 741 3160 tamquam
763 3132 862 3162 quam
882 3124 906 3154 B
927 3141 959 3145 —
982 3123 1171 3163 appellavit]
1192 3124 1361 3163 appellant
1384 3125 1421 3155 B.
1451 3124 1500 3155 Cf.
1528 3133 1559 3155 V.
1585 3124 1616 3155 4.
1635 3141 1668 3146 —
1698 3120 1885 3165 εὐθυμίαν
1909 3123 1957 3165 eo]
1981 3125 2098 3156 enthu-

316 3179 395 3201 man
423 3179 460 3201 60
491 3171 554 3202 ΒΕ
592 3172 638 3209 (60
662 3172 764 3211 igitur
788 3182 857 3204 non
883 3181 953 3204 om.
979 3174 1015 3211 E)
1045 3192 1079 3196 —-
1114 3174 1165 3205 30.
1193 3183 1231 3205 ea
1255 3178 1300 3205 est
1323 3175 1397 3213 ipsa
1420 3174 1464 3205 B:
1498 3175 1570 3214 ipsa
1594 3178 1639 3206 esc
1664 3176 1745 3212 (om.
1773 3176 1822 3214 ea)
1849 3175 1874 3206 O
1902 3192 1936 3196 —
1969 3175 2033 3205 sint
2050 3192 2099 3197 --

317 3220 382 3250 sint
406 3220 430 3250 B
458 3236 492 3241 ——
520 3219 574 3251 31.
601 3221 783 3260 eiectaeque
808 3232 876 3254 11011
902 3231 971 3254 om.
998 3223 1024 3255 E
1052 3241 1086 3248 —
1114 3224 1197 3255 erilli
1221 3224 1303 3255 BE:
1331 3224 1446 3256 Herilli
1469 3225 1501 3256 M
1515 3225 1551 3256 O.
1580 3225 1629 3256 Cf.
1658 3225 1704 3263 II,
1732 3225 1749 3265 g
1775 3225 1828 3257 35.
1857 3241 1892 3247 -
1920 3223 1973 3256 34.
2001 3224 2098 3264 quod]

310 3269 388 3310 quid
411 3270 434 3301 B
452 3269 475 3301 E
503 3287 537 3291 —
567 3270 712 3301 diximus
746 3271 785 3301 B:
817 3273 955 3304 dicimus
979 3274 1014 3304 O.
