2249 3624
394 126 482 167 Lm.
511 125 562 166 11.
602 125 701 166 CAP.
731 123 1161 165 xxxn-xxxm.
1200 121 1259 176 §§
1291 119 1539 163 lot-406.
1795 115 1848 158 39

97 241 279 284 colorem
309 245 379 280 aut
407 251 597 292 saporem
627 243 699 278 aut
729 251 877 278 sonum
908 237 1068 277 nullum
1100 249 1214 284 csse,
1244 236 1347 275 illud
1379 236 1433 276 sit
1462 235 1734 288 disputatum,
1765 247 1850 274 non

97 306 234 346 inesse
270 303 313 343 in
351 303 402 343 iis
438 301 670 355 propriam,
708 313 815 354 quae
845 312 1052 353 nusquam
1081 298 1182 339 alibi
1215 303 1344 344 esset,
1377 297 1463 337 veri
1494 303 1534 336 et
1565 297 1665 337 certi
1696 301 1850 336 notam.

98 364 191 407 tot.
223 366 341 415 Quae
372 378 463 406 cum
495 364 779 417 exposuisset,
817 362 1005 414 adiungit
1036 361 1259 415 dupliciter
1288 360 1370 400 dici
1411 359 1613 399 adsensus
1644 359 1851 398 sustinere

97 429 351 484 sapientem:
380 439 466 466 uno
496 425 643 472 modo,
680 438 772 464 cum
802 424 881 464 hoc
914 424 1199 476 intellegatur,
1231 424 1402 463 omniuo
1434 435 1528 462 eum
1558 423 1618 461 rei
1649 420 1751 460 nulli
1782 419 1853 459 ad-

97 492 267 532 sentiri:
298 490 448 536 altero,
480 501 573 528 cum
605 501 648 527 se
680 500 703 526 a
733 486 1026 540 respondendo
1061 485 1119 539 [ut
1151 493 1221 527 aut
1248 486 1448 539 adprobet
1480 484 1581 538 quid
1612 489 1683 524 aut
1713 483 1886 536 inpro-5

96 550 186 605 bet]
235 553 461 597 sustineat,
505 556 550 589 ut
593 562 730 602 neque
777 556 899 601 neget
938 548 1100 601 aliquid
1139 563 1276 602 neque
1317 549 1413 588 aiat.
1472 546 1518 586 Id
1560 559 1653 585 cum
1695 545 1753 584 ita
1783 545 1856 593 sit,

96 615 271 655 alterum
302 614 488 667 placere,
527 617 572 651 ut
613 624 838 663 numquam
875 610 1149 658 adsentiatur,
1192 611 1366 650 alterum
1399 616 1562 657 tenere,
1600 614 1645 648 ut
1674 619 1857 660 sequens

96 676 452 731 probabilitatem,
490 674 742 726 ubicumque
778 673 880 712 haec
919 678 989 711 aut
1019 679 1208 712 occurrat
1246 678 1317 712 aut
1347 670 1533 718 deficiat,
1573 675 1646 710 aut
1679 668 1854 708 «etiam»

95 744 167 779 aut
198 751 332 778 anon»
365 736 619 790 respondere
651 735 794 789 possit.
846 734 874 784 ἦ
907 735 990 773 Nec
1020 741 1065 774 ut
1096 735 1280 787 placeat,
1321 748 1438 781 eum,
1475 734 1546 787 qui
1578 732 1629 772 de
1661 730 1857 771 omnibus

95 801 218 840 rebus
248 800 460 839 contineat
490 812 533 838 se
564 798 614 838 ab
645 796 935 842 adsentiendo,
969 798 1124 836 moveri
1157 804 1294 836 tamen
1327 803 1367 836 ct
1398 810 1520 848 agere
1552 793 1726 848 aliquid,
1760 792 1908 832 reli-to

96 862 187 917 quit
217 862 307 901 eius
338 861 450 901 modi
481 862 591 908 visa,
624 860 776 914 quibus
807 858 858 898 ad
891 859 1098 898 actionem
1132 860 1381 898 excitemur:
1423 858 1523 898 item
1555 871 1623 904 ea,
1656 869 1764 910 quae
1795 855 1859 894 in-

96 924 291 976 terrogati
329 923 373 963 in
414 930 633 976 utramque
671 927 830 974 partem
871 921 1124 973 respondere
1167 921 1399 973 possimus,
1438 925 1668 973 sequentes
1700 923 1859 957 tantum

95 986 241 1033 modo,
272 985 384 1039 quod
416 986 472 1026 ita
504 986 638 1025 visum
671 984 745 1030 sit,
778 983 875 1022 dum
909 983 998 1023 sine
1031 984 1236 1022 adsensu:
1268 996 1407 1036 neque
1439 988 1579 1022 tamen
1609 981 1748 1021 omnia
1769 979 1859 1018 eius

95 1049 209 1089 modi
248 1050 335 1089 visa
374 1048 639 1101 adprobavit,
679 1046 751 1087 sed
784 1059 854 1093 ea,
895 1059 1002 1099 quae
1035 1046 1148 1085 nulla
1179 1058 1223 1084 re
1254 1044 1560 1097 inpedirentur.
1620 1040 1715 1082 1105.
1746 1041 1859 1080 Haec

95 1112 130 1151 si
160 1111 279 1151 vobis
310 1124 392 1151 non
424 1110 666 1164 probamus,
698 1110 782 1149 sint
811 1108 917 1148 falsa
948 1121 1067 1155 sane,
1100 1108 1310 1148 invidiosa
1341 1114 1452 1147 certe
1484 1120 1567 1146 non
1599 1111 1708 1146 sunt.
1766 1105 1910 1143 Nonis,

96 1174 205 1213 enim
236 1173 372 1213 lucem
405 1174 624 1226 eripimus,
656 1171 729 1212 sed
759 1185 826 1219 ea,
859 1183 966 1224 quae
996 1184 1068 1210 vos
1096 1171 1253 1223 percipi
1275 1169 1680 1222 comprehendique,
1713 1167 1861 1208 eadem

94 1249 188 1283 nos,
221 1236 254 1275 si
285 1235 410 1275 modo
442 1234 674 1288 probabilia
704 1234 808 1281 sint,
840 1233 973 1273 videri
1005 1233 1195 1273 dicimus.

206 1298 402 1337 XXXIII.
446 1299 513 1338 Sic
551 1297 676 1349 igitur
715 1296 886 1336 inducto
929 1301 971 1336 et
1001 1295 1229 1335 constituto
1266 1296 1495 1348 probabili,
1539 1299 1581 1334 et
1610 1308 1659 1334 eo
1691 1291 1861 1346 quidem

96 1361 314 1414 expedito,
348 1359 504 1406 soluto,
534 1359 686 1406 libero,
719 1358 832 1398 nulla
864 1371 907 1398 re
938 1358 1156 1411 inplicato,
1187 1357 1304 1399 vides
1336 1358 1548 1412 profectO,
1579 1354 1772 1401 Luculle,
1803 1353 1862 1393 ia-

96 1435 187 1462 cere
217 1422 299 1461 iam
329 1421 434 1462 illud
466 1427 582 1462 tuum
614 1421 923 1474 perspicuitatis
955 1420 1246 1474 patrocinium.
1292 1422 1430 1461 Isdem
1462 1422 1573 1461 enim
1592 1419 1659 1459 hic
1681 1418 1910 1471 sapiens,20

98 1484 148 1523 de
180 1497 264 1538 quo
296 1483 468 1537 loquor,
501 1483 652 1530 oculis,
685 1483 837 1537 quibus
869 1483 946 1522 iste
972 1489 1130 1530 vester,
1163 1483 1345 1531 caelum,
1377 1490 1552 1530 terram,
1582 1494 1696 1522 mare
1726 1480 1864 1520 intue-

95 1547 228 1594 bitur;
264 1546 397 1587 isdem
419 1546 611 1586 sensibus
632 1546 814 1599 reliqua,
847 1558 954 1598 quae
977 1545 1054 1584 sub
1077 1559 1289 1599 quemque
1311 1560 1478 1586 sensum
1500 1544 1667 1592 cadunt,
1699 1543 1862 1583 sentiet.

98 1610 211 1649 Mare
242 1608 368 1655 illud,
400 1608 510 1662 quod
542 1621 651 1648 nunc
680 1607 866 1648 Favonio
900 1615 1098 1648 nascente
1128 1621 1384 1661 purpureum
1407 1608 1592 1654 videtur,
1623 1606 1736 1647 idem
1764 1605 1863 1644 huic

97 1677 238 1710 nostro
268 1671 499 1717 videbitur,
530 1683 608 1710 nec
638 1676 778 1710 tamen
809 1670 1091 1718 adsentietur,
1123 1671 1220 1723 quia
1249 1671 1460 1711 nobismet
1489 1670 1594 1723 ipsis
1624 1667 1748 1708 modo
1771 1679 1863 1707 cae-

92 1733 252 1773 ruleum
294 1733 533 1780 videbatur,
571 1746 692 1773 mane
734 1746 898 1780 ravum,
936 1733 1135 1787 quodque
1174 1747 1306 1780 nunc,
1346 1746 1430 1787 qua
1464 1745 1489 1773 a
1526 1732 1613 1772 sole
1654 1730 1912 1778 conlucet,25

93 1794 269 1835 albescit
300 1800 340 1834 et
369 1795 522 1843 vibrat,
556 1795 843 1848 dissimileque
876 1801 939 1835 est
969 1796 1164 1848 proximo
1197 1801 1236 1835 et
1267 1794 1527 1835 continenti:
1570 1801 1634 1842 ut,
1671 1793 1795 1834 etiam
1826 1792 1861 1832 si

92 1858 228 1910 possis
270 1858 476 1897 rationem
517 1858 713 1905 reddere,
760 1871 833 1897 cur
871 1857 913 1897 id
955 1859 1141 1905 eveniat,
1187 1864 1326 1897 tamen
1359 1870 1443 1897 non
1474 1857 1613 1910 possis
1643 1856 1687 1896 id
1717 1868 1862 1895 verum

93 1932 206 1966 esse,
249 1919 364 1972 quod
395 1919 613 1960 videbatur
646 1920 800 1967 oculis,
843 1920 1083 1961 defendere.
1144 1917 1238 1960 -106,
1271 1920 1389 1960 Unde
1420 1919 1646 1967 memoria,
1689 1919 1724 1958 si
1753 1917 1863 1957 nihil

93 1980 380 2034 percipimus?
419 1981 479 2021 sic
511 1983 622 2022 enim
654 1983 898 2036 quaerebas.
952 1983 1088 2031 Quid?
1128 1982 1366 2023 meminisse
1397 1983 1488 2023 visa
1516 1982 1597 2022 nisi
1629 1993 1862 2034 conprensa

93 2055 179 2082 non
219 2045 475 2095 possumus?
531 2043 674 2092 Quid?
730 2045 1107 2099 Ponaenus„qui
1149 2058 1324 2097 magnus
1370 2045 1687 2085 mathematicus
1730 2042 1911 2083 fuisse30

94 2103 267 2151 dicitur,
305 2105 339 2145 is
375 2111 522 2158 postea
561 2119 687 2160 quam
726 2107 907 2160 Epicuro
947 2107 1187 2147 adsentiens
1234 2112 1362 2147 totam
1403 2107 1675 2161 geometriam
1713 2103 1861 2144 falsam

93 2180 185 2207 esse
215 2166 411 2215 credidit,
442 2182 541 2207 num
573 2169 646 2208 illa
677 2169 818 2216 etiam,
851 2182 959 2223 quae
990 2169 1167 2217 sciebat,
1201 2170 1356 2210 oblitus
1388 2171 1484 2210 est?
1529 2168 1676 2222 Atqui,
1706 2166 1861 2207 falsum

93 2228 207 2282 quod
248 2235 331 2277 est,
377 2229 420 2269 id
464 2231 623 2284 percipi
660 2244 744 2271 non
786 2237 946 2285 potest,
990 2238 1035 2271 ut
1076 2232 1281 2272 vobismet
1320 2232 1421 2285 ipsis
1451 2232 1601 2285 placet.
1662 2231 1706 2270 Si
1736 2230 1861 2282 igitur

178 2388 210 2420 3.
235 2389 386 2428 exposuit
410 2390 498 2421 coni.
525 2389 668 2424 Lamb.;
703 2390 745 2422 al.
774 2391 809 2422 in
833 2399 942 2431 marg.
969 2390 1091 2423 Lamb.
1119 2391 1275 2422 adiunxit
1300 2408 1335 2412 —
1370 2392 1400 2422 5.
1428 2394 1464 2421 ut
1490 2394 1548 2421 aut
1573 2391 1639 2421 cet.
1665 2387 1783 2420 Verba
1807 2390 1862 2421 in-

93 2437 208 2477 clusa,
234 2447 325 2478 quae
350 2439 418 2471 iam
443 2441 611 2471 Gruterus
635 2439 810 2480 glossema
835 2449 913 2472 esse
938 2440 1123 2478 intellexit,
1151 2450 1192 2472 ex
1216 2439 1473 2472 recentioribus
1498 2440 1719 2471 Hermannus
1743 2448 1777 2480 p.
1797 2439 1860 2471 470

92 2487 186 2520 solus
211 2487 384 2527 defendit,
411 2489 475 2521 sed
499 2491 713 2530 argumentis
737 2489 792 2522 ille
817 2499 901 2522 usus
919 2500 1008 2532 quae
1026 2500 1153 2523 vereor
1177 2494 1212 2522 ut
1237 2492 1402 2531 cuiquam
1424 2490 1671 2531 persuadeant.
1694 2507 1728 2512 —-
1756 2489 1787 2520 6.
1814 2489 1862 2520 aie

91 2538 175 2575 AB,
202 2537 266 2570 sed
291 2541 343 2570 est
367 2547 444 2570 voc,
471 2540 504 2570 in
528 2542 554 2570 A
579 2540 613 2570 in
638 2548 706 2571 ras.
734 2557 771 2562 —
798 2540 829 2571 7.
855 2544 962 2572 tenere
985 2542 1008 2572 B
1035 2550 1126 2573 corr.
1153 2550 1194 2572 ex
1218 2544 1285 2572 lere
1309 2557 1344 2561 —
1372 2541 1402 2571 9.
1429 2544 1487 2571 auc
1511 2540 1585 2581 non]
1613 2548 1694 2571 cum
1716 2539 1773 2570 hic
1797 2538 1862 2570 de-

93 2587 185 2619 ficiat
214 2587 292 2619 cod.
318 2589 347 2618 V
371 2597 464 2620 nunc
493 2588 652 2627 mutilus,
687 2591 755 2621 iam
787 2591 928 2631 saepius
953 2590 1142 2623 afferemus
1168 2590 1337 2622 lectiones
1362 2589 1492 2621 codicis
1517 2591 1560 2628 G,
1595 2591 1655 2630 qui
1679 2598 1721 2621 ex
1745 2590 1774 2619 V
1798 2589 1863 2621 de-

92 2638 242 2678 scriptus
271 2637 430 2676 videtur,
467 2639 530 2670 sed
567 2640 612 2670 ita
644 2642 680 2670 ut
712 2639 922 2681 plerumque
953 2640 1122 2673 lectiones
1154 2640 1331 2673 secundae
1364 2649 1489 2672 manus
1520 2640 1690 2680 repetitae
1715 2640 1794 2671 sint.
1823 2657 1859 2660 -—

88 2691 193 2727 posset
216 2689 281 2719 AB
308 2706 344 2710 ——
370 2697 428 2719 nec
449 2692 484 2720 uc
504 2689 636 2728 placeat
658 2693 684 2721 A
699 2690 722 2721 B
738 2691 782 2721 E:
811 2699 849 2721 ne
874 2694 907 2722 ul
927 2692 973 2731 pl.
993 2694 1036 2725 G;
1063 2691 1114 2722 hic
1136 2695 1172 2722 ut
1192 2693 1239 2730 pl.
1261 2692 1449 2727 Manutius,
1477 2699 1553 2721 nam
1571 2699 1644 2721 cum
1655 2690 1704 2729 pl.
1723 2688 1859 2727 Lamb.,

92 2740 121 2768 et
144 2745 218 2768 cum
236 2737 283 2777 pl.
310 2738 456 2776 Davies‚
483 2747 545 2769 neu
569 2739 621 2770 cui
640 2739 688 2779 pl.
715 2740 894 2772 Hermann
919 2750 952 2782 p.
978 2740 1062 2774 470:
1091 2743 1185 2772 certa
1212 2740 1411 2772 emendatio
1436 2739 1502 2771 loci
1527 2739 1680 2780 corrupti
1705 2738 1863 2769 nondum

93 2787 231 2818 inventa
255 2789 327 2825 est;
353 2788 426 2828 ipse
452 2789 648 2829 suspicatus
673 2798 772 2821 sum:
798 2791 852 2822 secl
875 2799 948 2822 cum
969 2791 1015 2830 pl.
1043 2808 1077 2812 —
1107 2792 1157 2822 to.
1186 2791 1254 2829 quit
1277 2791 1311 2820 in
1336 2790 1467 2829 reliquie
1490 2792 1517 2821 A
1542 2790 1575 2820 in
1601 2797 1669 2821 ras.
1696 2787 1804 2819 habet
1823 2806 1859 2810 —

95 2835 146 2868 44.
173 2836 370 2876 adprobavit
399 2839 545 2878 scripsi:
582 2839 763 2879 adprobari
796 2841 878 2876 (303
916 2841 1078 2880 adprobat
1110 2841 1280 2872 Manutius
1316 2857 1350 2862 —-
1390 2840 1441 2871 ⁴8.
1467 2840 1601 2871 inducta
1632 2842 1661 2870 el
1684 2838 1862 2869 constituta

90 2885 278 2925 probabilia
299 2891 329 2918 et
351 2890 376 2919 Α
391 2889 414 2919 Β
430 2889 453 2920 Ε
468 2889 512 2926 G,
540 2898 629 2930 quae
655 2889 794 2921 emend.
815 2891 988 2923 Manutius
1010 2910 1043 2913 —
1070 2892 1123 2922 22.
1143 2891 1265 2921 cadunt
1289 2893 1314 2922 A
1329 2890 1353 2921 Β
1368 2891 1414 2921 G:
1441 2890 1556 2921 cadent
1581 2890 1605 2922 E
1619 2889 1644 2920 Ο
1665 2905 1700 2909 -
1726 2888 1878 2919 sentient.

94 2932 185 2966 ΑιΒ1
211 2953 246 2957 -
279 2935 332 2968 24.
357 2938 522 2969 ceruleum
546 2940 575 2970 A
599 2956 634 2962 —
666 2940 718 2971 255.
745 2949 866 2971 rauum
889 2938 979 2972 A¹B¹
1013 2943 1045 2971 et
1073 2941 1203 2972 Nonius
1238 2939 1307 2979 (qui
1331 2948 1364 2980 p.
1394 2938 1455 2971 464
1480 2939 1579 2971 affert
1604 2938 1684 2978 quia
1706 2937 1863 2968 nobismet

94 2984 172 3023 ipsis
201 2987 270 3016 lum
298 2987 485 3018 caeruleum
516 2991 584 3019 tum
606 2998 728 3020 rauum
754 2990 903 3028 uidetur,
935 2992 1085 3030 quodque
1108 3000 1194 3020 nuuc
1217 2998 1238 3019 α
1261 2989 1328 3019 sole
1353 2989 1528 3028 conlucel):
1560 2990 1689 3029 flauum
1717 2984 1760 3018 A²
1771 2984 1810 3017 Β2
1823 2986 1860 3024 Ε,

95 3041 206 3064 atrum
230 3035 255 3065 G
281 3035 440 3074 (quodque
462 3045 558 3068 mane
581 3046 716 3073 rarum,
743 3048 847 3077 nanc,
874 3048 941 3079 qua
964 3040 1030 3071 sole
1053 3041 1142 3071 coni.
1163 3039 1383 3070 Hei-mannus
1407 3048 1442 3080 p.
1461 3038 1534 3077 472)
1557 3057 1591 3061 -
1618 3038 1768 3077 quodque
1792 3034 1859 3067 del.

96 3083 231 3122 Lamb.,
257 3093 388 3124 quaque
410 3095 495 3117 nunc
519 3096 540 3117 a
562 3087 628 3118 sole
652 3089 739 3119 coni.
764 3089 889 3120 Daxies
913 3107 956 3111 —
980 3089 1057 3128 quia
1083 3090 1106 3120 G
1133 3090 1166 3119 et
1192 3087 1313 3119 Lamb.
1334 3105 1369 3109 —
1397 3088 1450 3119 ε26.
1477 3088 1555 3119 sort.
1582 3087 1751 3125 dissimile3
1779 3094 1860 3117 nam

95 3134 244 3172 quodque
267 3143 335 3166 non
359 3133 457 3166 aliter
479 3135 664 3169 ferendum
682 3138 836 3175 videtur,
864 3138 927 3169 nisi
951 3140 1082 3170 statuas
1107 3138 1192 3177 quod
1216 3146 1294 3169 csse
1319 3146 1515 3178 pronomen
1536 3155 1571 3160 -
1597 3142 1625 3169 el
1650 3135 1858 3169 Lambinus:

95 3183 122 3214 ei
146 3183 209 3214 AB
225 3183 250 3215 O
276 3201 311 3205 —
338 3184 391 3215 ⁶29.
412 3187 618 3225 percepimus
642 3190 667 3218 G
686 3204 720 3209 —
749 3188 827 3226 quid
851 3187 945 3219 B¹Gz
973 3189 1058 3227 quod
1083 3186 1174 3225 Birt.
1203 3188 1298 3226 quasi
1323 3190 1349 3219 A
1373 3188 1437 3219 sed
1461 3197 1510 3219 m.
1529 3188 1548 3219 Ξ
1572 3188 1606 3218 in
1630 3195 1700 3217 ras.
1729 3202 1765 3208 —
1793 3194 1861 3218 me-

94 3232 177 3264 nisse
199 3233 224 3264 B
250 3251 285 3256 —
313 3233 365 3266 30.
388 3235 579 3274 polyaemus
601 3235 656 3275 13¹,
677 3238 838 3276 poliemus
860 3240 888 3269 A
901 3234 976 3269 3²13
1004 3255 1037 3260 —
1065 3237 1118 3269 32.
1145 3237 1346 3276 quaesziebat
1369 3238 1393 3270 B
1416 3256 1449 3261 —
1477 3237 1530 3270 33.
1558 3236 1712 3270 nobismet
1734 3236 1813 3269 EG.
