2249 3624
572 176 660 216 Lm.
691 176 722 215 1.
764 176 860 216 ομ).
891 164 1228 215 xm—xtm.
1268 174 1327 228 §§
1355 173 1550 215 92-98.
1864 172 1938 214 aii

180 286 277 332 fuit,
313 282 406 336 quis
436 280 638 334 populus,
670 282 741 334 qui
774 295 856 320 non
890 288 1075 322 uteretur
1105 283 1393 335 praedictione
1426 282 1602 322 divina?
1642 294 1780 334 neque
1811 281 1944 321 solum

180 349 223 388 in
254 360 379 400 pace,
418 344 489 382 sed
524 345 562 381 in
595 344 704 383 bello
738 345 866 383 multo
899 346 1023 384 etiam
1057 346 1208 395 magis,
1249 359 1332 398 quo
1373 346 1504 384 inaius
1546 350 1632 383 erat
1664 350 1872 383 certamen
1905 349 1945 382 et

180 410 399 450 discrimen
431 406 589 446 salutis.
652 406 808 446 Omitto
852 415 1033 451 nostros,
1078 407 1147 460 qui
1182 407 1281 445 nihil
1327 408 1365 445 in
1399 407 1508 445 bello
1542 407 1630 445 sine
1663 408 1770 445 extis
1803 412 1945 457 agunt,

179 472 281 512 nihil
318 472 406 510 sine
442 470 638 521 auspiciis
671 470 780 507 domi
815 470 988 508 habeut:
1034 476 1204 508 externa
1238 469 1467 508 videamus.
1531 470 1717 522 Namque
1749 475 1789 507 et
1821 469 1946 507 Athe-

178 536 344 574 nienses
385 531 577 570 omuibus
618 544 783 583 semper
823 532 999 584 publicis
1041 532 1227 570 consiliis
1264 532 1426 570 divinos
1459 531 1661 584 quosdam
1693 532 1976 578 sacerdotes,5

177 609 281 650 quos
311 594 482 642 μάντεις
515 599 675 639 vocant,
707 592 1000 639 adhibuerunt,
1033 601 1073 633 et
1099 594 1412 632 lacedaemonii
1446 594 1613 642 regibus
1637 594 1722 632 suis
1745 607 1944 641 augurem

176 659 432 698 adsessorem
475 656 703 701 dederuut,
745 657 924 708 itemque
957 657 1127 695 senibus
1160 678 1212 684 —
1244 657 1302 694 sic
1335 657 1444 694 enim
1477 656 1697 695 consilium
1732 657 1943 709 publicum

175 721 388 775 appellant
420 743 469 746 —-
502 732 702 771 augurem
737 719 936 757 interesse
969 719 1208 764 voluerunt,
1250 718 1447 771 idemque
1481 718 1531 757 de
1563 721 1686 757 rebus
1718 719 1945 757 maioribus

175 796 342 836 semper
380 787 451 821 aut
483 781 654 834 Delphis
686 780 869 819 oraclum
911 786 983 819 aut
1012 783 1063 819 al)
1102 782 1333 820 Hammone
1374 788 1444 820 aut
1474 795 1496 820 a
1531 781 1705 820 Dodona
1736 782 1945 835 petebant.

175 845 240 885 96.
283 847 495 898 Lycurgus
527 843 721 897 quidem,
763 843 833 896 qui
867 843 1292 883 Lacedaemoniorum
1326 857 1410 883 rom
1443 844 1653 896 publicam
1686 844 1994 896 temperavit,w

175 909 287 961 leges
328 921 423 947 suas
463 907 713 946 auctoritate
745 906 954 958 Apollinis
986 906 1176 958 Delphici
1219 904 1489 946 confirmavit.
1550 906 1664 954 Quas
1695 920 1788 945 cum
1820 907 1948 946 vellet

174 970 389 1025 Lysander
420 975 699 1015 commutare,
737 968 882 1007 eadem
915 974 977 1007 est
1009 968 1242 1021 prohibitus
1275 970 1492 1020 religione.
1551 971 1688 1022 Atque
1720 970 1843 1008 etiam
1874 968 1944 1022 qui

174 1038 393 1087 praeerant
428 1032 791 1078 Lacedaemoniis,
829 1044 912 1070 non
946 1031 1130 1070 contenti
1163 1031 1434 1082 vigilantibus
1467 1031 1601 1078 curis,
1642 1031 1683 1069 in
1716 1031 1944 1084 Pasiphaae

173 1095 295 1143 fano,
343 1095 458 1149 quod
499 1101 562 1134 est
602 1095 645 1134 in
685 1107 784 1147 agro
820 1099 994 1147 propter
1024 1094 1195 1140 urbem,
1246 1094 1480 1134 somniandi
1513 1107 1637 1133 causa
1668 1094 1945 1140 excubabant,

174 1159 272 1212 quia
303 1171 402 1198 vera
432 1158 586 1211 quietis
618 1158 756 1197 oracla
789 1156 1010 1196 ducebant.
1070 1154 1138 1194 97.
1173 1156 1235 1195 Ad
1269 1162 1410 1196 nostra
1441 1157 1522 1196 iam
1555 1155 1695 1196 redeo.
1738 1156 1997 1204 Quotiensir,

175 1227 344 1261 senatus
367 1221 628 1260 decemviros
649 1219 701 1259 ad
726 1220 854 1258 libros
878 1220 934 1258 ire
958 1218 1105 1257 iussit!
1141 1219 1310 1271 quantis
1340 1219 1382 1258 in
1416 1219 1542 1258 rebus
1576 1232 1788 1272 quamque
1820 1231 1945 1270 saepe

174 1285 386 1337 responsis
419 1283 684 1334 haruspicum
716 1282 882 1336 paruit!
922 1294 1017 1320 nam
1050 1286 1090 1319 et
1120 1293 1212 1320 cum
1245 1281 1327 1321 duo
1359 1282 1435 1321 visi
1467 1281 1578 1321 soles
1610 1287 1750 1321 essent
1780 1287 1821 1321 et
1851 1295 1944 1321 cum

173 1352 255 1386 tres
294 1346 417 1385 lunae
459 1350 501 1384 et
541 1358 634 1384 cum
675 1344 788 1384 saces
830 1349 870 1383 et
910 1357 1003 1383 cum
1035 1343 1097 1382 sol
1129 1349 1253 1384 nocte
1284 1344 1399 1384 visus
1430 1351 1541 1384 esset
1581 1350 1621 1384 et
1651 1357 1744 1383 cum
1777 1357 1799 1383 e
1831 1343 1946 1383 caelo

173 1407 365 1447 fremitus
397 1407 563 1447 auditus
596 1413 636 1447 et
666 1421 757 1447 cum
790 1406 950 1446 caelum
978 1406 1221 1446 discessisse
1244 1407 1376 1446 visum
1400 1412 1511 1447 esset
1531 1413 1658 1460 atque
1679 1408 1720 1446 in
1743 1420 1792 1446 eo
1814 1407 1947 1446 anim-

175 1470 338 1511 adversi
371 1471 506 1524 globi,
549 1469 684 1509 delata
725 1470 849 1508 etiam
892 1469 941 1508 ad
984 1474 1175 1508 senatum
1209 1469 1300 1509 labe
1332 1470 1419 1522 agri
1452 1470 1729 1517 Privernatis,
1770 1483 1863 1509 cum
1895 1469 1944 1508 ad
1959 1482 1996 1511 20

173 1530 375 1572 infinitam
407 1532 670 1572 altitudinem
712 1538 821 1571 terra
853 1531 1076 1570 desidisset
1105 1531 1340 1585 Apuliaque
1373 1532 1568 1572 maximis
1598 1538 1733 1572 terrae
1765 1532 1946 1572 motibus

175 1601 453 1649 conquassata
484 1600 616 1641 esset,
660 1595 812 1647 quibus
844 1594 1048 1648 portentis
1080 1607 1229 1646 magna
1261 1595 1419 1648 populo
1450 1596 1637 1634 Romano
1668 1595 1777 1634 bella
1809 1595 1948 1648 perni-

175 1658 397 1711 ciosaeque
429 1657 659 1697 seditiones
692 1657 1059 1697 denuntiabantur.
1107 1657 1238 1709 Inque
1270 1657 1335 1697 his
1367 1658 1560 1697 omnibus
1591 1671 1792 1711 responsa
1825 1658 1947 1697 haru-

175 1722 336 1774 spicum
382 1734 475 1760 cum
522 1720 706 1773 Sibyllae
753 1720 942 1759 versibus
991 1720 1291 1771 congruebant.
1366 1718 1432 1759 98.
1480 1720 1625 1768 Quid?
1668 1734 1760 1760 cum
1807 1720 1946 1759 Cumis

174 1783 324 1835 Apollo
366 1783 552 1829 sudavit,
598 1783 761 1835 Capuae
794 1782 1011 1821 Victoria?
1054 1782 1190 1835 quid?
1232 1788 1347 1822 ortus
1381 1783 1615 1836 androgyni
1649 1796 1789 1822 nonne
1822 1781 1994 1824 fatalem

176 1845 388 1898 quoddam
431 1850 662 1884 monstrum
695 1844 805 1884 fnit?
847 1845 982 1898 quid?
1023 1859 1115 1884 cum
1157 1846 1308 1884 fluvius
1339 1847 1508 1885 Atratus
1550 1846 1751 1898 sanguine
1792 1845 1945 1884 fluxit?

175 1907 312 1960 quid?
362 1920 454 1946 cum
486 1920 609 1960 saepe
641 1907 854 1959 lapidum,
899 1907 1115 1959 sanguinis
1148 1921 1230 1946 non
1262 1921 1515 1961 numquam,
1559 1914 1693 1948 terrae
1725 1908 1949 1954 interdum,

175 1970 388 2023 quondam
429 1971 553 2009 etiam
593 1970 712 2009 lactis
753 1970 885 2009 imber
926 1970 1137 2009 defluxit?
1190 1970 1326 2023 quid?
1377 1984 1471 2010 cum
1512 1970 1555 2010 in
1593 1970 1800 2023 Capitolio
1841 1970 1949 2009 ictus

176 2032 407 2072 Centaurus
448 2046 468 2072 e
510 2033 626 2072 caclo
667 2038 753 2079 est,
799 2034 841 2072 in
874 2033 1080 2072 Aventino
1111 2038 1256 2085 portae
1291 2038 1331 2072 et
1361 2032 1574 2080 homines,
1622 2032 1792 2072 Tusculi
1823 2032 1949 2071 aedes

177 2094 359 2134 Castoris
392 2101 432 2134 et
454 2095 631 2134 Pollucis
663 2096 906 2149 Romaeque
930 2096 1127 2135 Pietatis?
1168 2097 1314 2135 Nonne
1348 2100 1389 2135 et
1420 2095 1663 2149 haruspices
1696 2109 1743 2135 ea
1773 2107 1995 2148 respon-30

176 2155 352 2203 derunt,
401 2170 509 2211 quae
552 2163 806 2205 evenerunt,
852 2164 892 2198 et
928 2158 970 2197 in
1004 2158 1187 2211 Sibyllae
1228 2158 1344 2198 libris
1385 2157 1557 2197 eaedem
1599 2164 1788 2211 repertae
1829 2169 1949 2211 prae—

177 2219 383 2260 dictiones
416 2223 546 2260 sunt?
1279 2219 1290 2230 ⁴

261 2408 292 2440 2.
314 2408 478 2446 multoque
495 2408 600 2447 magis
618 2408 643 2438 H
666 2425 698 2429 —
726 2410 754 2438 el
771 2408 945 2438 discrimen
963 2416 1032 2439 om.
1050 2408 1077 2437 V
1098 2426 1132 2430 —
1153 2407 1182 2439 li.
1205 2408 1291 2438 domi
1308 2407 1424 2438 habent
1441 2407 1583 2447 scripsi:
1604 2406 1692 2437 domi
1705 2407 1822 2438 habent
1838 2408 1949 2447 auspi-

176 2457 229 2488 cia
245 2457 281 2494 Β,
300 2458 377 2488 dum
392 2458 507 2488 habent
526 2458 691 2497 (haberem
708 2458 743 2495 H„
764 2459 915 2496 auspicia
932 2458 1050 2493 AiiV;
1079 2458 1166 2487 domi
1182 2458 1301 2488 habent
1317 2466 1412 2496 ausp.
1433 2457 1570 2487 Daxisio
1588 2459 1731 2488 auctore
1749 2458 1773 2488 Ο
1792 2456 1946 2495 sec-lusu,

175 2506 291 2537 habent
315 2516 408 2546 ansp.
435 2506 563 2537 delexit
587 2507 748 2538 Schuetz.
799 2508 834 2537 ln
860 2507 978 2538 verbis
1002 2507 1082 2537 nihil
1105 2508 1173 2538 sine
1196 2516 1289 2545 aasp.
1317 2507 1403 2537 domi
1427 2506 1546 2537 liabent
1575 2506 1798 2546 cogitandum
1825 2509 1877 2538 est
1903 2507 1946 2538 de

177 2565 297 2595 censu,
323 2556 557 2593 contionibus,
585 2558 746 2595 comitiis,
772 2566 863 2597 quae
888 2557 1012 2595 haberi,
1040 2566 1108 2588 non
1134 2558 1189 2596 ayl
1214 2557 1387 2588 dicuntur.
1410 2573 1443 2578 —
1472 2560 1610 2587 eaeterua
1628 2558 1665 2591 Α,
1685 2556 1748 2587 sed
1766 2565 1808 2587 eac
1828 2557 1859 2587 in
1878 2565 1946 2588 ras.

179 2623 213 2628 —
239 2615 383 2647 namque
405 2615 448 2637 ecc
472 2607 498 2636 V
527 2625 561 2629 —
598 2608 628 2638 6.
655 2608 777 2638 mantis
801 2609 825 2639 (Σ
854 2625 889 2630 -
916 2610 1038 2638 uocant
1063 2616 1132 2638 oni.
1154 2608 1180 2638 H
1210 2626 1243 2630 —
1277 2607 1471 2638 adhibet-uni
1495 2605 1593 2637 A1—
1617 2606 1648 2637 8.
1676 2606 1835 2645 iidemque
1859 2607 1883 2638 O
1911 2624 1946 2629 —-

175 2655 269 2687 rebus
284 2659 309 2688 A
329 2666 418 2688 corr.
439 2666 480 2688 ex
503 2657 636 2698 regibus
656 2676 684 2680 —
718 2659 747 2688 9.
767 2667 788 2689 a
806 2658 896 2698 (lelfis
914 2659 948 2694 Β,
975 2657 1038 2689 sed
1064 2667 1085 2688 a
1108 2666 1185 2698 sup.
1204 2656 1261 2688 lin.
1284 2674 1317 2679 —
1345 2660 1405 2688 aut
1420 2657 1460 2688 ab
1484 2656 1624 2687 A2132V:
1651 2659 1687 2686 ul
1703 2654 1745 2685 ab
1761 2654 1812 2693 A¹,
1839 2656 1880 2686 ab
1897 2656 1946 2693 13¹,

177 2710 212 2737 ut
235 2710 293 2738 aul
317 2707 357 2738 ab
383 2708 408 2738 H
448 2723 482 2729 -
524 2716 546 2738 a
575 2708 598 2738 B
625 2716 701 2748 sup.
730 2707 788 2738 lin.
817 2725 850 2730 -—
892 2709 943 2738 iz.
975 2707 1158 2746 prohibitus
1182 2716 1245 2746 pro
1276 2707 1435 2747 religione
1466 2707 1491 2737 11
1533 2724 1566 2728 —
1611 2706 1662 2737 43.
1684 2705 1845 2744 pasiphae
1869 2705 1947 2740 HV„

175 2756 312 2796 pasiphe
338 2758 379 2794 Β,
403 2758 511 2797 pasife
534 2760 561 2788 A
590 2774 624 2780 —
661 2757 712 2788 44.
737 2757 828 2798 fano]
855 2759 949 2788 dome
975 2758 1001 2788 H
1030 2773 1063 2779 —
1092 2757 1300 2788 eoecubabanl
1324 2758 1347 2787 (j
1375 2756 1448 2796 (sed
1475 2756 1501 2786 Η
1527 2755 1722 2793 excubanw
1748 2755 1950 2787 incubabant

177 2807 202 2837 Ο
227 2815 308 2838 cum
333 2809 482 2838 Manutio
519 2825 552 2829 -
591 2808 643 2838 45.
671 2808 811 2838 oracula
835 2808 882 2840 O:
918 2808 950 2838 in
974 2808 998 2838 Α
1027 2809 1079 2837 est
1103 2807 1233 2840 oracla,
1266 2806 1329 2837 sed
1354 2814 1434 2837 cum
1460 2804 1592 2844 virgula
1616 2804 1751 2836 litterae
1776 2806 1787 2835 l
1815 2805 1946 2843 addita,

178 2858 214 2886 ut
237 2857 378 2897 saepius
403 2858 436 2887 in
461 2856 526 2887 hac
552 2865 657 2894 vocey
693 2857 786 2888 unde
812 2859 921 2887 torma
947 2857 1096 2887 oraclum
1121 2865 1189 2887 non
1215 2856 1345 2896 ubique
1372 2858 1465 2886 certa
1492 2855 1629 2886 ridetur
1661 2872 1695 2878 —
1728 2855 1843 2886 oracla
1868 2864 1950 2886 uera

178 2905 335 2937 ducebant
359 2906 445 2945 (sine
471 2906 596 2945 quietis)
625 2907 649 2937 H
677 2923 712 2929 —
742 2911 889 2937 nostram
908 2908 932 2938 Η
962 2924 995 2928 κ
1023 2907 1148 2945 quoties
1172 2907 1196 2937 Ο
1225 2924 1258 2927 -
1289 2906 1339 2936 46.
1360 2906 1492 2945 quanlt‘s
1509 2905 1698 2944 —-paruil,
1725 2914 1815 2944 quae
1840 2905 1948 2936 verba

179 2954 280 2986 codd.
309 2956 341 2986 in
368 2956 436 2985 ilne
461 2956 536 2995 §98
562 2954 715 2991 habent,
743 2956 811 2987 huc
836 2957 1038 2996 reponenda
1065 2964 1143 2987 esse
1169 2957 1253 2986 vidit
1278 2956 1438 2986 Davisius
1466 2972 1500 2976 —
1540 2954 1592 2985 47.
1619 2958 1720 2985 essent
1742 2958 1801 2985 aul
1823 2964 1896 2986 cum
1920 2955 1948 2986 H

181 3020 215 3026 —
249 3005 300 3036 49.
327 3006 501 3036 dissessisse
534 3005 558 3035 Η
598 3021 634 3026 -
670 3006 777 3036 cisum
801 3011 879 3037 esset
909 3007 1045 3037 Moser:
1082 3007 1189 3036 visum
1212 3010 1257 3036 esc
1282 3006 1345 3035 (ΖΟ
1382 3022 1415 3026 —
1456 3005 1508 3036 ΞΟ.
1535 3003 1607 3034 labe
1633 3004 1766 3035 Ernesti
1792 3007 1826 3036 et
1849 3004 1949 3036 Mad-

180 3054 234 3094 vig
267 3056 457 3092 (commate
491 3056 569 3095 post
596 3054 683 3094 qlobi
715 3056 864 3095 posito):
901 3056 988 3086 labes
1013 3056 1076 3086 CO
1109 3054 1227 3095 (ylobi.
1259 3055 1380 3086 Delata
1409 3054 1680 3085 etiam--labes
1709 3055 1750 3092 O)
1787 3070 1822 3077 -
1861 3055 1948 3085 desi-

180 3103 273 3134 dissel
296 3105 376 3135 AB:
411 3104 570 3135 disidissel
595 3105 639 3142 H,
673 3105 842 3136 desedisset
867 3106 975 3145 VfflO
1011 3123 1045 3126 —
1083 3106 1198 3144 apulia
1223 3104 1249 3134 Η
1285 3121 1319 3125 -
1356 3103 1408 3134 23.
1435 3103 1610 3134 sediciones
1631 3105 1658 3135 Λ
1693 3121 1728 3126 —
1765 3104 1948 3135 denuncia-

183 3150 322 3183 bantur:
360 3154 393 3183 in
422 3153 471 3183 his
501 3153 650 3184 omnibus
682 3154 816 3185 Ernesti
854 3171 887 3176 ——
932 3154 984 3185 224.
1018 3154 1141 3185 sibillae
1172 3154 1254 3191 ΑΗ,
1292 3154 1329 3183 ut
1357 3153 1428 3183 iere
1460 3161 1599 3188 semper
1635 3170 1669 3175 —
1712 3154 1790 3192 quid
1818 3163 1892 3185 cum
1920 3155 1949 3185 is

185 3199 211 3230 H
249 3218 282 3224 -—
323 3204 374 3235 25.
412 3206 500 3234 orcos
532 3204 557 3233 V
594 3220 629 3225 -
679 3204 731 3234 ⁶26.
763 3212 837 3234 cwn
870 3204 1050 3235 Herelius:
1088 3204 1175 3242 quod
1200 3204 1248 3239 (J,
1286 3204 1490 3243 corruptum
1527 3210 1569 3232 ex
1604 3211 1701 3242 quom
1737 3219 1772 3224 —
1812 3204 1948 3235 Atratus

185 3249 331 3282 Marsus:
358 3256 490 3284 aeratus
514 3254 558 3291 C,
585 3255 622 3284 ut
646 3253 755 3285 edidit
780 3255 936 3285 Moserus
960 3271 1002 3276 -
1027 3254 1075 3285 028.
1105 3253 1243 3293 defluxit
1267 3251 1351 3282 dett.
1378 3252 1497 3292 pauci:
1531 3252 1659 3292 esslwcil
1684 3252 1707 3283 C
1735 3268 1769 3274 —
1802 3253 1855 3284 29.
1881 3262 1897 3284 e
1921 3254 1944 3284 B

184 3306 273 3331 corr.
299 3308 341 3331 ex
363 3303 413 3333 ine
447 3320 489 3325 -—
524 3304 697 3335 attentione
720 3303 747 3334 V
785 3320 820 3324 —
858 3303 910 3334 30.
936 3302 1174 3343 respondebunt
1198 3302 1224 3331 V
1257 3318 1301 3324 —
1335 3301 1387 3332 32.
1412 3303 1488 3333 sunl
1509 3301 1656 3341 quotiens
1678 3304 1812 3334 senatus
1839 3302 1946 3334 decem
