2249 3624
320 143 403 186 610
1034 144 1172 185 CATO
1203 143 1375 185 MAIOR

320 251 445 290 morti
474 253 559 290 tam
589 250 724 290 simile
755 263 880 303 quam
911 263 1116 290 somnum.
1167 246 1235 288 81.
1265 249 1391 302 Atqui
1425 248 1722 289 dormientium
1752 248 1880 289 animi
1901 249 2082 291 maxime

321 313 533 353 declarant
570 313 828 353 divinitatem
871 326 1018 359 suam;
1063 311 1193 351 multa
1231 311 1367 358 enim,
1410 324 1504 351 cum
1540 312 1703 352 remissi
1742 315 1784 351 et
1818 311 1942 351 liberi
1973 318 2080 361 sunt,

317 374 456 415 futura
486 376 758 428 prospiciunt.
817 375 881 414 Ex
912 387 996 427 quo
1028 373 1287 426 intellegitur
1317 373 1465 426 quales
1494 373 1622 413 futuri
1654 374 1757 421 sint,
1779 387 1872 413 cum
1894 387 1937 413 se
1960 374 2081 426 plane

319 438 505 491 corporis
534 437 714 477 vinculis
743 436 1036 476 relaxaverint.
1098 435 1257 483 Quare,
1289 436 1323 474 si
1353 435 1456 475 haec
1487 436 1545 475 ita
1574 440 1684 482 sunt,
1717 435 1776 475 sic
1806 449 1872 475 me
1903 435 2081 484 colitote,

285 498 470 553 5inquit,
500 504 546 539 ut
577 499 723 539 deum:
756 499 821 538 sin
851 511 934 537 una
965 503 1027 537 est
1055 497 1299 537 interiturus
1322 498 1487 537 animus
1509 511 1603 537 cum
1625 510 1813 550 corpore,
1835 509 1910 537 vos
1929 502 2082 546 tamen,

319 562 420 602 deos
447 567 660 607 verentes,
703 561 775 613 qui
805 560 914 599 hanc
945 573 1111 599 omnem
1142 558 1499 612 pulchritudinem
1529 564 1696 599 tuentur
1726 564 1766 598 et
1795 564 1968 612 regunt,
1999 572 2084 599 me-

318 625 491 665 moriam
522 623 652 663 nostri
684 623 753 675 pie
784 622 1071 674 inviolateque
1103 621 1363 661 servabitis.»

431 686 583 726 XXIII.
631 683 697 723 8⁵2.
747 685 878 738 Cyrus
920 684 1089 737 quidem
1127 683 1232 723 haec
1269 684 1478 723 moriens:
1525 696 1626 730 nOS,
1671 684 1705 723 si
1745 683 1902 736 placet,
1942 688 2084 724 nostra

318 749 546 788 videamus.
606 749 736 787 Nemo
769 759 967 800 umquam
1000 745 1119 794 mibi,
1152 745 1316 798 Scipio,
1348 745 1620 798 persuadebit
1659 750 1731 785 aut
1767 750 1928 798 patrem
1967 750 2084 785 tuum

268 815 303 844 ⁴0
319 802 492 851 Paulum
523 814 595 849 aut
625 809 728 849 duos
759 822 883 854 avos,
922 807 1095 848 Paulum
1127 813 1167 848 et
1197 807 1460 854 Africanum,
1504 812 1576 846 aut
1605 806 1792 847 Africani
1823 812 1984 860 patrem
2014 812 2086 847 aut

317 878 511 926 patruum
542 877 615 911 aut
645 871 797 911 multos
830 876 1090 924 praestantes
1124 871 1247 916 viros,
1281 883 1386 923 quos
1419 883 1667 910 enumerare
1700 884 1786 910 non
1817 875 1880 910 est
1900 883 2083 918 necesse,

318 941 432 975 tanta
471 947 562 974 esse
603 939 802 981 conatos,
849 947 958 987 quae
996 933 1047 972 ad
1088 932 1345 986 posteritatis
1387 933 1631 972 memoriam
1673 934 1959 985 pertinerent,
2004 932 2085 972 nisi

318 998 458 1037 animo
501 1001 721 1037 cernerent
760 996 1047 1049 posteritatem
1087 996 1138 1034 ad
1180 1008 1223 1034 se
1266 995 1490 1047 pertinere.
1550 996 1614 1034 An
1654 1008 1819 1043 censes,
1861 1000 1908 1036 ut
1937 994 1988 1035 de
2019 1009 2083 1036 me

317 1061 410 1113 ipso
442 1059 601 1113 aliquid
634 1072 748 1098 more
781 1072 925 1098 senum
958 1057 1133 1110 glorier,
1173 1070 1237 1096 me
1269 1062 1404 1096 tantos
1436 1057 1598 1096 labores
1631 1056 1802 1097 diurnos
1839 1062 2085 1097 nocturnos-

268 1123 305 1153 ⁴5
319 1135 401 1175 que
433 1121 546 1161 domi
579 1120 837 1174 militiaeque
871 1126 1161 1173 suscepturum
1192 1119 1336 1165 fuisse,
1364 1120 1397 1159 si
1420 1119 1553 1158 isdem
1576 1117 1728 1159 finibus
1752 1120 1927 1172 gloriam
1950 1133 2084 1160 meam

317 1184 470 1238 quibus
503 1184 629 1223 vitam
663 1196 797 1222 essem
828 1182 1160 1222 terminaturus?
1210 1183 1357 1221 Nonne
1388 1181 1539 1221 melius
1572 1182 1701 1222 multo
1732 1182 1881 1222 fuisset
1911 1182 2086 1222 otiosam

317 1252 496 1287 aetatem
542 1251 583 1285 et
627 1246 811 1298 quietam
854 1245 945 1284 sine
992 1245 1078 1284 ullo
1119 1244 1259 1284 labore
1299 1249 1340 1283 et
1378 1244 1648 1284 contentione
1689 1245 1944 1285 traducere?
2004 1244 2085 1284 Sed

317 1309 460 1353 neseio
501 1321 585 1362 quo
625 1308 751 1347 modo
791 1308 956 1346 animus
988 1307 1152 1359 erigens
1184 1320 1227 1346 se
1259 1307 1544 1359 posteritatem
1575 1307 1632 1346 ita
1663 1320 1828 1360 semper
1859 1308 2087 1360 prospicie-

317 1371 408 1418 bat,
442 1369 582 1423 quasi,
621 1383 714 1409 cum
746 1370 999 1409 excessisset
1029 1383 1050 1409 e
1084 1369 1187 1416 vita,
1227 1374 1314 1408 tum
1346 1368 1531 1422 denique
1562 1369 1749 1409 victurus
1780 1374 1902 1409 esset.
1963 1370 2086 1418 Quod

267 1436 303 1466 20
319 1433 491 1487 quidem
523 1432 566 1471 ni
597 1432 653 1471 ita
684 1446 728 1472 se
758 1431 933 1471 haberet
962 1437 1008 1471 ut
1038 1432 1167 1471 animi
1199 1431 1444 1471 inmortales
1468 1437 1622 1479 essent,
1644 1431 1756 1472 haud
1779 1433 1926 1485 optimi
1950 1434 2087 1474 cuius-

318 1508 401 1548 que
445 1494 609 1534 animus
651 1494 832 1534 maxime
877 1494 930 1533 ad
976 1494 1287 1534 inmortalitatis
1331 1494 1504 1546 gloriam
1547 1495 1761 1534 niteretur.
1832 1493 1899 1535 83.
1943 1496 2086 1544 Quid?

318 1558 432 1611 quod
476 1557 808 1609 sapientissimus
849 1557 1031 1610 quisque
1078 1557 1334 1609 aequissimo
1381 1556 1519 1596 animo
1567 1557 1768 1604 moritur,
1815 1557 2086 1598 stultissimus

316 1619 608 1673 iniquissimo,
639 1632 781 1658 nonne
812 1619 930 1658 vobis
962 1618 1126 1658 videtur
1156 1618 1192 1657 is
1224 1619 1401 1665 animus,
1434 1619 1506 1672 qui
1538 1619 1631 1672 plus
1663 1624 1806 1658 cernat
1836 1624 1878 1659 et
1907 1620 2086 1673 longius,

316 1683 460 1723 videre
491 1695 541 1723 se
567 1681 619 1721 ad
651 1682 827 1721 meliora
857 1681 1091 1734 proficisci,
1133 1681 1202 1720 ille
1235 1686 1397 1728 autem,
1429 1682 1497 1721 cui
1529 1682 1721 1721 obtusior
1751 1683 1804 1721 sit
1835 1682 1970 1729 acies,
2002 1695 2086 1722 non

267 1746 494 1785 25videre‘?
554 1744 759 1797 Equidem
800 1742 951 1783 efferor
990 1743 1127 1783 studio
1169 1749 1308 1796 patres
1349 1749 1532 1790 vestros,
1574 1757 1678 1797 quos
1720 1743 1829 1784 colui
1871 1749 1913 1784 et
1943 1742 2085 1792 dilexi,

317 1807 505 1854 videndi,
536 1820 675 1859 neque
706 1819 806 1846 vero
840 1819 912 1846 eos
946 1806 1082 1845 solum
1114 1807 1337 1846 convenire
1367 1819 1491 1854 aveo,
1525 1819 1629 1859 quos
1661 1806 1752 1858 ipse
1784 1806 1981 1858 cognovi,
2013 1805 2085 1846 sed

316 1869 412 1909 illos
445 1869 587 1915 etiam,
627 1869 678 1908 de
719 1869 872 1922 quibus
910 1868 1049 1908 audivi
1091 1874 1132 1908 et
1168 1868 1249 1921 legi
1289 1873 1330 1908 et
1359 1869 1448 1922 ipse
1480 1868 1725 1921 conscripsi.
1787 1868 1880 1917 Quo
1913 1868 2084 1922 quidem

317 1945 383 1971 me
415 1928 749 1983 proficiscentem
779 1930 891 1970 haud
925 1944 1024 1970 sane
1057 1931 1152 1984 quis
1182 1931 1305 1971 facile
1338 1932 1558 1970 retraxerit
1587 1944 1665 1970 nec
1694 1936 1907 1984 tamquam
1930 1931 2085 1971 Peliam

317 1986 556 2042 recoxerit3
603 1999 643 2033 et
674 1994 708 2033 si
740 1994 835 2046 quis
867 1993 970 2033 deus
1001 1993 1103 2032 mihi
1134 1993 1334 2046 largiatur
1362 1999 1408 2033 ut
1439 2007 1491 2033 ex
1523 1992 1598 2033 hac
1629 1998 1765 2033 aetate
1795 2005 2086 2046 repuerascam

268 2059 305 2089 30
320 2061 361 2096 et
389 2057 433 2096 in
464 2056 583 2095 cunis
614 2056 791 2109 vagiam,
822 2055 944 2095 valde
975 2068 1165 2095 recusem
1197 2069 1274 2095 nec
1304 2069 1403 2095 vero
1435 2055 1560 2095 velim
1595 2057 1716 2109 quasi
1747 2055 1926 2096 decurso
1954 2055 2085 2108 spatio

407 2217 438 2247 l.
466 2219 535 2246 tam
557 2215 662 2247 simile
684 2216 783 2247 morti
808 2216 832 2247 F.
860 2234 891 2239 —
922 2219 1021 2255 atque
1043 2217 1070 2247 N
1097 2233 1132 2237 —-
1159 2225 1318 2248 maoeume
1341 2217 1379 2254 S,
1408 2225 1476 2247 om.
1504 2216 1528 2246 E
1555 2232 1589 2237 —
1624 2216 1655 2246 2.
1683 2215 1776 2247 liberi
1798 2217 1829 2246 et
1851 2215 1977 2247 remissi
1999 2216 2024 2247 E
2050 2233 2084 2239 -

319 2266 350 2297 3.
373 2266 581 2305 prospiciunt
602 2266 719 2305 futura
749 2267 777 2297 N
817 2283 851 2287 —
892 2266 998 2306 futuri
1021 2269 1095 2296 sunl
1126 2267 1239 2297 BINS
1281 2283 1315 2287 —
1355 2266 1448 2305 plene
1480 2266 1556 2296 1315
1596 2282 1632 2288 —
1675 2264 1705 2297 4.
1732 2274 1910 2305 corporum
1941 2266 2024 2297 BIS
2050 2283 2084 2289 —

318 2315 549 2347 relaoeauerinl
573 2324 663 2355 corp.
682 2315 801 2345 uinclis
825 2315 848 2346 E
879 2333 910 2337 -
938 2316 1056 2346 uinclis
1079 2316 1139 2346 NR
1166 2332 1200 2337 —
1229 2315 1447 2347 relazaueral
1470 2316 1496 2346 N
1525 2333 1558 2337 —
1586 2316 1679 2346 colite
1704 2315 1728 2346 E
1756 2332 1790 2337 —
1828 2317 1859 2347 5.
1884 2316 1993 2354 inquit
2016 2323 2084 2347 om.

319 2365 345 2396 Ο
372 2382 407 2387 -
434 2366 586 2396 interitus
609 2366 632 2396 B
662 2381 696 2387 -
725 2365 755 2396 6.
780 2365 915 2404 pulerit.
943 2366 990 2396 BI
1025 2382 1059 2386 —
1085 2365 1116 2397 8.
1143 2366 1222 2396 haec
1247 2367 1377 2405 quidem
1401 2367 1424 2397 E
1452 2384 1487 2388 —
1514 2366 1610 2397 michi
1634 2367 1778 2396 moriens
1801 2365 1827 2395 N
1854 2381 1889 2386 —
1913 2364 2086 2404 placeatN

320 2433 355 2438 —
384 2415 415 2446 9.
441 2416 540 2447 michi
562 2423 722 2454 umquam
746 2415 770 2445 E
788 2416 823 2445 et
840 2414 961 2446 Duisb.
1002 2431 1036 2436 —
1077 2416 1116 2446 40
1152 2418 1183 2446 et
1206 2417 1363 2456 affricani
1387 2416 1482 2446 ENR
1522 2433 1554 2438 —
1595 2416 1647 2446 ll.
1673 2415 1812 2446 mullum
1838 2414 1860 2444 E
1895 2431 1930 2436 —
1965 2421 2087 2446 necesse

318 2476 385 2498 non
408 2471 453 2499 est
477 2467 501 2498 E
535 2483 577 2488 ——
614 2465 665 2496 43.
693 2465 736 2495 ad
760 2473 792 2495 se
811 2473 906 2503 posse
926 2465 1091 2503 pertinere
1116 2466 1226 2496 BINS
1255 2484 1287 2488 —
1328 2464 1379 2497 44.
1406 2466 1473 2505 ipse
1496 2466 1573 2496 BIS
1601 2482 1635 2487 —-
1674 2466 1726 2496 45.
1752 2464 1876 2495 hisdem
1898 2464 2024 2495 BNRS
2049 2480 2083 2484 —

320 2517 372 2548 46.
392 2526 456 2548 esse
473 2517 498 2547 R
521 2533 564 2538 -
587 2518 822 2546 transacturus
844 2514 955 2544 BINS
981 2513 1042 2545 soli
1069 2523 1110 2545 ex
1135 2516 1224 2546 meis
1252 2534 1286 2537 —-
1314 2516 1415 2546 mullo
1440 2515 1556 2547 melius
1580 2516 1604 2547 E
1629 2514 1724 2547 solus
1752 2532 1786 2536 —
1814 2514 1866 2544 47.
1892 2516 1923 2544 et
1945 2513 2086 2551 quietam

319 2569 462 2598 aetatem
485 2565 512 2596 N
548 2580 583 2585 -—
621 2563 688 2594 ullo
713 2566 771 2594 aul
795 2563 905 2594 labore
929 2564 1006 2602 ER,
1033 2564 1096 2595 sed
1122 2568 1180 2595 aut
1203 2565 1237 2596 in
1263 2565 1286 2596 R
1312 2573 1387 2605 sup.
1407 2564 1464 2596 lin.
1507 2583 1541 2587 —
1579 2568 1608 2596 el
1631 2568 1716 2595 cont.
1736 2564 1808 2595 IN:
1835 2572 1905 2595 om.
1932 2564 2005 2603 BS,
2030 2565 2087 2594 auc

320 2619 404 2647 cont.
424 2616 467 2653 R,
495 2616 554 2644 aut
577 2614 785 2644 contradictu
810 2613 833 2645 E
861 2631 896 2636 —
935 2614 987 2645 48.
1014 2622 1046 2645 se
1069 2615 1196 2655 eriyens
1220 2615 1244 2646 E
1269 2614 1364 2646 solus
1402 2632 1438 2636 —-
1474 2623 1601 2654 semper
1623 2615 1671 2645 ita
1694 2616 1739 2653 R,
1773 2613 1837 2646 sed
1861 2614 1910 2645 ila
1933 2622 2009 2655 sup.
2027 2612 2083 2645 lin.

324 2684 357 2688 —
388 2665 439 2696 49.
465 2673 539 2695 cum
561 2664 630 2694 iam
654 2673 725 2695 eze.
752 2664 777 2695 E
821 2682 855 2687 —
897 2668 966 2695 tum
994 2673 1118 2703 semper
1149 2665 1285 2703 denique
1316 2665 1362 2699 Β;
1397 2668 1465 2695 tum
1490 2665 1618 2695 demum
1642 2664 1734 2695 Bake
1759 2663 1803 2695 ad
1830 2665 1900 2696 Cle.
1929 2664 1972 2696 de
1997 2663 2084 2704 legg.

321 2725 355 2757 p.
373 2715 434 2748 479
460 2732 495 2737 —
522 2715 575 2746 20.
602 2714 664 2744 nisi
688 2714 713 2745 E
741 2731 774 2736 —
800 2714 881 2745 haul
903 2715 931 2746 N
958 2731 992 2735 —
1021 2715 1073 2746 2¹.
1102 2714 1146 2744 ad
1170 2714 1420 2744 innzorlalilale's
1443 2714 1586 2754 gloriam
1608 2714 1705 2744 BIS:
1741 2714 1785 2744 ad
1810 2714 2087 2745 immortalitatem

321 2765 365 2802 E,
399 2765 442 2795 ad
464 2764 683 2795 immortalem
706 2764 851 2804 9loriam
874 2765 920 2802 N,
953 2763 1040 2795 Gud.
1068 2762 1185 2801 Oehl.‚
1224 2765 1267 2794 ad
1290 2764 1461 2795 mortalem
1485 2764 1629 2804 gloriam
1659 2764 1702 2802 R,
1740 2764 1785 2794 ad
1808 2763 2086 2794 immortalitatem

320 2814 448 2854 gloriae
471 2814 496 2845 O
521 2812 613 2845 nulla
638 2816 732 2844 certa
758 2814 964 2845 auctoritate
991 2830 1025 2835 —
1052 2813 1104 2844 23.
1131 2814 1158 2844 is
1182 2814 1313 2844 animus
1338 2814 1510 2844 BINRS:
1544 2814 1577 2844 id
1600 2814 1713 2844 sanius
1737 2813 1773 2851 E,
1800 2813 1933 2843 animus
1955 2813 1983 2843 is
2005 2812 2030 2842 O
2049 2827 2082 2833 —-

321 2865 424 2894 cernit
448 2863 472 2894 E
503 2880 545 2885 —
580 2862 632 2894 24.
659 2864 713 2894 cui
736 2864 908 2894 BEINS:
936 2864 1028 2894 cuius
1052 2863 1095 2899 R.
1123 2862 1141 2894 4
1166 2862 1250 2893 dett.
1278 2863 1348 2894 mei
1373 2864 1409 2894 et
1433 2863 1458 2894 Ο
1497 2880 1531 2884 ——
1569 2862 1686 2893 obtusa
1711 2862 1735 2892 E
1763 2879 1797 2884 —
1837 2864 1924 2893 acies
1947 2861 2022 2892 sill
2048 2876 2082 2882 -

321 2913 373 2944 25.
400 2916 528 2943 nostros
551 2913 610 2943 ER
653 2931 689 2936 —
737 2914 789 2945 26.
815 2922 893 2944 vero
917 2921 986 2944 om.
1014 2913 1061 2949 E;
1099 2921 1201 2951 neque
1224 2921 1302 2943 uero
1325 2929 1343 2934 —
1361 2930 1379 2935 -
1402 2913 1580 2952 conscripsi
1611 2913 1740 2944 Nonius
1764 2921 1798 2953 p.
1818 2913 1893 2950 270,
1912 2912 1971 2951 32,
2003 2911 2085 2942 item

323 2970 357 3003 p.
373 2962 448 2999 276,
466 2963 494 3000 t,
521 2961 580 2993 ubi
605 2965 657 2995 est
682 2964 714 2994 in
740 2963 842 2994 codd.
869 2963 993 2994 lacuna
1031 2980 1066 2984 —
1104 2971 1156 2993 eos
1179 2961 1262 2992 solos
1286 2962 1453 2998 BEINS3
1478 2962 1582 2993 solum
1606 2962 1723 2993 firmat
1746 2962 1877 2993 Nonius
1917 2977 1952 2984 —-
1987 2959 2084 2992 habeo

322 3012 501 3043 BEINRS
529 3029 563 3035 —
602 3014 654 3044 27.
674 3014 773 3045 etiam
797 3014 867 3044 illos
891 3014 915 3045 E
950 3030 984 3034 -—
1023 3016 1053 3044 el
1076 3013 1189 3043 audivi
1213 3012 1344 3043 Nonius
1368 3010 1445 3042 loco
1468 3012 1663 3052 posteriore
1698 3029 1733 3034 —
1771 3012 1823 3043 28.
1848 3011 1945 3051 facile
1967 3011 2038 3050 quis
2057 3008 2083 3040 E

323 3060 417 3093 solus
443 3069 484 3092 ex
509 3062 597 3093 meis
615 3079 650 3085 —
677 3071 779 3102 neque
804 3063 828 3093 O
848 3080 881 3084 —
906 3063 1016 3102 pelam
1039 3062 1115 3102 (sed
1140 3062 1150 3092 i
1176 3061 1241 3092 add
1275 3070 1321 3093 m.
1341 3063 1427 3101 rec.)
1452 3063 1619 3093 recoaeeril
1642 3062 1673 3100 I,
1701 3061 1808 3100 pilam
1830 3061 1994 3092 recoxere'c
2015 3058 2080 3098 BS,

323 3111 487 3142 recoaeeril
508 3111 612 3150 pilam
636 3112 679 3148 R,
712 3114 882 3143 retorserit
901 3113 1008 3152 pilam
1032 3112 1056 3143 E
1083 3129 1118 3133 —-
1152 3112 1204 3142 29.
1232 3114 1261 3142 et
1284 3111 1310 3141 si
1334 3111 1425 3142 mei:
1459 3112 1551 3151 Quod
1574 3111 1601 3142 si
1625 3111 1673 3147 03
1708 3113 1739 3142 et
1761 3111 1789 3141 si
1813 3108 2083 3149 queso-naysum

324 3160 454 3191 Nonius
478 3167 513 3200 p.
534 3159 606 3197 ⁴65,
626 3161 678 3191 29.
700 3179 735 3183 —
761 3162 839 3192 mihi
865 3162 941 3192 deus
964 3162 1025 3193 EN
1053 3179 1087 3183 —
1115 3169 1158 3192 θα)
1180 3161 1241 3191 hac
1265 3164 1373 3191 aelate
1397 3161 1489 3198 BIS,
1516 3161 1667 3192 Nonius:
1697 3169 1739 3191 ex
1762 3162 1869 3191 aetate
1892 3158 1934 3198 E,
1960 3167 2002 3189 ex
2022 3157 2082 3187 hac

324 3209 414 3240 uitae
430 3212 536 3240 aetate
558 3210 619 3240 NR
639 3226 673 3231 -—
700 3218 933 3249 repuerascam
949 3211 1096 3242 Nonius:
1124 3218 1352 3249 repuerescam
1369 3211 1396 3241 N
1414 3212 1447 3242 et
1465 3209 1568 3248 Hild.,
1586 3212 1624 3241 ut
1641 3212 1694 3242 est
1710 3211 1743 3241 in
1762 3209 1864 3240 codd.
1884 3207 2020 3249 optimis
2037 3205 2079 3237 de

327 3257 420 3290 Orat.
438 3259 478 3299 11,
498 3258 582 3299 522,
606 3260 829 3299 repueriscam
851 3260 922 3292 mei
946 3258 1070 3300 reliqui
1095 3276 1130 3282 —
1157 3259 1209 3292 30.
1229 3260 1260 3291 in
1278 3259 1450 3291 cunabulis
1463 3260 1595 3292 Nonius
1615 3277 1648 3282 -
1674 3260 1709 3291 in
1725 3267 1830 3291 cunas
1844 3258 1976 3291 ueniam
1996 3257 2036 3288 N.

2195 183 2200 325 -——-
2193 0 2203 52 ..ι-ι

2242 820 2249 854 -.
2241 700 2249 793 -s—
2218 0 2249 680 --ᾼψῌ
