2249 3624
298 165 379 207 284
737 163 1165 205 TUSCULANARUM
1194 162 1630 203 DISPUTATIONUM

301 273 504 326 adpetitio
535 271 694 325 opinati
725 270 863 323 magni
891 269 989 309 boni
1011 269 1165 309 rationi
1185 282 1271 308 non
1293 269 1608 322 obtemperans,
1639 268 1706 308 vel
1728 268 1932 322 cupiditas
1953 273 2064 308 recte

298 335 364 374 vel
402 335 533 374 libido
576 334 655 373 dici
686 337 834 385 potest.
891 329 956 369 ⁶25.
989 331 1097 383 Ergo
1129 332 1231 370 haec
1263 332 1345 370 duo
1379 344 1554 384 genera,
1594 331 1787 383 voluptas
1820 330 2001 382 gestiens
2027 335 2066 370 et

298 396 442 443 libido,
472 396 676 435 bonorum
711 394 909 446 opinione
942 393 1175 440 turbantur,
1207 398 1251 432 ut
1282 394 1362 433 duo
1393 394 1568 446 reliqua,
1601 399 1733 433 metus
1766 398 1805 432 et
1835 392 2066 444 aegritudo,

298 458 513 498 malorum.
560 458 662 495 Nam
695 461 736 495 et
767 461 900 495 metus
933 455 1075 508 opinio
1109 455 1247 506 magni
1280 456 1376 494 mali
1409 456 1676 508 inpendentis
1700 461 1738 495 et
1766 455 1981 507 aegritudo
2006 459 2069 494 est

267 521 444 573 50pinio
477 519 613 571 magni
646 518 742 557 mali
775 518 1005 571 praesentis
1038 523 1078 556 et
1109 518 1278 570 quidem
1310 532 1454 557 recens
1487 519 1627 571 opinio
1659 519 1753 558 talis
1786 518 1906 565 mali,
1948 522 1993 556 ut
2023 517 2065 555 in

299 596 347 622 eo
379 587 534 622 rectum
566 581 756 620 videatur
786 593 877 619 esse
909 580 1028 631 angi;
1069 579 1111 618 id
1144 586 1282 618 autem
1317 586 1379 619 est
1409 585 1453 619 ut
1484 582 1541 627 is,
1580 581 1651 633 qui
1686 580 1845 627 doleat,
1878 584 2068 632 oportere

297 646 490 698 opinetur
521 657 564 682 se
596 643 748 682 dolere.
797 643 868 681 His
900 648 1039 682 autem
1072 643 1483 695 perturbationibus,
1516 656 1618 695 quas
1641 644 1682 682 in
1707 644 1828 682 vitam
1853 642 2067 681 hominum

298 707 475 748 stultitia
520 706 639 758 quasi
682 705 883 758 quasdam
923 704 1052 744 furias
1094 706 1267 745 inmittit
1308 712 1433 758 atque
1466 705 1633 752 incitat,
1680 705 1872 745 omnibus
1914 703 2069 742 viribus

298 775 423 822 atque
455 768 604 820 opibus
637 768 954 820 repugnandum
987 773 1070 815 est,
1107 768 1139 807 si
1175 768 1366 807 volumus
1398 768 1501 815 hoc,
1534 768 1644 820 quod
1679 769 1819 807 datum
1854 772 1915 806 est
1948 767 2069 813 vitae,

249 841 284 869 40
298 830 524 883 tranquille
555 831 803 884 placideque
836 831 1065 870 traducere.
1113 831 1192 869 Sed
1226 837 1359 870 cetera
1392 831 1514 870 alias:
1547 845 1656 870 nunc
1679 830 2002 882 aegritudinem,
2035 825 2069 868 si

296 907 537 948 possumus,
570 893 842 945 depellamus.
889 892 935 931 Id
968 893 1077 932 enim
1112 894 1164 932 sit
1194 893 1476 946 propositum,
1509 894 1677 946 quando
1701 893 1870 945 quidem
1905 905 1994 931 eam
2027 897 2070 931 tu

296 956 428 996 videri
461 956 536 995 tibi
567 956 609 994 in
641 955 872 1008 sapientem
906 956 1053 995 cadere
1086 955 1250 1001 dixisti,
1288 955 1399 1007 quod
1433 969 1510 1007 ego
1542 955 1657 994 nullo
1691 954 1815 993 modo
1848 954 2070 1001 existimo;

296 1024 429 1059 taetra
460 1018 570 1058 enim
602 1031 667 1057 res
700 1023 780 1065 est,
814 1019 985 1064 misera,
1019 1017 1300 1064 detestabilis,
1334 1018 1446 1056 omni
1470 1019 1762 1063 contentione,
1795 1016 1920 1063 velis,
1951 1021 1995 1055 ut
2015 1016 2071 1055 ita

297 1081 452 1128 dicam,
484 1081 695 1133 remisque
726 1080 936 1133 fugienda.
997 1081 1089 1118 ΧΠ.
1122 1078 1187 1118 QG.
1221 1080 1367 1127 Qualis
1401 1081 1509 1119 enim
1542 1080 1617 1119 tibi
1650 1080 1719 1118 ille
1750 1079 1917 1119 videtur

249 1153 284 1181 ⁴5
355 1143 575 1183 Tantalo
609 1149 931 1196 prognatus,
965 1142 1166 1195 Pelope
1197 1148 1376 1188 natus,
1409 1144 1494 1194 qui
1528 1142 1795 1195 quondam
1827 1155 1849 1181 a
1882 1153 2043 1180 socro

355 1207 624 1247 Oenomao
657 1219 779 1258 rege
813 1205 1228 1259 Hippodameam
1261 1205 1436 1257 raptis
1469 1210 1728 1245 nanctust
1759 1204 1995 1257 nuptiis?

298 1269 409 1309 Iovis
440 1270 518 1309 iste
551 1268 720 1322 quidem
753 1281 980 1321 pronepos.
1029 1269 1185 1306 Tamne
1217 1281 1314 1319 ergo
1346 1268 1536 1307 abiectus
1570 1273 1737 1320 tamque
1770 1265 1958 1306 fractus?

437 1331 631 1378 Nolite,
663 1331 817 1384 inquit,
850 1330 1104 1383 hospites,
1136 1331 1194 1369 ad
1228 1344 1302 1369 me
1334 1330 1511 1369 adire!
1560 1331 1699 1369 Ilico
1738 1329 1930 1376 istinc,

438 1395 506 1433 Ne
539 1394 787 1446 contagio
820 1406 922 1432 mea
953 1393 1111 1432 bonis
1143 1393 1395 1433 umbrave
1428 1393 1583 1432 obsit.

247 1467 284 1495 20
438 1455 549 1496 Meo
580 1462 724 1496 tanta
755 1457 831 1495 vis
863 1455 1091 1495 sceleris
1124 1456 1174 1494 in
1208 1468 1437 1508 corpore
1471 1455 1674 1494 haeret.

298 1522 360 1560 Tu
392 1525 456 1566 te,
497 1519 701 1573 Thyesta,
734 1518 950 1558 damnabis
983 1518 1236 1571 orbabisque
1269 1518 1360 1557 luce
1391 1524 1565 1571 propter
1597 1517 1675 1556 vim
1709 1517 1878 1557 sceleris
1910 1517 2071 1558 alieni?

299 1582 439 1632 Quid?
470 1582 589 1621 illum
623 1580 751 1620 filium
787 1582 895 1620 Solis
927 1594 1066 1620 nonne
1100 1581 1228 1633 patris
1262 1581 1394 1633 ipsius
1428 1581 1518 1620 luce
1552 1580 1768 1633 indignum
1802 1582 1957 1633 putas?

467 1643 735 1696 Refugere
768 1644 937 1684 oculi:
971 1657 1157 1696 corpus
1192 1644 1352 1683 macie
1386 1643 1664 1682 extabuit:

468 1708 739 1747 Lacrimae
771 1707 1023 1760 peredere
1056 1720 1231 1746 umore
1265 1707 1523 1758 exanguis
1555 1720 1740 1758 genas:

248 1780 284 1808 ‘25
469 1770 639 1809 Situm
674 1770 818 1809 inter
849 1771 960 1809 oris
991 1770 1155 1809 barba
1189 1770 1424 1822 paedore
1458 1769 1680 1808 horrida
1712 1774 1873 1822 atque

468 1834 683 1872 Intonsa
715 1832 957 1872 infuscat
989 1838 1180 1884 pectus
1215 1832 1417 1871 inluvie
1451 1832 1713 1871 scabrum.

298 1897 411 1935 Haec
443 1894 571 1942 mala,
613 1909 635 1934 ο
668 1895 912 1934 stultissime
944 1898 1091 1941 Aeeta,
1134 1895 1223 1947 ipse
1258 1895 1327 1933 tibi
1361 1895 1584 1941 adflidisti;
1623 1907 1707 1933 non
1739 1894 1903 1934 inerant
1935 1896 1975 1934 in
2010 1897 2074 1944 iis,

299 1971 406 2012 quae
438 1958 509 1996 tibi
545 1971 663 1997 casus
695 1958 932 2004 invexerat,
967 1964 1007 1996 et
1038 1957 1211 2010 quidem
1244 1959 1474 1997 inveterato
1507 1957 1635 2003 malo,
1670 1970 1762 1996 cum
1785 1962 1923 1997 tumor
1945 1959 2076 2000 animi

298 2020 525 2061 resedisset
547 2042 600 2049 —
623 2026 684 2060 est
714 2026 851 2060 autem
874 2020 1105 2072 aegritudo,
1139 2026 1184 2059 ut
1205 2020 1379 2067 docebo,
1414 2021 1453 2059 in
1477 2020 1676 2072 opinione
1700 2019 1798 2058 mali
1818 2021 1976 2061 recenti
1999 2036 2075 2070 —3

248 2093 285 2123 30
300 2083 372 2123 sed
413 2096 572 2123 maeres
605 2083 801 2123 videlicet
839 2084 957 2136 regni
998 2082 1231 2131 desiderio,
1270 2096 1355 2122 non
1388 2080 1510 2121 filiae.
1558 2082 1675 2121 Illam
1709 2082 1820 2121 enim
1853 2083 2002 2124 oderas
2035 2089 2076 2124 et

298 2146 389 2186 iure
410 2146 609 2187 fortasse:
641 2160 769 2198 regno
791 2160 874 2186 non
898 2160 1033 2200 aequo
1056 2147 1196 2186 animo
1220 2146 1403 2185 carebas.
1448 2146 1521 2185 Est
1542 2150 1682 2185 autem
1705 2145 1912 2197 inpudens
1937 2146 2074 2186 luctus

300 2221 488 2248 maerore
520 2223 564 2249 se
596 2200 878 2256 conficientis,
911 2210 1026 2261 quod
1058 2210 1264 2261 imperare
1297 2222 1380 2248 non
1404 2208 1528 2247 liceat
1549 2208 1703 2247 liberis.
1749 2206 1814 2246 27.
1847 2209 2075 2262 Dionysius

300 2271 471 2324 quidem
503 2277 702 2325 tyrannus
737 2272 952 2325 Syracusis
986 2272 1187 2325 expulsus
1222 2271 1410 2311 Corinthi
1442 2285 1595 2324 pueros
1629 2270 1829 2310 docebat:
1862 2284 1994 2324 usque
2026 2284 2075 2311 eo

301 2450 346 2479 est
370 2447 407 2478 Ο.
436 2446 640 2479 «Aberravit
665 2446 826 2478 librarius
851 2447 1041 2487 Archetypi
1071 2447 1224 2488 primum
1251 2449 1327 2487 post
1354 2446 1460 2477 allero,
1486 2445 1529 2476 ad
1554 2446 1735 2484 cupiditas,
1763 2444 1904 2483 deinde,
1932 2453 2013 2476 cum
2039 2454 2076 2477 se

299 2500 503 2529 revocasset
528 2499 560 2528 et
577 2506 661 2537 quae
681 2497 893 2537 scripsisset,
921 2497 961 2527 ad
989 2501 1072 2527 recle
1099 2498 1146 2527 rel
1170 2497 1267 2528 libido
1285 2497 1347 2526 dici
1370 2499 1483 2535 potest.
1512 2496 1629 2527 Codex
1648 2495 1870 2535 Gryphianus
1895 2504 1957 2535 pro
1983 2494 2077 2527 salsis

301 2557 382 2579 vera
415 2549 563 2579 omisit.»
595 2547 651 2579 W.
686 2563 721 2568 —
758 2548 784 2577 1.
818 2547 866 2577 vaec
896 2547 1060 2585 cupiditas
1089 2551 1174 2578 recle
1205 2548 1255 2578 vel
1286 2547 1384 2577 libido
1414 2547 1476 2576 (lici
1509 2549 1613 2585 poles!
1649 2554 1728 2576 cum
1763 2545 1840 2576 cod.
1875 2545 2076 2586 Gryphiano

302 2606 370 2629 om.
399 2599 423 2629 O
450 2615 483 2619 —
511 2598 542 2628 2.
568 2597 728 2637 genstiens
752 2598 776 2627 G
804 2597 919 2635 (eliani
946 2596 963 2636 g
989 2598 1039 2634 Ξῖ)
1070 2615 1103 2618 -
1131 2596 1162 2628 4.
1191 2598 1397 2636 inpendentes
1422 2605 1601 2636 superscr.
1629 2596 1639 2626 i
1665 2596 1728 2626 GR
1759 2613 1792 2617 -—
1820 2596 1850 2626 5.
1877 2595 1957 2625 mali
1983 2594 2077 2627 delet

302 2648 393 2679 Bake
419 2647 440 2679 l.
466 2647 487 2679 l.
515 2657 546 2688 p.
575 2648 627 2678 91.
657 2665 691 2668 —
724 2650 761 2677 ut
785 2655 963 2686 superscr.
998 2648 1029 2677 in
1057 2648 1081 2677 G
1120 2665 1151 2668 —-
1188 2648 1218 2678 7.
1247 2656 1327 2686 quas
1353 2648 1384 2677 in
1410 2648 1512 2677 cilum
1538 2645 1745 2677 Lambinus:
1777 2647 1872 2684 quasi
1896 2646 1929 2676 in
1954 2647 2026 2677 uita
2052 2647 2075 2678 C

305 2697 378 2738 (sed
404 2698 435 2727 in
461 2698 485 2729 R
510 2699 520 2728 i
544 2699 622 2739 post
647 2706 730 2737 quas
754 2706 853 2728 erasa
881 2697 945 2737 est)
975 2713 1006 2718 -
1042 2698 1088 2727 10.
1115 2701 1240 2727 celeras
1264 2697 1288 2727 O
1310 2714 1343 2718 —
1373 2697 1458 2727 alias
1484 2697 1514 2727 in
1542 2704 1661 2727 rasura
1689 2696 1713 2726 G
1736 2713 1769 2716 —
1799 2696 1847 2725 13.
1877 2704 1971 2726 omne
1995 2697 2020 2726 G
2045 2698 2080 2728 et

304 2756 481 2788 superscr.
509 2749 517 2778 i
550 2749 572 2779 R
600 2766 632 2770 -
672 2749 721 2779 15.
748 2756 841 2778 socro
872 2746 1023 2778 Klotzius
1055 2746 1181 2787 (praef.
1217 2746 1258 2776 ad
1296 2746 1376 2776 edit.
1405 2745 1450 2776 alt
1495 2754 1528 2786 p.
1556 2746 1612 2776 Vll
1638 2745 1723 2784 sq.):
1761 2753 1872 2775 socero
1903 2745 1946 2782 C?
1982 2753 2080 2776 socru

304 2796 462 2836 Bentley,
490 2798 514 2829 O
534 2815 566 2819 —-
596 2798 647 2829 46.
674 2798 928 2837 Hippodamiam
945 2798 969 2828 O
992 2815 1023 2819 -
1053 2800 1203 2826 nwzclusl
1221 2796 1436 2835 Tregderus:
1466 2798 1606 2826 nanctus
1623 2796 1647 2825 G
1664 2796 1704 2832 R,
1732 2798 1849 2826 nactus
1872 2796 1915 2833 B;
1942 2795 2079 2827 vaclu'st

304 2846 462 2886 Bentley.
489 2848 514 2878 O
546 2865 588 2869 —-
620 2847 669 2878 48.
697 2848 813 2885 inquid
845 2848 882 2878 G¹
911 2863 944 2867 —
980 2847 1074 2877 adire
1106 2846 1137 2876 in
1171 2854 1290 2877 rasura
1318 2847 1340 2876 G
1371 2863 1403 2867 —
1432 2846 1527 2877 istinc
1551 2846 1733 2876 Pearcius:
1760 2845 1831 2876 istic
1856 2846 1896 2880 C;
1924 2845 1979 2876 isli
2003 2843 2075 2883 alii3

304 2897 391 2927 istim
415 2897 576 2934 Bouhier,
604 2897 628 2927 O
655 2896 742 2937 (ilico
766 2898 855 2935 istic,
881 2897 930 2928 Ne
953 2896 1105 2935 contayio
1129 2904 1202 2926 mea
1226 2895 1316 2925 bonis
1342 2895 1498 2926 umbrave
1519 2895 1616 2933 obsit,
1643 2895 1749 2925 slecis.
1770 2897 1864 2926 ίαηία
1881 2894 2079 2925 Lachman-

306 2953 371 2977 nus
396 2944 438 2976 ad
465 2946 599 2977 Lucret.
628 2956 659 2987 p.
689 2947 774 2985 489.)
804 2965 837 2969 -
866 2947 917 2977 20.
946 2947 1017 2977 Meo
1042 2944 1205 2983 Bentley:
1234 2954 1303 2976 om.
1333 2946 1355 2975 C
1373 2946 1408 2976 O.
1439 2946 1582 2976 «Cicero
1608 2953 1670 2975 cur
1689 2945 1721 2975 in
1739 2945 1830 2975 tertii
1849 2952 1973 2976 versus
1992 2943 2079 2975 bac-

306 2995 416 3026 chiaci
448 2995 543 3026 initio
576 2995 785 3027 vocabulum
819 2994 1050 3035 dissyllabum
1080 2995 1235 3025 omiserit
1269 3003 1373 3025 causa
1407 2993 1497 3025 nulla
1530 2995 1673 3034 cogitari
1702 2995 1827 3034 potest.
1866 2993 1915 3025 Cf.
1942 2994 1954 3024 Ι
1980 2992 1998 3032 g
2023 2992 2076 3025 34.

305 3043 479 3085 Equidem
505 3054 571 3076 non
599 3045 718 3076 dubito
745 3047 826 3086 quin
851 3044 1028 3076 Bentleius
1052 3046 1124 3076 Meo
1149 3047 1245 3075 recte
1271 3044 1522 3084 suppleverit.»
1549 3045 1603 3075 W.
1631 3062 1664 3066 -
1691 3044 1743 3074 ⁶23.
1771 3042 1929 3074 extabunt
1955 3041 2077 3081 (littera

306 3105 327 3126 n
352 3096 535 3136 expuncta)
563 3096 607 3129 R;
641 3095 802 3126 extabant
826 3103 1003 3136 superscr.
1030 3104 1052 3125 u
1076 3096 1099 3125 G
1128 3112 1161 3115 —
1198 3093 1249 3125 ⁶24.
1277 3102 1426 3124 umorem
1450 3095 1494 3132 R,
1526 3094 1695 3124 humorem
1727 3093 1789 3124 GB
1824 3109 1858 3114 —
1892 3093 1943 3123 25.
1971 3092 2077 3122 Situm

307 3145 393 3176 inter
417 3144 483 3175 oris
509 3144 751 3175 Lachiiiannus
778 3145 832 3184 (ad
859 3145 995 3175 Lucret.
1018 3153 1049 3184 p.
1070 3144 1139 3183 81):
1167 3144 1239 3174 Situ
1262 3144 1378 3173 nitoris
1401 3144 1443 3177 C:
1470 3146 1533 3174 situ
1558 3143 1683 3173 nidoris
1706 3141 1781 3179 alii3
1808 3142 1881 3173 Situ
1903 3142 2034 3172 liventes
2051 3140 2075 3172 O

311 3212 343 3216 —-
362 3194 482 3233 pedore
505 3194 566 3224 GR
590 3212 621 3216 —
648 3197 746 3233 alque
772 3195 887 3233 (adque
906 3192 955 3232 (3¹)
981 3193 1100 3225 delent
1124 3194 1232 3224 Bothe
1252 3195 1283 3224 et
1303 3193 1468 3225 Ribbeck,
1491 3211 1525 3215 —
1546 3194 1597 3224 27.
1625 3196 1719 3224 aeota
1738 3193 1774 3231 G,
1800 3195 1874 3223 eota
1898 3192 1922 3223 R
1937 3192 1960 3222 B
1981 3208 2015 3212 —
2042 3191 2077 3222 in

307 3245 356 3275 his
380 3244 445 3275 CO
474 3261 502 3264 —
533 3244 586 3275 ⁶29.
613 3244 733 3275 recenti
757 3245 847 3275 Bake
873 3243 894 3275 l.
920 3243 941 3275 l.
969 3252 1002 3284 p.
1023 3244 1058 3275 91
1090 3242 1177 3284 (coll.
1205 3243 1246 3284 §S
1271 3244 1323 3274 25.
1350 3243 1402 3274 75.
1431 3243 1473 3274 IV
1497 3242 1514 3283 g
1542 3242 1612 3283 m:
1639 3243 1775 3274 recentis
1800 3241 1864 3274 CO
1894 3260 1925 3264 —
1953 3239 2004 3272 32.
2031 3240 2075 3282 se]

307 3293 362 3326 sed
385 3291 443 3325 G¹.
