2249 3624
349 222 432 269 970
1083 230 1361 273 CICERONIS

452 335 509 373 14.
553 334 688 373 Pridie
702 335 839 374 Nonas
853 335 1098 374 Februarias
1114 348 1205 373 cum
1225 335 1276 374 ad
1296 342 1336 374 te
1356 335 1511 374 litteras
1530 348 1649 375 mane
1665 335 1889 386 dedissem,
1907 336 2102 378 descendi

351 394 404 434 ad
422 396 551 434 forum
580 402 756 447 togatus,
787 409 879 436 cum
898 397 1044 448 reliqui
1073 397 1311 437 consulares
1332 399 1460 449 sagati
1480 398 1632 437 vellent
1652 399 1921 438 descendere.
1957 399 2104 449 (Idem

351 470 389 496 v.
411 459 560 509 Sagum
579 472 620 511 p.
641 459 750 509 538.)

947 511 1005 548 An
1033 523 1184 549 EUNDEM
1209 522 1328 548 Erisr.
1358 522 1432 548 Lm.
1462 523 1503 549 11.

320 580 339 609 5
454 572 487 610 1.
530 572 612 610 Sed
640 573 694 611 ita
722 571 1065 611 locutusinsulse
1094 578 1170 621 est,
1199 578 1243 611 ut
1260 573 1407 611 mirum
1437 579 1604 612 senatus
1625 575 1853 613 convicium
1882 576 2104 626 exceperit.

350 634 546 673 Nonius
574 648 611 673 v.
632 634 836 673 Insulsum
853 647 892 685 p.
917 636 999 682 33.)

448 697 483 736 2.
528 698 572 736 In
600 709 679 749 quo
710 703 776 736 tua
796 709 861 735 me
891 698 1130 749 provocavit
1157 698 1300 748 oratio,
1330 709 1421 736 mea
1450 704 1671 737 consecuta
1692 704 1756 737 est
1774 699 1926 749 segnis.
1959 698 2107 746 (Idem

349 771 386 796 v.
408 759 602 809 Ignavum
623 765 662 798 et
679 760 813 810 Segne
835 772 874 811 p.
899 761 981 808 33.)

451 823 486 860 3.
534 822 712 873 Bellum,
753 829 795 861 ut
823 824 960 874 opinio
988 835 1080 862 mea
1106 823 1206 872 fert,
1246 835 1296 861 ex
1324 834 1532 861 consensu
1565 824 1740 863 civitatis
1770 825 2000 864 confectum
2027 827 2106 865 iam

300 893 335 922 40
349 883 610 924 haberemus
667 886 824 935 (Idem
844 899 881 924 v.
905 887 1141 925 Confectum
1166 898 1205 937 p.
1224 886 1333 934 269.)

418 989 421 992 ⁴
446 948 482 986 4.
525 948 581 970 *f
610 961 700 987 cum
739 953 899 987 constet
933 949 1152 988 Caesarem
1191 949 1387 999 Lupercis
1416 947 1458 987 id
1486 948 1660 999 vectigal
1689 948 1879 1000 dedisse,
1916 952 1985 1001 qui
2012 942 2106 990 ante

350 1016 509 1062 poterat
535 1010 576 1049 id
605 1012 826 1050 constare?
879 1010 1038 1060 (Idem
1057 1025 1095 1050 V.
1120 1013 1289 1050 Constat
1315 1025 1353 1063 p.
1379 1013 1485 1059 273.)

447 1074 482 1111 5.
526 1073 584 1112 De
615 1079 744 1112 statua
775 1076 917 1113 nescio
946 1074 1062 1112 cuius
1092 1073 1245 1123 Clodii,
1285 1086 1405 1125 quam
1435 1087 1527 1112 cum
1555 1075 1713 1113 restitui
1751 1075 1943 1114 iussisset
1970 1078 2108 1115 Anco-

348 1149 440 1187 nae,
480 1148 571 1175 cum
607 1135 704 1175 hero
743 1135 946 1176 deiectam
988 1149 1081 1175 esse
1120 1149 1169 1175 ex
1205 1143 1372 1175 senatus
1415 1136 1616 1175 consulto.
1687 1136 1841 1185 (Idem
1870 1151 1906 1176 v.
1937 1139 2108 1177 Deicere

300 1204 335 1233 ⁴5
348 1213 387 1251 p.
415 1201 522 1248 288.)

448 1266 483 1302 6.
527 1264 546 1286 *⁶
565 1265 585 1286 ἕξ
611 1262 808 1311 insolens,
839 1275 1049 1312 arrogans,
1081 1264 1252 1302 iactans.
1308 1262 1463 1309 (Idem
1484 1276 1520 1300 v.
1544 1261 1728 1301 Insolens
1748 1275 1786 1314 p.
1811 1263 1917 1305 322.)

447 1329 483 1364 7.
529 1328 659 1374 Quem
688 1326 847 1377 perisse
875 1326 929 1364 ita
959 1325 1010 1364 de
1039 1338 1082 1364 re
1101 1325 1264 1376 publica
1286 1331 1514 1363 merentem
1544 1324 1755 1363 consulem
1780 1324 1912 1363 doleo.
1961 1324 2109 1374 (Idem

349 1402 387 1427 v.
407 1390 533 1427 Meret
555 1401 594 1439 p.
618 1389 725 1430 344.)

448 1453 485 1490 8.
527 1452 586 1490 Tu
626 1452 659 1490 si
696 1463 830 1491 meam
863 1449 985 1488 fidem
1028 1451 1308 1501 praestiteris,
1352 1449 1462 1501 quod
1496 1450 1655 1488 confido
1694 1455 1732 1488 te
1769 1461 1861 1488 esse
1893 1450 2106 1489 facturum.

300 1519 336 1548 20
351 1513 506 1564 (Idem
525 1527 564 1552 v.
588 1516 800 1553 Praestare
821 1527 860 1565 p.
884 1514 991 1562 371.)

450 1579 485 1616 9.
529 1577 732 1628 Scriptum
772 1582 858 1615 erat
895 1581 1088 1628 equestre
1126 1575 1326 1627 proelium
1362 1574 1481 1613 valde
1521 1573 1771 1625 secundum,
1811 1577 1852 1614 in
1880 1575 1944 1614 his
1973 1581 2109 1615 autem

349 1641 486 1691 potius
513 1639 745 1678 adversum.
803 1638 957 1686 (Idem
977 1651 1014 1677 v.
1038 1638 1272 1695 Secundum
1293 1651 1330 1689 p.
1352 1639 1460 1687 359.)

453 1703 511 1742 10.
556 1704 658 1742 Cum
684 1704 762 1741 iter
789 1703 966 1741 facerem
992 1704 1018 1752 ἦ
1038 1702 1203 1753 Athiqui
1232 1703 1311 1740 iam
1339 1707 1523 1740 aternam
1552 1706 1798 1752 tempestate
1827 1702 2107 1753 spurcissima.

352 1765 501 1815 (Idem
520 1779 557 1805 v.
580 1767 783 1817 Spurcum
802 1779 842 1817 p.
866 1767 968 1808 394.)

301 1832 337 1861 25
453 1831 510 1869 11.
555 1829 661 1868 Nihil
697 1831 860 1868 omnino
899 1829 998 1867 certi
1035 1840 1111 1866 nec
1138 1826 1385 1878 locupletem
1419 1826 1469 1865 ad
1498 1827 1572 1865 hoc
1601 1833 1811 1866 auctorem
1838 1825 2108 1865 habebamus.

353 1892 512 1940 (Idem
539 1905 576 1930 v,
599 1891 842 1943 Locupletes
862 1905 901 1943 p.
925 1893 1032 1938 462.)

453 1955 510 1993 12.
554 1956 755 1994 Antonius
793 1953 964 1993 demens
1005 1959 1097 1993 ante
1132 1953 1265 1991 lucem
1304 1950 1537 2003 paludatus.
1595 1950 1747 2000 (Idem
1777 1964 1812 1990 v.
1836 1950 2111 1990 Paludamen—

351 2022 437 2056 tum
465 2030 503 2069 p.
525 2017 632 2061 539.)

944 2068 1002 2105 AD
1031 2078 1183 2104 EUNDEM
1210 2077 1328 2103 Erlsr.
1360 2076 1432 2102 Lm.
1462 2075 1518 2101 111.

302 2145 339 2174 30
454 2133 486 2169 1.
527 2131 668 2181 Itaque
698 2131 724 2179 ἦ*
756 2130 797 2168 in
832 2142 921 2168 eam
964 2140 1135 2180 pausam
1174 2127 1438 2166 vehementer
1473 2131 1535 2164 est
1570 2127 1767 2164 invectus.
1831 2127 2044 2174 (Nonius
2071 2140 2108 2165 v.

352 2193 489 2232 Invehi
518 2195 689 2248 p.·3‘29.)

453 2257 488 2295 2.
531 2257 614 2307 Ego
643 2262 779 2295 autem
808 2255 1135 2306 antiquissimum
1157 2253 1318 2305 Scythis
1348 2252 1578 2301 oriundum,
1611 2251 1761 2302 quibus
1791 2253 1996 2303 antiquior
2021 2251 2109 2290 lae—

355 2320 440 2358 titia
472 2325 534 2358 est
561 2332 682 2371 quam
709 2319 880 2358 lucrum.
938 2317 1092 2365 (Idem
1120 2330 1157 2355 v.
1183 2317 1386 2367 Antiquus
1406 2328 1445 2366 p.
1469 2316 1578 2363 426.)

920 2383 978 2420 An
1007 2393 1157 2419 Erann
1185 2393 1232 2418 Ex
1260 2392 1332 2417 Lm.
1364 2390 1543 2417 lxcnaro.

304 2457 340 2485 35
456 2447 488 2484 1.
532 2445 704 2484 Posthac
734 2443 844 2496 quod
873 2443 985 2482 voles
1014 2456 1035 2482 a
1064 2455 1129 2480 me
1151 2442 1252 2490 fieri,
1284 2440 1467 2479 scribito.
1524 2440 1692 2478 Vincam
1721 2440 1957 2491 opinionem
1984 2445 2108 2479 tuam.

356 2509 558 2557 (Nonius
591 2521 628 2547 v.
652 2509 798 2559 Opinio
828 2520 867 2559 p.
890 2509 998 2556 356.)

453 2571 488 2609 2.
531 2572 734 2610 Promissa
764 2576 833 2609 tua
859 2571 1054 2609 memoria
1082 2575 1239 2608 teneas.
1299 2567 1451 2616 (Idem
1480 2581 1516 2606 v.
1541 2569 1779 2606 Promittere
1806 2579 1846 2617 p.
1868 2567 1976 2615 362.)

791 2660 854 2701 vl.
907 2661 972 2700 AD
1006 2659 1048 2701 C.
1081 2658 1289 2699 PANSAM
1324 2658 1482 2698 EPIST.
1516 2658 1609 2698 Llss.
1643 2657 1671 2696 Ι.

457 2729 490 2766 1.
533 2729 590 2765 De
618 2727 815 2766 Antiocho
850 2727 980 2765 fecisti
1016 2726 1265 2764 humaniter:
1311 2737 1432 2775 quem
1472 2723 1638 2774 quidem
1677 2735 1750 2771 ego
1786 2733 1950 2772 semper
1989 2720 2112 2760 dilexl

306 2799 504 2840 40meque
543 2790 593 2829 ab
631 2804 678 2829 eo
723 2789 835 2841 diligi
877 2791 1001 2828 sensi.
1069 2789 1274 2837 (Nonius
1302 2801 1337 2825 v.
1369 2788 1606 2826 l‘lumaniter
1631 2798 1670 2836 p.
1702 2786 1786 2823 509.
1818 2785 2112 2823 Priscianus

356 2851 381 2889 1.
405 2853 486 2890 XV.
511 2865 544 2890 ο.
571 2855 604 2891 3.
629 2854 663 2903 g.
691 2853 771 2901 14.)

456 2917 490 2953 2.
521 2916 534 2936 ’²
560 2918 577 2934 ‘²²
620 2928 795 2966 quorum
829 2916 965 2966 erupit
1000 2914 1066 2952 illa
1104 2925 1205 2961 vox,
1246 2912 1296 2950 de
1332 2923 1412 2961 qua
1446 2923 1520 2961 ego
1549 2923 1599 2949 ex
1637 2916 1675 2949 te
1704 2911 1878 2961 primun]
1916 2907 2112 2959 quiddam

357 2974 625 3015 inaudieram.
682 2979 896 3027 (Nonius
923 2990 960 3015 v.
983 2976 1172 3015 Inaudire
1199 2987 1238 3025 p.
1266 2974 1370 3019 126.)
1771 2981 1776 2986 ·

946 3042 1005 3078 ΑΙ)
1033 3050 1182 3077 Ecsnmi
1209 3049 1327 3075 EPIST.
1359 3048 1432 3074 Lm.
1462 3048 1518 3074 111.

306 3111 344 3140 45
459 3102 491 3139 1.
535 3102 615 3139 Nos
657 3102 908 3141 Ventidianis
947 3100 1179 3140 rumoribus
1220 3097 1545 3137 concalsecimus.
1625 3096 1833 3146 (Nonius
1869 3108 1906 3133 v.
1937 3093 2112 3134 Concal-

359 3164 493 3202 facere
521 3175 561 3214 p.
591 3165 674 3210 92.)

445 3276 496 3308 lli.
520 3277 608 3308 Fort.
635 3285 707 3307 eam
729 3276 808 3307 heri.
836 3277 894 3307 Οιι.
924 3292 957 3298 -
988 3276 1037 3307 23.
1057 3278 1120 3308 iter
1141 3275 1283 3314 facerem
1308 3274 1496 3305 Claternam
1520 3274 1606 3305 Non.
1631 3273 1731 3309 lunii;
1757 3272 1802 3303 ad
1817 3271 1960 3303 Hirtium
1984 3270 2113 3302 Clater-

359 3335 438 3358 nam
463 3327 500 3359 C.
527 3327 563 3358 L.
590 3326 688 3358 Roth.
716 3325 831 3358 --30.
864 3326 897 3358 in
921 3334 993 3358 cum
1015 3326 1123 3357 Pansa
1147 3325 1232 3356 lunii
1257 3332 1353 3365 susp.
