2249 3624
385 164 466 207 276
819 168 1248 211 TUSCULANARUM
1277 171 1716 213 DISPUTATIONUM

385 275 455 314 ΙΙΙ.
488 273 525 314 5.
557 275 609 314 At
640 278 678 315 et
714 274 847 314 morbi
885 274 1209 328 perniciosiores
1249 277 1476 331 pluresque
1508 283 1603 318 sunt
1633 277 1761 317 animi
1794 291 1916 331 quam
1949 280 2148 333 corporis.

384 337 476 377 Hoc
502 336 611 376 enim
643 336 736 389 ipso
759 337 895 377 odiosi
918 343 1027 385 sunt,
1058 338 1169 392 quod
1193 339 1243 378 ad
1266 340 1450 379 animum
1473 340 1686 393 pertinent
1707 353 1886 393 eumque
1909 342 2149 391 sollicitant,

384 400 680 452 animusque
703 412 867 452 aeger,
886 405 932 439 ut
952 400 1008 439 ait
1029 401 1204 448 Ennius,
1227 415 1429 454 semper
1451 408 1600 442 errat
1626 417 1791 456 neque
1813 403 1955 457 †pati
1979 417 2150 458 neque

384 462 587 515 perpeti
611 467 799 514 potest:
822 475 1007 514 cupere
1029 476 1290 517 numquam
1313 464 1520 504 desinit.
1548 465 1711 513 Quibus
1730 465 1895 505 duobus
1912 466 2083 513 morbis,
2106 471 2151 506 ut

351 525 570 565 5omittam
600 524 727 571 alios,
759 524 1019 577 aegritudine
1052 531 1093 565 et
1123 526 1362 578 cupiditate,
1394 528 1464 581 qui
1497 528 1664 567 tandem
1696 532 1874 580 possunt
1905 528 1947 567 in
1979 541 2151 582 corpore

333 638 341 646 .
384 600 474 627 esse
497 587 737 640 graviores?
771 587 852 634 Qui
877 600 973 626 vero
999 588 1163 640 probari
1188 593 1337 641 potest,
1367 595 1410 628 ut
1432 589 1507 628 sibi
1532 589 1688 629 mederi
1712 591 1876 641 animus
1897 604 1983 630 non
2004 591 2151 644 possit,

383 663 475 689 cum
517 651 650 702 ipsam
691 649 937 689 medicinam
979 653 1165 703 corporis
1204 651 1366 690 animus
1399 652 1605 691 invenerit
1637 667 1815 706 cumque
1847 653 1899 692 ad
1931 666 2151 707 corporum

381 711 641 751 sanationem
674 712 847 752 multum
880 712 970 765 ipsa
1002 726 1175 766 corpora
1208 719 1248 753 et
1280 718 1425 753 natura
1459 714 1593 753 valeat
1621 728 1696 754 nec
1721 729 1887 762 omnes,
1922 715 1994 768 qui
2016 714 2151 755 curari

381 788 424 814 se
456 775 567 827 passi
599 774 701 821 sint,
734 775 930 814 continuo
963 775 1085 815 etiam
1118 776 1428 823 convalescant,
1470 777 1597 815 animi
1630 783 1790 825 autem,
1834 778 1907 830 qui
1938 791 1981 816 se
2014 778 2151 817 sanari

330 845 365 874 40
381 836 590 876 voluerint
630 838 948 890 praeceptisque
989 838 1238 890 sapientium
1281 838 1512 891 paruerint,
1555 840 1644 878 sine
1677 840 1761 879 ulla
1791 840 2055 880 dubitatione
2086 853 2151 880 sa-

378 900 559 938 nentur?
617 897 655 937 6.
686 900 758 939 Est
799 899 986 952 profecto
1028 901 1153 939 animi
1195 901 1423 947 medicina,
1463 901 1754 955 philosophia,
1800 902 1915 941 cuius
1947 901 2149 941 auxilium

377 974 481 1008 non,
523 966 568 1000 ut
606 961 649 1000 in
689 963 874 1016 corporis
922 963 1099 1010 morbis,
1148 964 1376 1016 petendum
1418 969 1481 1003 est
1518 963 1636 1010 foris,
1678 964 1960 1017 omnibusque
2000 964 2148 1017 opibus

379 1020 586 1077 [viribus],
616 1030 661 1064 ut
693 1031 858 1065 nosmet
879 1026 959 1078 ipsi
981 1026 1100 1065 nobis
1123 1026 1279 1065 mederi
1303 1026 1527 1078 possimus,
1561 1026 1861 1066 elaborandum
1887 1031 1969 1066 est:
2002 1041 2148 1080 quam-

377 1099 501 1138 quam
533 1086 584 1125 de
614 1088 809 1128 universa
851 1088 1138 1141 philosophia,
1181 1094 1335 1142 quanto
1369 1102 1494 1141 opere
1528 1094 1568 1128 et
1598 1089 1835 1142 expetenda
1867 1094 1977 1129 esset
2008 1095 2047 1129 et
2078 1103 2148 1130 co-

325 1148 517 1196 45lenda,
557 1150 674 1198 satis,
716 1156 762 1190 ut
794 1151 993 1198 arbitror,
1034 1151 1188 1190 dictum
1222 1157 1285 1191 est
1318 1151 1359 1189 in
1391 1151 1628 1191 Hortensio.
1679 1153 1739 1190 De
1771 1151 1977 1191 maxumis
2008 1157 2148 1192 autem

374 1211 499 1251 rebus
545 1211 650 1251 nihil
690 1212 778 1253 fere
824 1214 1127 1254 intermisimus
1164 1218 1308 1267 postea
1346 1227 1423 1253 nec
1456 1213 1669 1266 disputare
1709 1227 1785 1253 nec
1816 1214 2008 1254 scribere.
2072 1215 2146 1255 His

373 1279 512 1314 autem
545 1274 661 1315 libris
694 1276 886 1329 exposita
918 1282 1014 1316 sunt
1045 1289 1114 1324 ea,
1146 1289 1253 1329 quae
1285 1289 1307 1315 a
1338 1276 1459 1315 nobis
1492 1290 1587 1316 cum
1619 1276 1896 1316 familiaribus
1925 1277 2079 1316 nostris
2103 1278 2145 1317 in

373 1337 613 1377 Tusculano
647 1343 765 1378 erant
795 1338 1019 1393 disputata.
1072 1339 1153 1378 Sed
1187 1338 1386 1392 quoniam
1420 1339 1581 1378 duobus
1614 1339 1903 1392 superioribus
1934 1338 1985 1378 de
2011 1344 2146 1379 morte

373 1404 413 1439 et
444 1399 495 1439 de
528 1399 673 1440 dolore
706 1401 864 1441 dictum
897 1408 979 1449 est,
1011 1402 1160 1441 tertius
1194 1401 1282 1441 dies
1315 1400 1614 1454 disputationis
1646 1401 1726 1441 hoc
1759 1401 1926 1442 tertium
1952 1403 2145 1443 volumen

321 1469 357 1499 20
373 1459 538 1502 efficiet.
598 1461 636 1502 7.
669 1464 720 1503 Ut
759 1464 869 1503 enim
909 1464 952 1503 in
982 1464 1252 1504 Academiam
1283 1468 1467 1503 nostram
1500 1463 1795 1504 descendimus
1827 1464 2028 1505 inclinato
2061 1465 2144 1505 iam

372 1525 414 1565 in
454 1526 831 1578 postmeridianum
873 1532 1036 1580 tempus
1080 1527 1166 1575 die,
1207 1526 1381 1581 poposci
1422 1539 1563 1566 eorum
1604 1527 1811 1580 aliquem,
1852 1527 1923 1580 qui
1955 1527 2143 1575 aderant,

372 1600 539 1627 causam
571 1588 816 1628 disserendi.
868 1589 973 1628 Tum
1005 1603 1071 1629 res
1103 1595 1193 1629 acta
1225 1590 1283 1629 sic
1317 1594 1390 1629 est.

484 1650 550 1689 IV.
582 1650 628 1690 A.
661 1651 838 1690 Videtur
877 1650 977 1690 mihi
1017 1651 1167 1691 cadere
1199 1652 1241 1691 in
1273 1652 1505 1705 sapientem
1536 1651 1772 1703 aegritudo.
1822 1652 1876 1691 M.
1908 1653 2014 1691 Num
2047 1651 2144 1691 reli-

370 1725 479 1765 quae
512 1726 682 1766 quoque
722 1713 1059 1766 perturbationes
1107 1714 1256 1761 animi,
1297 1713 1565 1760 formidines,
1609 1713 1822 1761 libidines,
1864 1713 2142 1753 iracundiae?

319 1782 355 1811 25
369 1773 472 1815 haec
505 1775 616 1815 enim
648 1775 735 1815 fere
767 1781 864 1816 sunt
894 1776 984 1815 eius
1019 1775 1153 1823 modi,
1187 1790 1294 1830 quae
1318 1775 1465 1815 Graeci
1498 1775 1614 1825 πάθη
1645 1775 1881 1829 appellant:
1914 1790 1990 1830 ego
2023 1781 2142 1829 pote-

368 1850 453 1877 ram
486 1838 696 1884 morbos,
729 1844 770 1878 et
801 1838 843 1877 id
867 1838 1038 1877 verbum
1071 1843 1180 1878 esset
1201 1852 1222 1878 e
1247 1838 1390 1885 verbo,
1422 1836 1494 1877 sed
1519 1838 1561 1876 in
1585 1837 1931 1877 consuetudinem
1955 1843 2139 1878 nostram

367 1912 453 1939 non
485 1900 665 1941 caderet.
717 1903 819 1940 Nam
851 1901 1058 1949 misereri,
1090 1901 1300 1949 invidere,
1332 1901 1508 1954 gestire,
1541 1900 1707 1947 laetari,
1739 1900 1841 1940 haec
1869 1901 2010 1940 omnia
2032 1914 2141 1940 mor-

366 1961 444 2002 bos
477 1963 623 2003 Graeci
654 1964 888 2017 appellant,
922 1969 1060 2004 motus
1082 1964 1212 2003 animi
1235 1963 1384 2003 rationi
1407 1976 1492 2002 non
1515 1962 1868 2015 obtemperantis:
1900 1976 1977 2003 nos
2001 1968 2142 2003 autem

367 2023 443 2064 hos
476 2025 646 2065 eosdem
678 2032 815 2066 motus
848 2026 1045 2066 concitati
1073 2026 1200 2066 animi
1224 2032 1357 2073 recte,
1390 2031 1435 2065 ut
1457 2025 1630 2078 opinor,
1663 2025 2001 2077 perturbationes
2025 2026 2144 2065 dixe-

317 2088 518 2136 30rimus,
565 2088 730 2129 morbos
773 2095 911 2129 autem
954 2103 1038 2128 non
1079 2089 1176 2128 satis
1222 2089 1397 2135 usitate,
1444 2089 1525 2128 nisi
1567 2089 1666 2142 quid
1710 2088 1822 2128 aliud
1856 2089 1930 2128 tibi
1961 2089 2140 2128 videtur.

366 2147 403 2188 8.
435 2150 482 2191 A.
514 2151 618 2192 Mihi
650 2165 748 2191 vero
780 2152 861 2192 isto
886 2152 1026 2192 modo.
1067 2153 1122 2191 M.
1144 2152 1329 2191 Haecine
1352 2152 1476 2205 igitur
1498 2151 1645 2191 cadere
1669 2152 1710 2191 in
1734 2152 1963 2205 sapientem
1987 2153 2140 2205 putas?

452 2299 484 2330 2.
509 2299 577 2330 Hoc
600 2316 618 2321 -
639 2300 710 2338 ipso
733 2299 845 2330 Bake:
872 2300 903 2331 1ιί
922 2300 1018 2339 -ipsi
1044 2301 1109 2331 CO
1138 2318 1172 2322 —
1198 2300 1363 2331 solicitant
1388 2298 1423 2330 G¹
1440 2299 1476 2330 R¹
1493 2317 1535 2321 —
1560 2299 1590 2329 3.
1617 2298 1754 2330 Animus
1777 2308 1876 2339 aeyer
1899 2308 2026 2339 semper
2049 2301 2143 2330 errat

364 2358 467 2389 neque
487 2350 556 2388 poti
575 2350 697 2390 (potiri)
716 2358 818 2388 neque
837 2351 964 2388 perpeti
989 2350 1073 2380 Polis
1097 2353 1141 2381 est
1162 2374 1269 2380 .....
1289 2358 1407 2388 cupere
1431 2357 1612 2387 numquam
1636 2349 1752 2379 desinit
1777 2348 1943 2381 Ribbeck.
1968 2365 2001 2371 -
2031 2350 2061 2380 5.
2082 2358 2142 2380 eu-

362 2398 502 2438 piditate
528 2400 565 2431 R¹
593 2417 626 2420 —
662 2400 692 2430 7.
719 2399 825 2438 ipsam
851 2400 894 2430 C:
929 2401 995 2439 ipse
1020 2399 1094 2437 alii,
1130 2400 1222 2440 quod
1250 2399 1374 2440 prohat
1400 2399 1491 2430 Bake
1518 2398 1538 2429 l.
1567 2397 1587 2429 l.
1615 2408 1648 2439 p.
1676 2399 1729 2430 88.
1760 2417 1792 2419 —
1825 2400 1855 2430 8.
1883 2399 1987 2430 omnis
2012 2400 2074 2430 GR
2103 2417 2139 2422 —

365 2449 394 2481 9.
415 2450 478 2481 sint
493 2449 709 2490 Tregderus:
735 2453 809 2480 sant
828 2450 850 2480 C
867 2450 903 2481 O.
931 2449 1017 2480 Vide.
1037 2450 1079 2480 ad
1098 2451 1109 2480 l
1128 2450 1145 2489 ξ
1164 2451 1215 2481 55.
1241 2468 1273 2472 —
1293 2450 1391 2480 etiam
1411 2450 1552 2480 damnat
1571 2450 1662 2480 Bake
1680 2448 1699 2479 l⁴
1722 2448 1741 2480 l.
1763 2458 1794 2489 p.
1816 2449 1868 2481 88.
1889 2467 1923 2471 —
1946 2449 1997 2480 43.
2016 2449 2143 2480 viribus

364 2499 506 2531 seclusit
530 2499 746 2539 Tregderus:
775 2499 842 2530 «cf.
871 2499 1014 2540 Philipp.
1042 2501 1081 2537 X,
1110 2501 1160 2530 Ι17.
1190 2499 1293 2531 Multo
1318 2500 1389 2530 veri
1416 2499 1562 2531 similius
1589 2501 1639 2529 est
1666 2498 1837 2529 excidisse
1860 2498 1914 2530 vel
1939 2503 2037 2538 atque
2059 2499 2140 2539 (ae),

364 2552 401 2580 ut
424 2549 532 2580 voluit
555 2547 703 2588 Bentley
729 2548 781 2587 (cf.
812 2548 829 2588 g
855 2549 895 2579 25
922 2549 1069 2580 omnibus
1091 2550 1218 2582 vit-ibas
1242 2554 1342 2589 (tersae
1366 2550 1489 2588 opibus.
1517 2549 1621 2580 Attio.
1642 2549 1726 2586 XIV,
1748 2548 1799 2588 ΙΙ,
1820 2549 1838 2579 6
1863 2549 1952 2579 omni
1968 2557 2027 2587 ope
2043 2552 2143 2587 alque

364 2609 474 2639 opera.
509 2600 616 2631 Plaut.
645 2600 744 2630 Most,
772 2599 810 2636 ΙΙ,
842 2600 869 2635 Ι,
892 2599 903 2629 l
933 2600 1069 2630 szmemis
1093 2600 1206 2638 opibus
1224 2603 1321 2639 atque
1346 2599 1523 2637 incluso-tis]
1545 2598 1597 2629 vel
1616 2607 1676 2637 que
1693 2598 1864 2637 (additum
1890 2598 1922 2629 in
1942 2597 2020 2629 edd.
2041 2600 2138 2636 vett.;

334 2675 338 2680 .
364 2649 405 2680 cf.
434 2650 450 2690 ἓ
477 2650 516 2681 ⁵25
541 2650 621 2680 velis
646 2649 819 2688 remisque.
847 2648 903 2679 Sil.
932 2648 1003 2679 ltal.
1024 2650 1054 2686 Ι,
1078 2650 1140 2681 568
1166 2651 1263 2680 remis
1286 2650 1438 2688 velisque.
1468 2648 1574 2679 Plaut.
1596 2648 1688 2678 Asin.
1709 2648 1733 2684 Ι,
1754 2647 1785 2685 3,
1805 2648 1823 2678 5
1842 2647 1978 2688 remigio
1994 2648 2139 2686 veloque.

364 2698 406 2729 de
433 2699 528 2729 Offic.
555 2700 613 2737 111,
643 2699 715 2729 ⁴46.
745 2698 814 2728 Liv.
843 2698 880 2735 V,
908 2698 948 2729 37
973 2699 1064 2737 equis
1088 2700 1242 2738 Ἰι’ἱνιέριιε.
1272 2700 1362 2738 Virg.
1389 2700 1474 2729 Aen.
1503 2699 1557 2733 ΙΙΙ,
1585 2698 1647 2728 565
1674 2698 1771 2728 remis
1794 2698 1972 2736 ventisque.
2000 2698 2138 2729 Terent.

362 2748 468 2779 Andr,
495 2750 520 2787 Ι,
550 2750 578 2787 Ι,
606 2748 668 2780 434
691 2747 844 2779 manibus
864 2748 1077 2788 pedibusque)
1102 2749 1156 2780 x‘el
1182 2752 1211 2780 et
1237 2750 1341 2789 (quod
1361 2748 1444 2779 dett.
1465 2747 1596 2787 aliquot
1619 2746 1721 2777 codd.
1741 2746 1890 2783 habent3
1919 2746 1961 2778 cf.
1982 2746 2078 2778 offic.
2097 2748 2137 2785 ΙΙ,

362 2797 403 2829 84
427 2800 531 2829 armis
554 2801 582 2829 el
606 2799 734 2828 castris.
763 2797 880 2828 Faniil.
908 2798 963 2836 lV,
990 2798 1020 2836 7,
1048 2798 1066 2829 9.
1090 2799 1223 2829 lacertis
1247 2802 1276 2829 et
1300 2798 1455 2837 viribus);
1484 2806 1566 2828 nani
1591 2797 1623 2827 in
1650 2798 1722 2837 ipsa
1749 2797 1940 2838 Archetypi
1965 2798 2139 2838 scriptura

363 2847 514 2879 nonnihil
546 2848 691 2879 offendit
722 2847 918 2887 asyndeton
950 2847 1032 2879 illud
1058 2857 1137 2880 cum
1172 2851 1316 2889 propter
1341 2848 1545 2878 adiunctum
1570 2847 1720 2878 ommibus
1745 2846 1842 2887 (alius
1867 2848 2006 2887 generis
2032 2848 2086 2878 est
2112 2847 2136 2885 Ι,

363 2896 404 2928 64
435 2898 578 2937 (omnia,
612 2906 733 2937 supera
764 2898 890 2937 infera,
919 2898 1033 2937 prima
1067 2898 1183 2930 alama
1212 2898 1350 2938 media),
1387 2900 1462 2929 tum
1488 2907 1570 2928 vero
1597 2898 1710 2938 quod,
1751 2899 1787 2928 ut
1812 2896 1958 2930 Wolfius
1982 2897 2136 2936 videbat,

362 2946 450 2977 haec
476 2956 545 2978 non
571 2948 614 2977 ita
640 2946 870 2987 proverbialis
895 2946 1022 2978 locutio
1049 2947 1127 2985 fuit,
1157 2949 1193 2978 ut
1218 2947 1312 2979 illae:
1345 2949 1436 2987 equis
1459 2947 1540 2977 viris
1566 2946 1693 2985 (Famil.
1721 2948 1774 2985 lx,
1797 2947 1828 2985 7,
1850 2948 1885 2985 4;
1918 2946 1960 2978 cf.
1987 2945 2133 2987 Philipp.

362 2996 452 3035 vul,
481 2997 550 3037 2⁴),
582 2999 683 3028 ventis
713 2998 811 3028 remis
841 2997 978 3037 (Famil.
1005 2998 1082 3035 XII,
1110 2998 1162 3034 25,
1190 2999 1244 3037 3),
1279 2997 1429 3029 manibus
1456 2997 1592 3036 pedibas
1618 2998 1766 3037 (Terent.
1793 2995 1900 3028 Andr.
1928 2996 1981 3035 IV,
2010 2997 2040 3033 Ι1,
2068 2995 2135 3035 53),

361 3048 426 3077 toto
450 3056 586 3086 corpore
609 3051 708 3085 atque
731 3047 880 3079 omnibus
903 3048 1035 3088 ungulis
1061 3048 1172 3087 (Tusc.
1192 3049 1287 3088 Disp.
1306 3048 1346 3085 ΙΙ,
1370 3048 1440 3086 56),
1469 3047 1503 3078 in
1529 3055 1633 3087 quas,
1663 3048 1698 3077 ut
1722 3047 1777 3083 fit,
1805 3045 1953 3077 celerius
1978 3054 2137 3086 pronun-

362 3097 462 3127 tiatas
487 3095 639 3127 brevitas
664 3096 716 3127 illa
743 3097 881 3128 dicendi
906 3097 1173 3129 conveniebat.»
1201 3097 1254 3127 W.
1277 3115 1309 3119 —-
1342 3097 1392 3127 19.
1421 3097 1553 3136 dictum]
1581 3095 1662 3137 Syll.
1690 3097 1741 3127 die
1765 3105 1782 3127 a
1809 3096 2004 3127 recentiore
2031 3104 2076 3127 m.
2099 3095 2135 3126 in

362 3145 493 3176 maiore
518 3154 639 3176 rasura
664 3146 771 3178 habet
795 3149 819 3179 R
848 3166 880 3170 —
910 3148 962 3178 20.
990 3148 1209 3178 inc-ademtam
1233 3148 1290 3183 G¹;
1320 3146 1586 3178 inaehademiam
1610 3148 1635 3178 R
1663 3164 1696 3168 —
1726 3147 1777 3178 ¹21.
1805 3146 1950 3185 aliquem
1974 3145 2030 3185 qui
2053 3145 2134 3176 ade-

361 3198 438 3226 rant
462 3204 552 3226 corr.
572 3204 613 3226 ex
639 3196 767 3235 aliquid
791 3198 869 3236 quid
893 3198 1055 3228 adherant
1071 3198 1096 3227 G
1117 3213 1149 3217 —
1179 3196 1230 3227 ¹23.
1253 3197 1487 3227 Personarum
1511 3196 1608 3235 signa
1631 3195 1759 3227 desunt
1782 3194 1817 3225 in
1841 3196 1867 3226 G
1882 3197 1906 3227 R
1928 3213 1961 3217 —
1988 3193 2040 3226 24.
2060 3193 2136 3226 libi-

361 3245 450 3275 dines
474 3252 651 3285 superscr.
672 3247 725 3276 est
741 3247 827 3277 intra
850 3246 978 3278 lineam
996 3255 1042 3278 m.
1062 3243 1237 3283 secunda,
1264 3244 1328 3276 sed
1345 3246 1499 3286 antiqua,
1527 3246 1560 3277 ln
1579 3247 1603 3277 G
1624 3262 1658 3267 -
1679 3247 1731 3277 25.
1754 3245 1854 3285 pathe
1871 3246 1894 3278 C
1918 3264 1948 3268 —
1979 3246 2030 3278 31.
2054 3245 2133 3277 haee

361 3294 396 3324 in
419 3302 435 3326 e
462 3294 499 3325 G.
