2249 3624
500 112 588 152 Lm.
620 111 690 152 111.
729 111 825 152 cst.
856 111 1215 151 xxiv—xxvi.
1251 107 1311 163 §§
1342 107 1532 149 58—62.
1816 104 1898 147 295

246 219 470 259 Rursum
502 216 730 264 creandi,
763 230 1010 270 morsque
1043 222 1125 256 est
1161 215 1321 256 finita
1353 216 1616 263 omnibus,

247 281 386 330 Quae
417 281 605 334 generi
638 279 862 320 humano
895 292 1143 331 angorem
1178 279 1495 332 nequiquam
1527 278 1797 320 adferunt.

243 342 534 383 Reddenda
563 348 735 382 terrae
768 348 847 382 est
878 348 1043 389 terra,
1077 348 1178 381 tum
1211 342 1319 380 vita
1351 341 1594 381 omnibus

243 404 512 452 Metenda,
544 410 601 444 ut
630 404 836 456 fruges:
870 404 937 443 sic
970 404 1115 443 iubet
1146 404 1463 443 necessitas.

130 466 196 508 60.
227 468 413 520 Negabat
452 479 582 518 genus
623 464 698 505 hoc
736 466 933 506 orationis
967 467 1192 520 quicquam
1224 467 1394 506 omnino
1427 464 1478 506 ad
1515 463 1735 506 levandam
1766 465 1931 518 aegri-5

130 530 317 571 tudinem
349 528 568 583 pertinere.
616 528 661 567 Id
693 529 802 568 enim
836 529 972 579 ipsum
1006 528 1233 568 dolendum
1267 542 1357 568 esse
1391 528 1574 575 dicebat,
1608 527 1721 581 quod
1753 528 1795 567 in
1818 532 1900 568 tam

131 592 341 633 crudelem
385 591 678 630 necessitatem
717 590 1027 637 incidissenins3
1077 605 1170 630 nam
1213 591 1325 630 illam
1365 591 1534 644 quidem
1576 590 1808 630 orationem
1849 603 1902 630 ex

130 654 525 696 commemoratione
557 652 790 692 alienorum
823 653 1024 692 malorum
1057 653 1107 692 ad
1147 652 1370 693 malevolos
1402 652 1683 693 consolandos
1715 666 1805 692 esse
1835 665 1903 692 ac-

131 715 446 758 commodatam.
492 715 594 754 Mihi
626 728 722 754 vero
756 715 879 765 longe
904 715 1066 754 videtur
1098 730 1240 762 secus3
1275 722 1429 755 namet
1454 716 1681 755 necessitas
1704 715 1902 754 serendae

130 778 382 820 conditionis
422 768 628 817 humanae
661 777 781 829 quasi
813 790 905 816 cum
939 776 1018 816 deo
1057 791 1241 830 pugnare
1274 778 1463 831 prohibet
1496 778 1776 831 admonetque
1813 783 1953 817 esseio

128 841 360 886 hominem,
393 852 501 893 quae
533 839 729 892 cogitatio
752 852 902 891 magno
927 852 1051 891 opere
1074 840 1232 879 luctum
1256 840 1385 887 levat,
1418 847 1458 879 et
1480 840 1740 880 enumeratio
1764 853 1904 879 exem-

128 904 293 958 plorum
324 915 422 949 non,
455 907 501 942 ut
530 902 713 942 animum
741 901 1039 941 malevolorum
1071 901 1273 948 oblectet,
1305 902 1503 949 adfertur,
1536 902 1608 941 sed
1641 907 1686 941 ut
1715 902 1799 949 ille,
1831 901 1902 954 qui

130 972 308 1013 maeret,
339 964 562 1005 ferundum
594 964 674 1004 sibi
707 964 747 1003 id
779 968 969 1010 censeat,
1002 964 1114 1017 quod
1147 963 1285 1003 videat
1316 964 1469 1003 multos
1499 965 1710 1004 moderate
1733 970 1773 1004 et
1795 969 1905 1004 tran-

131 1028 261 1082 quille
303 1028 462 1068 tulisse.
521 1023 587 1065 tii.
631 1026 834 1065 Omnibus
876 1026 985 1065 enim
1024 1026 1160 1065 modis
1200 1026 1402 1066 fulciendi
1444 1031 1539 1065 sunt
1569 1027 1641 1079 qui
1672 1031 1797 1066 ruunt
1828 1039 1904 1066 nec

130 1092 356 1132 cohaerere
388 1094 563 1143 possunt
596 1093 764 1142 propter
795 1087 1124 1141 magnitudinem
1156 1088 1457 1140 aegritudinis;
1492 1102 1544 1128 ex
1567 1102 1649 1141 quo
1682 1089 1814 1141 ipsam
1837 1096 1954 1128 ae-t5

128 1153 377 1207 gritudinem
412 1150 544 1201 λύπην
568 1151 827 1205 Chrysippus
857 1151 975 1204 quasi
1003 1151 1253 1191 solutionem
1283 1152 1409 1190 totius
1439 1151 1621 1190 hominis
1653 1151 1905 1204 appellatam

128 1221 267 1270 putat:
300 1228 407 1268 quae
438 1219 525 1253 to'ta
556 1215 712 1267 poterit
742 1214 865 1254 evelli
895 1211 1122 1265 explicata,
1160 1219 1206 1253 ut
1236 1213 1443 1267 principio
1477 1212 1584 1260 dixi,
1617 1226 1742 1252 causa
1773 1213 1905 1265 aegri-

129 1278 309 1325 tudinis;
357 1283 419 1317 est
463 1278 573 1317 enim
620 1277 735 1317 nulla
774 1277 856 1317 alia
898 1277 977 1316 nisi
1012 1276 1157 1329 opinio
1190 1282 1230 1316 et
1267 1276 1469 1316 iudicium
1502 1276 1640 1328 magni
1671 1275 1905 1328 praesentis

132 1347 260 1395 atque
292 1342 480 1394 urgentis
512 1340 624 1380 mali.
672 1340 819 1393 ltaque
852 1345 892 1380 et
923 1339 1045 1379 dolor
1075 1339 1281 1393 corporis,
1315 1339 1432 1378 cuius
1465 1343 1528 1378 est
1559 1351 1721 1378 morsus
1754 1338 1906 1378 acerri-

131 1417 245 1451 mus,
285 1402 493 1456 perfertur
533 1416 605 1456 spe
646 1403 860 1455 proposita
902 1402 1002 1442 boni
1045 1407 1085 1441 et
1124 1408 1213 1442 acta
1252 1407 1366 1441 aetas
1403 1400 1578 1441 honeste
1609 1414 1656 1440 ac
1687 1400 1956 1455 splendide20

132 1471 289 1506 tautam
321 1465 456 1505 adfert
487 1465 840 1512 consolationem,
880 1470 926 1504 ut
957 1478 1047 1512 eos,
1088 1465 1158 1518 qui
1191 1465 1249 1504 ita
1280 1464 1481 1512 vixerint,
1518 1468 1588 1504 aut
1619 1476 1702 1503 uon
1733 1463 1908 1516 attingat

130 1527 350 1582 aegritudo
382 1533 453 1568 aut
484 1527 709 1580 perleviter
741 1532 897 1580 pungat
927 1527 1053 1566 animi
1087 1527 1221 1567 dolor.

243 1591 394 1630 XXVI.
426 1588 492 1629 62.
526 1590 607 1629 Sed
639 1589 691 1629 ad
722 1589 827 1628 hanc
860 1590 1103 1642 opinionem
1128 1590 1265 1642 magni
1289 1589 1385 1629 mali
1410 1602 1502 1629 cum
1525 1588 1595 1628 illa
1617 1589 1740 1628 etiam
1763 1587 1906 1641 opinio

129 1653 326 1700 accessit,
367 1657 583 1706 oportere,
621 1657 780 1692 rectum
813 1665 923 1698 esse,
956 1653 1007 1691 ad
1040 1651 1224 1692 officium
1255 1653 1461 1706 pertinere
1491 1651 1600 1691 ferre
1631 1651 1735 1691 illud
1766 1664 1906 1704 aegre,

131 1715 244 1769 quod
274 1715 493 1761 acciderit,
525 1720 612 1754 tum
646 1714 831 1768 denique
865 1713 1043 1754 eflicitur
1072 1715 1142 1755 illa
1175 1716 1310 1769 gravis
1333 1715 1605 1768 aegritudinis
1636 1713 1905 1768 perturbatio.
1920 1732 1956 1762 25

128 1779 193 1818 Ex
223 1778 301 1818 hac
331 1778 530 1832 opinione
563 1783 660 1818 sunt
690 1778 762 1818 illa
783 1779 898 1818 varia
930 1783 971 1818 et
994 1778 1258 1818 detestabilia
1280 1790 1436 1831 genera
1458 1776 1652 1829 lugendi:
1684 1776 1905 1830 paedores,

130 1838 356 1881 muliebres
386 1840 658 1881 lacerationes
681 1853 900 1893 genarum,
931 1842 1138 1894 pectoris,
1170 1841 1396 1887 feminum,
1429 1839 1576 1893 capitis
1598 1839 1904 1892 percussiones.

130 1904 238 1944 Hinc
269 1904 340 1944 ille
372 1906 629 1957 Agamemno
660 1903 910 1943 Homericus
943 1908 983 1943 et
1013 1903 1123 1942 idem
1155 1903 1380 1950 Accianus,

303 1966 565 2006 Scindens
597 1965 780 2007 dolore
812 1965 1102 2006 identidem
1133 1966 1386 2006 intonsam
1419 1978 1636 2013 comam,

218 2140 249 2171 2.
275 2148 392 2180 qenere
417 2140 440 2171 C
471 2155 503 2161 -
532 2140 733 2179 nequiquam
757 2148 839 2171 nos:
866 2140 1088 2179 nequicquam
1113 2140 1158 2177 C;
1184 2140 1409 2180 nequidquam
1434 2140 1470 2170 O.
1499 2138 1548 2171 Cf.
1569 2139 1724 2180 Wagner
1747 2138 1907 2178 Orthogr.

130 2189 256 2230 Vergil.
285 2199 317 2231 p.
345 2190 407 2222 459
433 2198 485 2230 sq.
519 2190 722 2221 Lachmann
755 2190 799 2221 ad
826 2191 961 2221 Lucret.
989 2199 1022 2231 p.
1051 2190 1125 2222 4141.
1152 2208 1194 2212 ——
1227 2191 1258 2222 7.
1285 2199 1328 2221 ex
1352 2199 1416 2229 quo
1440 2191 1675 2220 memoratione
1700 2190 1745 2227 R;
1779 2197 1823 2220 eoe
1847 2197 1910 2227 quo

129 2250 222 2272 nemo
245 2241 375 2272 ratione
399 2241 424 2271 G
457 2258 492 2263 -
529 2240 559 2271 8.
586 2241 761 2272 maliuolos
792 2241 816 2272 C
851 2258 885 2262 ——
921 2242 972 2271 stO.
999 2241 1120 2272 cohibet
1145 2242 1226 2279 (ΞΒ,
1264 2241 1413 2281 quohibet
1445 2248 1624 2280 superscr.
1650 2248 1667 2270 c
1691 2240 1735 2270 R.
1775 2238 1909 2270 «Probo

130 2299 323 2332 paucorum
357 2289 460 2321 codd.
487 2290 698 2330 scripturam
729 2290 879 2330 prohibet
905 2291 957 2330 Μ.
986 2290 1004 2330 g
1030 2291 1090 2321 65:
1125 2299 1204 2329 quos
1226 2299 1278 2322 res
1301 2291 1374 2330 ipsa
1396 2291 1506 2329 luqcre
1528 2289 1758 2329 prohibel);
1793 2297 1908 2329 neque

131 2342 224 2373 enim
250 2340 355 2372 credo
382 2340 591 2372 Ciceronem
616 2349 786 2380 umquam
811 2340 961 2372 dixisse:
988 2341 1117 2372 cohibeo
1140 2340 1310 2382 (aliquem)
1335 2342 1465 2379 aliquid
1486 2341 1607 2380 facere.
1634 2338 1734 2380 Apud
1759 2338 1909 2369 Hirtium

132 2390 179 2429 (Β.
207 2389 290 2421 Gall.
319 2390 403 2427 VllI,
430 2390 481 2430 23)
517 2390 787 2432 Oudendorpius
814 2400 855 2422 ex
881 2391 1044 2423 omnibus
1076 2392 1148 2423 fere
1175 2390 1277 2422 codd.
1305 2391 1412 2422 edidit
1431 2390 1643 2430 prohibebam
1678 2388 1757 2420 cod.
1784 2388 1906 2427 oxon.‚

130 2440 167 2471 ut
191 2438 291 2480 vulgo
317 2441 397 2472 ante
423 2440 731 2480 Oudendorpium,
758 2441 933 2472 cohibebat.
974 2440 1090 2472 Altero
1116 2440 1192 2472 loco
1219 2450 1237 2471 a
1262 2439 1392 2472 Klotzio
1418 2439 1570 2478 laudate,
1599 2440 1668 2471 Cic.
1696 2448 1730 2479 p.
1759 2438 1910 2470 Caecina

130 2487 148 2528 S
173 2488 226 2525 66,
254 2488 315 2520 ubi
339 2490 413 2530 ipse
439 2498 480 2520 ex
505 2490 645 2531 optimis
671 2490 774 2522 codd.
801 2492 958 2531 scripsit:
996 2492 1084 2522 L'ndc
1108 2492 1247 2522 deiectus
1271 2493 1331 2522 es?
1364 2501 1407 2522 coz
1434 2492 1523 2529 inde,
1558 2499 1621 2528 quo
1649 2489 1855 2521 cohibitus
1879 2497 1911 2520 es

130 2539 323 2577 accedere?,
358 2548 400 2571 ex
430 2539 503 2572 aliis
535 2540 637 2571 codd.
666 2540 768 2581 vulgo
798 2542 877 2571 ante
910 2540 1080 2572 Klotzium
1113 2543 1209 2573 recte
1237 2541 1418 2582 legebatur
1439 2540 1640 2581 prolzibitus;
1674 2547 1790 2579 neque
1815 2539 1910 2570 enim

130 2587 320 2620 verisimile
346 2591 399 2621 est
424 2590 633 2622 Ciceronem
658 2590 713 2622 hic
739 2588 853 2621 solum
879 2591 1024 2622 cohibere
1048 2593 1221 2632 posuisse,
1249 2591 1352 2633 paulo
1375 2593 1473 2632 post,
1499 2590 1558 2621 ubi
1578 2590 1671 2621 idem
1691 2588 1817 2620 dicitur
1832 2588 1911 2628 (non

131 2638 231 2669 deieci
254 2641 284 2670 te
307 2647 350 2670 ecc
372 2648 408 2670 eo
432 2639 514 2678 loco,
542 2649 637 2678 quem
660 2641 693 2671 in
719 2640 825 2671 Iocum
844 2641 1041 2680 prohibui
1064 2650 1104 2672 ne
1125 2642 1252 2672 venires
1275 2643 1307 2672 et
1327 2642 1345 2681 g
1364 2641 1416 2678 82,
1443 2639 1501 2671 ubi
1521 2639 1574 2670 illa
1591 2638 1783 2669 adversarii
1802 2638 1910 2669 oratio

131 2686 298 2720 refellitur
322 2689 363 2729 (si
386 2698 451 2720 uon
474 2699 546 2721 sum
569 2699 612 2722 ex
635 2700 670 2721 eo
694 2691 764 2721 loco
789 2691 991 2729 deiectus,
1019 2701 1082 2730 quo
1103 2692 1350 2731 prohibitus
1374 2700 1445 2721 sum
1469 2689 1633 2730 accedere)
1659 2690 1692 2720 et
1717 2689 1760 2720 de
1785 2688 1910 2720 eadem

131 2746 170 2769 re
195 2739 322 2770 ceteris
348 2739 511 2772 omnibus
536 2739 620 2772 loeis
647 2740 675 2781 (g
700 2741 739 2772 87
764 2749 816 2771 me
839 2741 978 2772 introire
997 2742 1202 2781 prohibuerit
1226 2751 1264 2764 Ξ
1288 2741 1327 2781 ἐξ
1351 2741 1403 2771 89.
1423 2739 1475 2772 34.
1496 2740 1548 2771 35.
1569 2739 1621 2770 37.
1641 2739 1693 2770 39.
1713 2737 1772 2770 46:
1800 2738 1912 2769 Omnis

129 2787 179 2818 vis
201 2791 263 2826 est,
290 2797 376 2826 quae
393 2791 656 2829 --prohibet
679 2791 895 2821 accedere.
923 2791 988 2830 76.)
1018 2792 1255 2831 prohibere.
1291 2793 1403 2830 Atque
1435 2790 1536 2821 liuius
1562 2788 1662 2820 verbi
1692 2788 1832 2829 propria
1856 2788 1908 2819 vis

133 2835 260 2878 (procul
282 2838 412 2880 habere)
437 2841 475 2870 ut
499 2840 582 2872 nudi
607 2839 747 2872 ablativi
772 2840 956 2881 (introitu),
984 2842 1034 2872 sic
1058 2840 1225 2881 simplicis
1251 2840 1406 2871 infinitivi
1423 2838 1589 2879 (introire)
1607 2838 1908 2880 complementum

132 2887 279 2926 patitur:
308 2888 454 2920 cohibere
477 2891 595 2921 autem
622 2891 670 2930 (z
690 2891 865 2929 continere,
892 2891 1051 2929 coercere)
1078 2899 1141 2930 per
1166 2900 1203 2922 se
1230 2891 1344 2930 ipsum
1369 2890 1412 2921 ad
1437 2890 1488 2928 id,
1513 2890 1598 2921 unde
1615 2889 1692 2930 quis
1710 2887 1909 2920 cohibendo

134 2934 364 2973 abstineatur,
391 2938 659 2977 significandum
682 2942 846 2971 neutrum
864 2939 1034 2976 adniittit;
1061 2940 1198 2979 dicitur,
1226 2942 1263 2971 ut
1285 2948 1404 2970 'manus
1427 2939 1474 2970 ab
1498 2948 1595 2978 auro,
1620 2940 1741 2971 hostem
1765 2948 1787 2970 a
1807 2948 1910 2979 prae-

134 2985 236 3017 dandi
266 2986 399 3018 licentia
428 2987 593 3027 cohibere,
629 2989 678 3020 sie
704 2990 793 3028 (Tac.
820 2990 908 3020 Ann.
936 2990 976 3027 11,
1003 2989 1075 3029 24ss
1112 2999 1207 3029 quem
1225 3007 1272 3012 -—
1289 2990 1363 3020 vix
1386 2989 1574 3027 cohibuere,
1607 2998 1682 3028 quo
1712 2989 1910 3020 minus--

135 3039 298 3075 oppeteret
322 3037 410 3075 (za
432 3041 536 3068 morte
559 3039 764 3077 oppetenda).
802 3038 974 3070 Infinitive
1005 3039 1039 3070 id
1072 3040 1186 3080 potius
1215 3038 1482 3078 significaretur,
1519 3040 1563 3070 ad
1587 3039 1681 3080 quod
1710 3038 1910 3070 faciendum

135 3085 212 3125 quis
238 3085 436 3118 cohibendo
462 3090 659 3127 cogeretur.
699 3089 748 3119 De
779 3088 906 3119 horum
933 3088 1124 3120 verborum
1152 3090 1357 3120 contusione
1387 3088 1430 3120 cs.
1458 3098 1491 3130 p.
1519 3090 1643 3121 Roscio
1669 3091 1784 3121 Amer.
1812 3089 1830 3130 g
1856 3088 1908 3120 90.

132 3134 268 3166 Verrin.
295 3136 350 3173 111,
380 3136 433 3167 37.
466 3137 501 3167 Τ.
529 3137 567 3168 D.
595 3137 650 3175 lV,
678 3138 729 3168 66.
766 3137 862 3168 Catil.
891 3138 944 3176 lV,
972 3139 1023 3169 23.
1058 3139 1093 3169 T.
1120 3140 1159 3170 D.
1187 3139 1227 3176 V,
1253 3140 1308 3169 ὃ.»
1333 3139 1388 3170 W.
1418 3155 1452 3161 —
1481 3139 1534 3171 42.
1560 3140 1795 3171 maliuolorum
1821 3138 1844 3170 C
1871 3154 1907 3160 —

135 3184 188 3216 ⁴6.
207 3183 373 3217 AYHHN
387 3187 411 3218 R
433 3203 465 3208 —
485 3186 676 3219 solutionem
694 3188 738 3218 C:
767 3185 887 3227 λύσιν,
912 3188 946 3219 id
963 3191 1019 3228 est,
1045 3189 1238 3220 solutionem
1256 3188 1280 3219 O
1295 3205 1328 3210 -
1352 3188 1404 3219 20.
1427 3188 1615 3229 perferetur
1631 3190 1654 3220 G
1670 3189 1695 3221 R
1715 3206 1750 3211 —
1778 3187 1830 3219 22.
1853 3194 1912 3219 ae-

130 3235 263 3276 qritudo
287 3235 357 3268 del.
384 3236 580 3269 Ernestius.
611 3254 647 3259 —
675 3237 728 3269 ²28.
753 3237 906 3270 Attianus
930 3238 972 3270 O.
