<?xml version="1.0" encoding="UTF-8"?>
<!DOCTYPE html PUBLIC "-//W3C//DTD XHTML 1.0 Transitional//EN"
    "http://www.w3.org/TR/xhtml1/DTD/xhtml1-transitional.dtd">
<html xmlns="http://www.w3.org/1999/xhtml" xml:lang="en" lang="en">
 <head>
  <title>
</title>
<meta http-equiv="Content-Type" content="text/html;charset=utf-8" />
  <meta name='ocr-system' content='tesseract 3.04.00' />
  <meta name='ocr-capabilities' content='ocr_page ocr_carea ocr_par ocr_line ocrx_word'/>
</head>
<body>
  <div class='ocr_page' id='page_1' title='image "./operaquaesupersu04ciceuoft_0160.png"; bbox 0 0 2249 3624; ppageno 0'>
   <div class='ocr_carea' id='block_1_1' title="bbox 315 124 1678 173">
    <p class='ocr_par' dir='ltr' id='par_1_1' title="bbox 315 124 1678 173">
     <span class='ocr_line' id='line_1_1' title="bbox 315 124 1678 173; baseline 0.001 -5"><span class='ocrx_word' id='word_1_1' title='bbox 315 124 394 169; x_wconf 74' lang='grc'>’138</span> <span class='ocrx_word' id='word_1_2' title='bbox 689 133 757 173; x_wconf 90' lang='lat' dir='ltr'>DE</span> <span class='ocrx_word' id='word_1_3' title='bbox 788 131 995 172; x_wconf 89' lang='lat' dir='ltr'>FINIBUS</span> <span class='ocrx_word' id='word_1_4' title='bbox 1026 130 1288 171; x_wconf 89' lang='lat' dir='ltr'>BONORUM</span> <span class='ocrx_word' id='word_1_5' title='bbox 1316 131 1384 170; x_wconf 92' lang='lat' dir='ltr'>ET</span> <span class='ocrx_word' id='word_1_6' title='bbox 1415 130 1678 171; x_wconf 86' lang='lat' dir='ltr'><strong>MALORUM</strong></span> 
     </span>
    </p>
   </div>
   <div class='ocr_carea' id='block_1_2' title="bbox 260 243 2083 2676">
    <p class='ocr_par' dir='ltr' id='par_1_2' title="bbox 260 243 2083 2676">
     <span class='ocr_line' id='line_1_2' title="bbox 312 243 2066 299; baseline 0.001 -17"><span class='ocrx_word' id='word_1_7' title='bbox 312 243 433 283; x_wconf 88' lang='lat' dir='ltr'>nobis</span> <span class='ocrx_word' id='word_1_8' title='bbox 465 244 666 285; x_wconf 87' lang='lat' dir='ltr'>cariorem</span> <span class='ocrx_word' id='word_1_9' title='bbox 699 243 812 292; x_wconf 86' lang='lat' dir='ltr'>fieri,</span> <span class='ocrx_word' id='word_1_10' title='bbox 844 258 969 297; x_wconf 87' lang='lat' dir='ltr'>quam</span> <span class='ocrx_word' id='word_1_11' title='bbox 998 244 1071 284; x_wconf 92' lang='lat' dir='ltr'>illa</span> <span class='ocrx_word' id='word_1_12' title='bbox 1091 245 1192 292; x_wconf 88' lang='lat' dir='ltr'>sint,</span> <span class='ocrx_word' id='word_1_13' title='bbox 1224 259 1248 285; x_wconf 93' lang='lat' dir='ltr'>a</span> <span class='ocrx_word' id='word_1_14' title='bbox 1270 245 1422 299; x_wconf 93' lang='lat' dir='ltr'>quibus</span> <span class='ocrx_word' id='word_1_15' title='bbox 1444 244 1495 283; x_wconf 92' lang='lat' dir='ltr'>ad</span> <span class='ocrx_word' id='word_1_16' title='bbox 1515 243 1622 283; x_wconf 91' lang='lat' dir='ltr'>hanc</span> <span class='ocrx_word' id='word_1_17' title='bbox 1643 244 1891 284; x_wconf 82' lang='lat' dir='ltr'><strong>venerimus.</strong></span> <span class='ocrx_word' id='word_1_18' title='bbox 1928 244 2066 297; x_wconf 84' lang='lat' dir='ltr'><strong>Atque</strong></span> 
     </span>
     <span class='ocr_line' id='line_1_3' title="bbox 311 306 2067 361; baseline 0.001 -17"><span class='ocrx_word' id='word_1_19' title='bbox 311 309 357 344; x_wconf 91' lang='lat' dir='ltr'>ut</span> <span class='ocrx_word' id='word_1_20' title='bbox 396 306 579 346; x_wconf 89' lang='lat' dir='ltr'>membra</span> <span class='ocrx_word' id='word_1_21' title='bbox 609 308 728 347; x_wconf 92' lang='lat' dir='ltr'>nobis</span> <span class='ocrx_word' id='word_1_22' title='bbox 758 308 815 346; x_wconf 90' lang='lat' dir='ltr'>ita</span> <span class='ocrx_word' id='word_1_23' title='bbox 846 307 938 346; x_wconf 89' lang='lat' dir='ltr'>data</span> <span class='ocrx_word' id='word_1_24' title='bbox 971 312 1088 353; x_wconf 89' lang='lat' dir='ltr'>sunt,</span> <span class='ocrx_word' id='word_1_25' title='bbox 1127 313 1172 347; x_wconf 90' lang='lat' dir='ltr'>ut</span> <span class='ocrx_word' id='word_1_26' title='bbox 1209 308 1260 347; x_wconf 90' lang='lat' dir='ltr'>ad</span> <span class='ocrx_word' id='word_1_27' title='bbox 1292 307 1501 361; x_wconf 90' lang='lat' dir='ltr'>quandam</span> <span class='ocrx_word' id='word_1_28' title='bbox 1538 307 1741 345; x_wconf 86' lang='lat' dir='ltr'>rationem</span> <span class='ocrx_word' id='word_1_29' title='bbox 1774 306 1942 345; x_wconf 87' lang='lat' dir='ltr'>vivendi</span> <span class='ocrx_word' id='word_1_30' title='bbox 1973 306 2067 346; x_wconf 83' lang='lat' dir='ltr'>data</span> 
     </span>
     <span class='ocr_line' id='line_1_4' title="bbox 313 365 2068 423; baseline 0 -16"><span class='ocrx_word' id='word_1_31' title='bbox 313 381 404 408; x_wconf 91' lang='lat' dir='ltr'>esse</span> <span class='ocrx_word' id='word_1_32' title='bbox 435 376 682 422; x_wconf 79' lang='lat' dir='ltr'>appareant,</span> <span class='ocrx_word' id='word_1_33' title='bbox 713 370 772 409; x_wconf 89' lang='lat' dir='ltr'>sic</span> <span class='ocrx_word' id='word_1_34' title='bbox 802 369 1006 422; x_wconf 83' lang='lat' dir='ltr'>appetitio</span> <span class='ocrx_word' id='word_1_35' title='bbox 1037 370 1184 416; x_wconf 89' lang='lat' dir='ltr'>animi,</span> <span class='ocrx_word' id='word_1_36' title='bbox 1217 384 1322 422; x_wconf 87' lang='lat' dir='ltr'>quae</span> <span class='ocrx_word' id='word_1_37' title='bbox 1354 365 1465 423; x_wconf 58' lang='grc' dir='ltr'>ὁρμή</span> <span class='ocrx_word' id='word_1_38' title='bbox 1491 369 1645 408; x_wconf 81' lang='lat' dir='ltr'>Graece</span> <span class='ocrx_word' id='word_1_39' title='bbox 1677 373 1868 414; x_wconf 87' lang='lat' dir='ltr'>vocatur,</span> <span class='ocrx_word' id='word_1_40' title='bbox 1900 382 1985 407; x_wconf 89' lang='lat' dir='ltr'>non</span> <span class='ocrx_word' id='word_1_41' title='bbox 2015 368 2068 407; x_wconf 90' lang='lat' dir='ltr'>ad</span> 
     </span>
     <span class='ocr_line' id='line_1_5' title="bbox 312 430 2069 484; baseline -0.001 -14"><span class='ocrx_word' id='word_1_42' title='bbox 312 432 490 484; x_wconf 86' lang='lat' dir='ltr'>quodvis</span> <span class='ocrx_word' id='word_1_43' title='bbox 521 445 652 484; x_wconf 89' lang='lat' dir='ltr'>genus</span> <span class='ocrx_word' id='word_1_44' title='bbox 674 434 802 479; x_wconf 88' lang='lat' dir='ltr'>vitae,</span> <span class='ocrx_word' id='word_1_45' title='bbox 835 432 906 471; x_wconf 92' lang='lat' dir='ltr'>sed</span> <span class='ocrx_word' id='word_1_46' title='bbox 939 431 989 470; x_wconf 91' lang='lat' dir='ltr'>ad</span> <span class='ocrx_word' id='word_1_47' title='bbox 1013 432 1220 483; x_wconf 88' lang='lat' dir='ltr'>quandam</span> <span class='ocrx_word' id='word_1_48' title='bbox 1242 432 1415 472; x_wconf 86' lang='lat' dir='ltr'>formam</span> <span class='ocrx_word' id='word_1_49' title='bbox 1437 431 1604 470; x_wconf 85' lang='lat' dir='ltr'>vivendi</span> <span class='ocrx_word' id='word_1_50' title='bbox 1626 430 1791 470; x_wconf 89' lang='lat' dir='ltr'>videtur</span> <span class='ocrx_word' id='word_1_51' title='bbox 1812 431 1918 476; x_wconf 87' lang='lat' dir='ltr'>data,</span> <span class='ocrx_word' id='word_1_52' title='bbox 1950 430 2069 469; x_wconf 89' lang='lat' dir='ltr'>item-</span> 
     </span>
     <span class='ocr_line' id='line_1_6' title="bbox 279 492 2068 548; baseline 0 -15"><span class='ocrx_word' id='word_1_53' title='bbox 279 505 392 548; x_wconf 89' lang='lat' dir='ltr'>5que</span> <span class='ocrx_word' id='word_1_54' title='bbox 433 499 474 534; x_wconf 91' lang='lat' dir='ltr'>et</span> <span class='ocrx_word' id='word_1_55' title='bbox 514 496 618 535; x_wconf 88' lang='lat' dir='ltr'>ratio</span> <span class='ocrx_word' id='word_1_56' title='bbox 657 501 697 534; x_wconf 92' lang='lat' dir='ltr'>et</span> <span class='ocrx_word' id='word_1_57' title='bbox 734 494 918 547; x_wconf 88' lang='lat' dir='ltr'>perfecta</span> <span class='ocrx_word' id='word_1_58' title='bbox 956 495 1074 533; x_wconf 87' lang='lat' dir='ltr'>ratio.</span> <span class='ocrx_word' id='word_1_59' title='bbox 1133 492 1199 533; x_wconf 63' lang='lat'>⁶21.</span> <span class='ocrx_word' id='word_1_60' title='bbox 1238 496 1288 535; x_wconf 88' lang='lat' dir='ltr'>Ut</span> <span class='ocrx_word' id='word_1_61' title='bbox 1328 497 1437 536; x_wconf 92' lang='lat' dir='ltr'>enim</span> <span class='ocrx_word' id='word_1_62' title='bbox 1475 497 1668 536; x_wconf 84' lang='lat' dir='ltr'>histrioni</span> <span class='ocrx_word' id='word_1_63' title='bbox 1710 496 1838 542; x_wconf 89' lang='lat' dir='ltr'>acti0,</span> <span class='ocrx_word' id='word_1_64' title='bbox 1884 494 2068 534; x_wconf 80' lang='lat' dir='ltr'>saltatori</span> 
     </span>
     <span class='ocr_line' id='line_1_7' title="bbox 311 557 2068 611; baseline 0.001 -15"><span class='ocrx_word' id='word_1_65' title='bbox 311 561 445 596; x_wconf 90' lang='lat' dir='ltr'>motus</span> <span class='ocrx_word' id='word_1_66' title='bbox 477 570 560 596; x_wconf 90' lang='lat' dir='ltr'>non</span> <span class='ocrx_word' id='word_1_67' title='bbox 593 557 748 610; x_wconf 91' lang='lat' dir='ltr'>quivis,</span> <span class='ocrx_word' id='word_1_68' title='bbox 781 557 854 596; x_wconf 91' lang='lat' dir='ltr'>sed</span> <span class='ocrx_word' id='word_1_69' title='bbox 886 563 1024 596; x_wconf 89' lang='lat' dir='ltr'>certus</span> <span class='ocrx_word' id='word_1_70' title='bbox 1056 557 1226 610; x_wconf 89' lang='lat' dir='ltr'>quidam</span> <span class='ocrx_word' id='word_1_71' title='bbox 1249 563 1311 598; x_wconf 88' lang='lat' dir='ltr'>est</span> <span class='ocrx_word' id='word_1_72' title='bbox 1337 558 1476 605; x_wconf 88' lang='lat' dir='ltr'>datus,</span> <span class='ocrx_word' id='word_1_73' title='bbox 1509 559 1566 597; x_wconf 89' lang='lat' dir='ltr'>sic</span> <span class='ocrx_word' id='word_1_74' title='bbox 1589 559 1670 598; x_wconf 86' lang='lat' dir='ltr'>vita</span> <span class='ocrx_word' id='word_1_75' title='bbox 1691 558 1852 611; x_wconf 89' lang='lat' dir='ltr'>agenda</span> <span class='ocrx_word' id='word_1_76' title='bbox 1873 563 1935 597; x_wconf 91' lang='lat' dir='ltr'>est</span> <span class='ocrx_word' id='word_1_77' title='bbox 1957 563 2068 597; x_wconf 89' lang='lat' dir='ltr'>certo</span> 
     </span>
     <span class='ocr_line' id='line_1_8' title="bbox 310 620 2070 673; baseline 0.001 -15"><span class='ocrx_word' id='word_1_78' title='bbox 310 632 461 671; x_wconf 87' lang='lat' dir='ltr'>genere</span> <span class='ocrx_word' id='word_1_79' title='bbox 493 620 696 672; x_wconf 90' lang='lat' dir='ltr'>quodam,</span> <span class='ocrx_word' id='word_1_80' title='bbox 728 633 813 659; x_wconf 94' lang='lat' dir='ltr'>non</span> <span class='ocrx_word' id='word_1_81' title='bbox 847 620 1058 672; x_wconf 90' lang='lat' dir='ltr'>quolibet:</span> <span class='ocrx_word' id='word_1_82' title='bbox 1091 620 1203 673; x_wconf 91' lang='lat' dir='ltr'>quod</span> <span class='ocrx_word' id='word_1_83' title='bbox 1226 633 1357 673; x_wconf 87' lang='lat' dir='ltr'>genus</span> <span class='ocrx_word' id='word_1_84' title='bbox 1380 622 1634 660; x_wconf 87' lang='lat' dir='ltr'>conveniens</span> <span class='ocrx_word' id='word_1_85' title='bbox 1656 627 2070 673; x_wconf 88' lang='lat' dir='ltr'>consentaneumque</span> 
     </span>
     <span class='ocr_line' id='line_1_9' title="bbox 310 681 2071 736; baseline 0.001 -16"><span class='ocrx_word' id='word_1_86' title='bbox 310 681 501 721; x_wconf 87' lang='lat' dir='ltr'><strong>dicimus.</strong></span> <span class='ocrx_word' id='word_1_87' title='bbox 551 683 635 721; x_wconf 91' lang='lat' dir='ltr'>Nec</span> <span class='ocrx_word' id='word_1_88' title='bbox 667 682 778 722; x_wconf 90' lang='lat' dir='ltr'>enim</span> <span class='ocrx_word' id='word_1_89' title='bbox 810 682 1101 734; x_wconf 82' lang='lat' dir='ltr'>gubernationi</span> <span class='ocrx_word' id='word_1_90' title='bbox 1133 687 1206 721; x_wconf 89' lang='lat' dir='ltr'>aut</span> <span class='ocrx_word' id='word_1_91' title='bbox 1236 683 1467 723; x_wconf 85' lang='lat' dir='ltr'>medicinae</span> <span class='ocrx_word' id='word_1_92' title='bbox 1499 684 1678 723; x_wconf 90' lang='lat' dir='ltr'>similem</span> <span class='ocrx_word' id='word_1_93' title='bbox 1703 684 1949 736; x_wconf 85' lang='lat' dir='ltr'>sapientiam</span> <span class='ocrx_word' id='word_1_94' title='bbox 1981 695 2071 722; x_wconf 90' lang='lat' dir='ltr'>esse</span> 
     </span>
     <span class='ocr_line' id='line_1_10' title="bbox 309 744 2072 798; baseline 0.001 -16"><span class='ocrx_word' id='word_1_95' title='bbox 309 744 577 792; x_wconf 76' lang='lat' dir='ltr'>arbitramur,</span> <span class='ocrx_word' id='word_1_96' title='bbox 609 745 682 785; x_wconf 91' lang='lat' dir='ltr'>sed</span> <span class='ocrx_word' id='word_1_97' title='bbox 714 745 868 784; x_wconf 87' lang='lat' dir='ltr'>actioni</span> <span class='ocrx_word' id='word_1_98' title='bbox 898 745 959 784; x_wconf 92' lang='lat' dir='ltr'>illi</span> <span class='ocrx_word' id='word_1_99' title='bbox 991 745 1143 797; x_wconf 89' lang='lat' dir='ltr'>potius,</span> <span class='ocrx_word' id='word_1_100' title='bbox 1175 758 1300 798; x_wconf 89' lang='lat' dir='ltr'>quam</span> <span class='ocrx_word' id='word_1_101' title='bbox 1332 747 1456 785; x_wconf 92' lang='lat' dir='ltr'>modo</span> <span class='ocrx_word' id='word_1_102' title='bbox 1488 746 1590 793; x_wconf 75' lang='lat' dir='ltr'>dixi,</span> <span class='ocrx_word' id='word_1_103' title='bbox 1622 752 1662 785; x_wconf 91' lang='lat' dir='ltr'>et</span> <span class='ocrx_word' id='word_1_104' title='bbox 1693 746 1925 792; x_wconf 85' lang='lat' dir='ltr'>saltationi,</span> <span class='ocrx_word' id='word_1_105' title='bbox 1956 751 2001 784; x_wconf 90' lang='lat' dir='ltr'>ut</span> <span class='ocrx_word' id='word_1_106' title='bbox 2028 745 2072 784; x_wconf 92' lang='lat' dir='ltr'>in</span> 
     </span>
     <span class='ocr_line' id='line_1_11' title="bbox 262 806 2072 862; baseline 0 -16"><span class='ocrx_word' id='word_1_107' title='bbox 262 806 402 859; x_wconf 71' lang='lat' dir='ltr'>ioipsa</span> <span class='ocrx_word' id='word_1_108' title='bbox 432 807 550 855; x_wconf 90' lang='lat' dir='ltr'>insit,</span> <span class='ocrx_word' id='word_1_109' title='bbox 581 821 664 847; x_wconf 92' lang='lat' dir='ltr'>non</span> <span class='ocrx_word' id='word_1_110' title='bbox 695 807 797 847; x_wconf 88' lang='lat' dir='ltr'>foris</span> <span class='ocrx_word' id='word_1_111' title='bbox 827 813 994 862; x_wconf 87' lang='lat' dir='ltr'>petatur</span> <span class='ocrx_word' id='word_1_112' title='bbox 1026 813 1277 854; x_wconf 79' lang='lat' dir='ltr'>extremum,</span> <span class='ocrx_word' id='word_1_113' title='bbox 1316 808 1358 847; x_wconf 89' lang='lat' dir='ltr'>id</span> <span class='ocrx_word' id='word_1_114' title='bbox 1391 813 1454 847; x_wconf 87' lang='lat' dir='ltr'>est</span> <span class='ocrx_word' id='word_1_115' title='bbox 1484 809 1582 848; x_wconf 88' lang='lat' dir='ltr'>artis</span> <span class='ocrx_word' id='word_1_116' title='bbox 1614 809 1792 848; x_wconf 84' lang='lat' dir='ltr'>effectio.</span> <span class='ocrx_word' id='word_1_117' title='bbox 1852 809 1904 847; x_wconf 90' lang='lat' dir='ltr'>Et</span> <span class='ocrx_word' id='word_1_118' title='bbox 1934 813 2072 847; x_wconf 87' lang='lat' dir='ltr'>tamen</span> 
     </span>
     <span class='ocr_line' id='line_1_12' title="bbox 311 870 2074 924; baseline 0 -15"><span class='ocrx_word' id='word_1_119' title='bbox 311 875 374 909; x_wconf 90' lang='lat' dir='ltr'>est</span> <span class='ocrx_word' id='word_1_120' title='bbox 408 870 531 909; x_wconf 85' lang='lat' dir='ltr'>etiam</span> <span class='ocrx_word' id='word_1_121' title='bbox 571 870 652 909; x_wconf 89' lang='lat' dir='ltr'>alia</span> <span class='ocrx_word' id='word_1_122' title='bbox 690 884 782 909; x_wconf 89' lang='lat' dir='ltr'>eum</span> <span class='ocrx_word' id='word_1_123' title='bbox 819 870 884 910; x_wconf 90' lang='lat' dir='ltr'>his</span> <span class='ocrx_word' id='word_1_124' title='bbox 921 871 1022 924; x_wconf 89' lang='lat' dir='ltr'>ipsis</span> <span class='ocrx_word' id='word_1_125' title='bbox 1054 870 1211 909; x_wconf 89' lang='lat' dir='ltr'>artibus</span> <span class='ocrx_word' id='word_1_126' title='bbox 1243 870 1472 923; x_wconf 80' lang='lat' dir='ltr'>sapientiae</span> <span class='ocrx_word' id='word_1_127' title='bbox 1504 871 1819 918; x_wconf 84' lang='lat' dir='ltr'>dissimilitudo,</span> <span class='ocrx_word' id='word_1_128' title='bbox 1851 876 2074 923; x_wconf 88' lang='lat' dir='ltr'>propterea</span> 
     </span>
     <span class='ocr_line' id='line_1_13' title="bbox 312 931 2073 985; baseline 0 -14"><span class='ocrx_word' id='word_1_129' title='bbox 312 931 422 985; x_wconf 91' lang='lat' dir='ltr'>quod</span> <span class='ocrx_word' id='word_1_130' title='bbox 462 932 505 971; x_wconf 94' lang='lat' dir='ltr'>in</span> <span class='ocrx_word' id='word_1_131' title='bbox 544 932 626 971; x_wconf 90' lang='lat' dir='ltr'>illis</span> <span class='ocrx_word' id='word_1_132' title='bbox 660 946 766 985; x_wconf 86' lang='lat' dir='ltr'>quae</span> <span class='ocrx_word' id='word_1_133' title='bbox 803 938 915 972; x_wconf 87' lang='lat' dir='ltr'>recte</span> <span class='ocrx_word' id='word_1_134' title='bbox 953 932 1060 972; x_wconf 87' lang='lat' dir='ltr'>facta</span> <span class='ocrx_word' id='word_1_135' title='bbox 1091 938 1187 972; x_wconf 91' lang='lat' dir='ltr'>sunt</span> <span class='ocrx_word' id='word_1_136' title='bbox 1218 946 1302 971; x_wconf 89' lang='lat' dir='ltr'>non</span> <span class='ocrx_word' id='word_1_137' title='bbox 1334 933 1547 972; x_wconf 84' lang='lat' dir='ltr'>continent</span> <span class='ocrx_word' id='word_1_138' title='bbox 1577 939 1715 972; x_wconf 88' lang='lat' dir='ltr'>tamen</span> <span class='ocrx_word' id='word_1_139' title='bbox 1747 947 1890 973; x_wconf 87' lang='lat' dir='ltr'>omnes</span> <span class='ocrx_word' id='word_1_140' title='bbox 1922 938 2073 985; x_wconf 89' lang='lat' dir='ltr'>partes,</span> 
     </span>
     <span class='ocr_line' id='line_1_14' title="bbox 311 994 2073 1048; baseline 0 -15"><span class='ocrx_word' id='word_1_141' title='bbox 311 1007 332 1034; x_wconf 90' lang='lat' dir='ltr'>e</span> <span class='ocrx_word' id='word_1_142' title='bbox 366 995 518 1048; x_wconf 91' lang='lat' dir='ltr'>quibus</span> <span class='ocrx_word' id='word_1_143' title='bbox 549 1000 767 1035; x_wconf 87' lang='lat' dir='ltr'>constant:</span> <span class='ocrx_word' id='word_1_144' title='bbox 807 1009 913 1048; x_wconf 86' lang='lat' dir='ltr'>quae</span> <span class='ocrx_word' id='word_1_145' title='bbox 954 1001 1094 1034; x_wconf 88' lang='lat' dir='ltr'>autem</span> <span class='ocrx_word' id='word_1_146' title='bbox 1132 1008 1209 1034; x_wconf 90' lang='lat' dir='ltr'>nos</span> <span class='ocrx_word' id='word_1_147' title='bbox 1250 1000 1321 1033; x_wconf 91' lang='lat' dir='ltr'>aut</span> <span class='ocrx_word' id='word_1_148' title='bbox 1351 1001 1459 1035; x_wconf 87' lang='lat' dir='ltr'>recta</span> <span class='ocrx_word' id='word_1_149' title='bbox 1493 1001 1564 1034; x_wconf 85' lang='lat' dir='ltr'>aut</span> <span class='ocrx_word' id='word_1_150' title='bbox 1593 1001 1704 1034; x_wconf 89' lang='lat' dir='ltr'>recte</span> <span class='ocrx_word' id='word_1_151' title='bbox 1736 994 1841 1034; x_wconf 88' lang='lat' dir='ltr'>facta</span> <span class='ocrx_word' id='word_1_152' title='bbox 1874 995 2073 1042; x_wconf 85' lang='lat' dir='ltr'>dicamus,</span> 
     </span>
     <span class='ocr_line' id='line_1_15' title="bbox 311 1053 2074 1111; baseline 0.001 -16"><span class='ocrx_word' id='word_1_153' title='bbox 311 1057 346 1095; x_wconf 92' lang='lat' dir='ltr'>si</span> <span class='ocrx_word' id='word_1_154' title='bbox 389 1057 544 1109; x_wconf 87' lang='lat' dir='ltr'>placet,</span> <span class='ocrx_word' id='word_1_155' title='bbox 585 1057 645 1096; x_wconf 91' lang='lat' dir='ltr'>illi</span> <span class='ocrx_word' id='word_1_156' title='bbox 681 1063 818 1097; x_wconf 86' lang='lat' dir='ltr'>autem</span> <span class='ocrx_word' id='word_1_157' title='bbox 861 1058 1075 1111; x_wconf 65' lang='lat' dir='ltr'>appellant</span> <span class='ocrx_word' id='word_1_158' title='bbox 1105 1053 1462 1111; x_wconf 58' lang='lat' dir='ltr'>xcer‹)917·‹1331ccrcc.</span> <span class='ocrx_word' id='word_1_159' title='bbox 1506 1071 1650 1096; x_wconf 89' lang='lat' dir='ltr'>omnes</span> <span class='ocrx_word' id='word_1_160' title='bbox 1683 1070 1879 1097; x_wconf 90' lang='lat' dir='ltr'>numeros</span> <span class='ocrx_word' id='word_1_161' title='bbox 1909 1057 2074 1096; x_wconf 85' lang='lat' dir='ltr'>virtutis</span> 
     </span>
     <span class='ocr_line' id='line_1_16' title="bbox 262 1119 2074 1173; baseline -0.001 -13"><span class='ocrx_word' id='word_1_162' title='bbox 262 1133 295 1160; x_wconf 67' lang='lat'>⁴5</span> <span class='ocrx_word' id='word_1_163' title='bbox 311 1120 540 1159; x_wconf 84' lang='lat' dir='ltr'>continent.</span> <span class='ocrx_word' id='word_1_164' title='bbox 601 1120 698 1160; x_wconf 84' lang='lat' dir='ltr'>Sola</span> <span class='ocrx_word' id='word_1_165' title='bbox 729 1121 839 1160; x_wconf 90' lang='lat' dir='ltr'>enim</span> <span class='ocrx_word' id='word_1_166' title='bbox 873 1120 1076 1173; x_wconf 84' lang='lat' dir='ltr'>sapientia</span> <span class='ocrx_word' id='word_1_167' title='bbox 1108 1120 1149 1159; x_wconf 92' lang='lat' dir='ltr'>in</span> <span class='ocrx_word' id='word_1_168' title='bbox 1181 1133 1224 1159; x_wconf 92' lang='lat' dir='ltr'>se</span> <span class='ocrx_word' id='word_1_169' title='bbox 1268 1125 1354 1159; x_wconf 89' lang='lat' dir='ltr'>tota</span> <span class='ocrx_word' id='word_1_170' title='bbox 1388 1133 1586 1159; x_wconf 86' lang='lat' dir='ltr'>conversa</span> <span class='ocrx_word' id='word_1_171' title='bbox 1619 1125 1702 1167; x_wconf 90' lang='lat' dir='ltr'>est,</span> <span class='ocrx_word' id='word_1_172' title='bbox 1745 1119 1858 1173; x_wconf 91' lang='lat' dir='ltr'>quod</span> <span class='ocrx_word' id='word_1_173' title='bbox 1890 1120 1999 1159; x_wconf 90' lang='lat' dir='ltr'>idem</span> <span class='ocrx_word' id='word_1_174' title='bbox 2031 1120 2074 1159; x_wconf 91' lang='lat' dir='ltr'>in</span> 
     </span>
     <span class='ocr_line' id='line_1_17' title="bbox 311 1181 2074 1234; baseline 0 -13"><span class='ocrx_word' id='word_1_175' title='bbox 311 1183 457 1222; x_wconf 87' lang='lat' dir='ltr'>ceteris</span> <span class='ocrx_word' id='word_1_176' title='bbox 502 1183 660 1222; x_wconf 88' lang='lat' dir='ltr'>artibus</span> <span class='ocrx_word' id='word_1_177' title='bbox 703 1197 786 1223; x_wconf 89' lang='lat' dir='ltr'>non</span> <span class='ocrx_word' id='word_1_178' title='bbox 824 1181 881 1223; x_wconf 89' lang='lat' dir='ltr'>fit.</span> <span class='ocrx_word' id='word_1_179' title='bbox 941 1182 1007 1222; x_wconf 61' lang='lat'>¹023,</span> <span class='ocrx_word' id='word_1_180' title='bbox 1050 1183 1200 1222; x_wconf 77' lang='lat' dir='ltr'>inscite</span> <span class='ocrx_word' id='word_1_181' title='bbox 1241 1188 1377 1222; x_wconf 87' lang='lat' dir='ltr'>autem</span> <span class='ocrx_word' id='word_1_182' title='bbox 1422 1183 1652 1222; x_wconf 85' lang='lat' dir='ltr'>medicinae</span> <span class='ocrx_word' id='word_1_183' title='bbox 1685 1187 1725 1222; x_wconf 90' lang='lat' dir='ltr'>et</span> <span class='ocrx_word' id='word_1_184' title='bbox 1763 1182 2074 1234; x_wconf 80' lang='lat' dir='ltr'>gubernationis</span> 
     </span>
     <span class='ocr_line' id='line_1_18' title="bbox 309 1243 2075 1299; baseline -0.001 -15"><span class='ocrx_word' id='word_1_185' title='bbox 309 1243 502 1284; x_wconf 87' lang='lat' dir='ltr'>ultimum</span> <span class='ocrx_word' id='word_1_186' title='bbox 545 1259 637 1284; x_wconf 90' lang='lat' dir='ltr'>cum</span> <span class='ocrx_word' id='word_1_187' title='bbox 679 1246 827 1286; x_wconf 89' lang='lat' dir='ltr'>ultimo</span> <span class='ocrx_word' id='word_1_188' title='bbox 869 1246 1098 1299; x_wconf 88' lang='lat' dir='ltr'>sapientiae</span> <span class='ocrx_word' id='word_1_189' title='bbox 1139 1251 1415 1297; x_wconf 88' lang='lat' dir='ltr'>comparatur.</span> <span class='ocrx_word' id='word_1_190' title='bbox 1479 1246 1690 1297; x_wconf 87' lang='lat' dir='ltr'>Sapientia</span> <span class='ocrx_word' id='word_1_191' title='bbox 1728 1246 1837 1284; x_wconf 90' lang='lat' dir='ltr'>enim</span> <span class='ocrx_word' id='word_1_192' title='bbox 1879 1250 1919 1284; x_wconf 90' lang='lat' dir='ltr'>et</span> <span class='ocrx_word' id='word_1_193' title='bbox 1949 1245 2075 1284; x_wconf 89' lang='lat' dir='ltr'>animi</span> 
     </span>
     <span class='ocr_line' id='line_1_19' title="bbox 311 1307 2076 1361; baseline 0.001 -16"><span class='ocrx_word' id='word_1_194' title='bbox 311 1307 640 1358; x_wconf 85' lang='lat' dir='ltr'>magnitudinem</span> <span class='ocrx_word' id='word_1_195' title='bbox 673 1309 964 1361; x_wconf 84' lang='lat' dir='ltr'>complectitur</span> <span class='ocrx_word' id='word_1_196' title='bbox 995 1313 1035 1347; x_wconf 92' lang='lat' dir='ltr'>et</span> <span class='ocrx_word' id='word_1_197' title='bbox 1064 1308 1263 1347; x_wconf 88' lang='lat' dir='ltr'>iustitiam</span> <span class='ocrx_word' id='word_1_198' title='bbox 1297 1314 1336 1347; x_wconf 88' lang='lat' dir='ltr'>et</span> <span class='ocrx_word' id='word_1_199' title='bbox 1367 1313 1412 1347; x_wconf 88' lang='lat' dir='ltr'>ut</span> <span class='ocrx_word' id='word_1_200' title='bbox 1444 1309 1602 1354; x_wconf 85' lang='lat' dir='ltr'>omnia,</span> <span class='ocrx_word' id='word_1_201' title='bbox 1643 1322 1751 1360; x_wconf 88' lang='lat' dir='ltr'>quae</span> <span class='ocrx_word' id='word_1_202' title='bbox 1782 1308 1938 1347; x_wconf 88' lang='lat' dir='ltr'>homini</span> <span class='ocrx_word' id='word_1_203' title='bbox 1971 1308 2076 1347; x_wconf 85' lang='lat' dir='ltr'>acci-</span> 
     </span>
     <span class='ocr_line' id='line_1_20' title="bbox 311 1370 2075 1423; baseline 0.001 -15"><span class='ocrx_word' id='word_1_204' title='bbox 311 1370 430 1416; x_wconf 89' lang='lat' dir='ltr'>dant,</span> <span class='ocrx_word' id='word_1_205' title='bbox 476 1370 585 1409; x_wconf 90' lang='lat' dir='ltr'>infra</span> <span class='ocrx_word' id='word_1_206' title='bbox 630 1384 673 1410; x_wconf 92' lang='lat' dir='ltr'>se</span> <span class='ocrx_word' id='word_1_207' title='bbox 717 1385 806 1411; x_wconf 90' lang='lat' dir='ltr'>esse</span> <span class='ocrx_word' id='word_1_208' title='bbox 846 1371 1024 1416; x_wconf 88' lang='lat' dir='ltr'>iudicet,</span> <span class='ocrx_word' id='word_1_209' title='bbox 1066 1370 1179 1423; x_wconf 93' lang='lat' dir='ltr'>quod</span> <span class='ocrx_word' id='word_1_210' title='bbox 1223 1370 1333 1409; x_wconf 86' lang='lat' dir='ltr'>idem</span> <span class='ocrx_word' id='word_1_211' title='bbox 1377 1372 1523 1410; x_wconf 68' lang='lat' dir='ltr'>cem-is</span> <span class='ocrx_word' id='word_1_212' title='bbox 1565 1370 1723 1410; x_wconf 89' lang='lat' dir='ltr'>artibus</span> <span class='ocrx_word' id='word_1_213' title='bbox 1765 1384 1850 1409; x_wconf 89' lang='lat' dir='ltr'>non</span> <span class='ocrx_word' id='word_1_214' title='bbox 1889 1372 2075 1423; x_wconf 87' lang='lat' dir='ltr'>contigit.</span> 
     </span>
     <span class='ocr_line' id='line_1_21' title="bbox 260 1433 2075 1486; baseline -0.001 -13"><span class='ocrx_word' id='word_1_215' title='bbox 260 1445 296 1473; x_wconf 71' lang='lat'>20</span> <span class='ocrx_word' id='word_1_216' title='bbox 311 1434 472 1472; x_wconf 86' lang='lat' dir='ltr'>Tenere</span> <span class='ocrx_word' id='word_1_217' title='bbox 503 1439 640 1472; x_wconf 90' lang='lat' dir='ltr'>autem</span> <span class='ocrx_word' id='word_1_218' title='bbox 671 1434 844 1473; x_wconf 87' lang='lat' dir='ltr'>virtutes</span> <span class='ocrx_word' id='word_1_219' title='bbox 877 1447 946 1472; x_wconf 89' lang='lat' dir='ltr'>eas</span> <span class='ocrx_word' id='word_1_220' title='bbox 978 1434 1107 1486; x_wconf 87' lang='lat' dir='ltr'>ipsas,</span> <span class='ocrx_word' id='word_1_221' title='bbox 1151 1446 1324 1485; x_wconf 89' lang='lat' dir='ltr'>quarum</span> <span class='ocrx_word' id='word_1_222' title='bbox 1358 1433 1481 1472; x_wconf 91' lang='lat' dir='ltr'>modo</span> <span class='ocrx_word' id='word_1_223' title='bbox 1522 1433 1601 1472; x_wconf 87' lang='lat' dir='ltr'>feci</span> <span class='ocrx_word' id='word_1_224' title='bbox 1634 1433 1912 1480; x_wconf 86' lang='lat' dir='ltr'>mentionem,</span> <span class='ocrx_word' id='word_1_225' title='bbox 1952 1447 2075 1473; x_wconf 87' lang='lat' dir='ltr'>nemo</span> 
     </span>
     <span class='ocr_line' id='line_1_22' title="bbox 310 1495 2076 1549; baseline 0.001 -14"><span class='ocrx_word' id='word_1_226' title='bbox 310 1496 481 1549; x_wconf 88' lang='lat' dir='ltr'>poterit,</span> <span class='ocrx_word' id='word_1_227' title='bbox 522 1497 602 1535; x_wconf 90' lang='lat' dir='ltr'>nisi</span> <span class='ocrx_word' id='word_1_228' title='bbox 642 1496 835 1536; x_wconf 86' lang='lat' dir='ltr'>statuerit</span> <span class='ocrx_word' id='word_1_229' title='bbox 876 1496 979 1535; x_wconf 90' lang='lat' dir='ltr'>nihil</span> <span class='ocrx_word' id='word_1_230' title='bbox 1012 1509 1102 1535; x_wconf 85' lang='lat' dir='ltr'>esse</span> <span class='ocrx_word' id='word_1_231' title='bbox 1135 1496 1246 1549; x_wconf 91' lang='lat' dir='ltr'>quod</span> <span class='ocrx_word' id='word_1_232' title='bbox 1278 1496 1444 1536; x_wconf 87' lang='lat' dir='ltr'>intersit</span> <span class='ocrx_word' id='word_1_233' title='bbox 1475 1501 1545 1535; x_wconf 90' lang='lat' dir='ltr'>aut</span> <span class='ocrx_word' id='word_1_234' title='bbox 1575 1495 1738 1535; x_wconf 82' lang='lat' dir='ltr'>differat</span> <span class='ocrx_word' id='word_1_235' title='bbox 1768 1495 1880 1535; x_wconf 89' lang='lat' dir='ltr'>aliud</span> <span class='ocrx_word' id='word_1_236' title='bbox 1912 1496 1963 1536; x_wconf 87' lang='lat' dir='ltr'>ab</span> <span class='ocrx_word' id='word_1_237' title='bbox 1994 1497 2076 1536; x_wconf 91' lang='lat' dir='ltr'>alio</span> 
     </span>
     <span class='ocr_line' id='line_1_23' title="bbox 310 1558 930 1613; baseline 0 -16"><span class='ocrx_word' id='word_1_238' title='bbox 310 1564 474 1613; x_wconf 87' lang='lat' dir='ltr'>praeter</span> <span class='ocrx_word' id='word_1_239' title='bbox 503 1558 679 1598; x_wconf 86' lang='lat' dir='ltr'>honesta</span> <span class='ocrx_word' id='word_1_240' title='bbox 711 1564 752 1598; x_wconf 90' lang='lat' dir='ltr'>et</span> <span class='ocrx_word' id='word_1_241' title='bbox 783 1559 930 1612; x_wconf 89' lang='lat' dir='ltr'>turpia.</span> 
     </span>
     <span class='ocr_line' id='line_1_24' title="bbox 423 1619 2077 1674; baseline 0.001 -14"><span class='ocrx_word' id='word_1_242' title='bbox 423 1619 488 1661; x_wconf 64' lang='lat'>26.</span> <span class='ocrx_word' id='word_1_243' title='bbox 521 1621 746 1661; x_wconf 86' lang='lat' dir='ltr'>Videamus</span> <span class='ocrx_word' id='word_1_244' title='bbox 778 1635 909 1668; x_wconf 89' lang='lat' dir='ltr'>nunc,</span> <span class='ocrx_word' id='word_1_245' title='bbox 951 1635 1074 1674; x_wconf 90' lang='lat' dir='ltr'>quam</span> <span class='ocrx_word' id='word_1_246' title='bbox 1106 1621 1189 1660; x_wconf 89' lang='lat' dir='ltr'>sint</span> <span class='ocrx_word' id='word_1_247' title='bbox 1219 1621 1431 1673; x_wconf 86' lang='lat' dir='ltr'>praeclare</span> <span class='ocrx_word' id='word_1_248' title='bbox 1463 1621 1533 1661; x_wconf 93' lang='lat' dir='ltr'>illa</span> <span class='ocrx_word' id='word_1_249' title='bbox 1564 1621 1648 1668; x_wconf 90' lang='lat' dir='ltr'>his,</span> <span class='ocrx_word' id='word_1_250' title='bbox 1691 1634 1798 1673; x_wconf 88' lang='lat' dir='ltr'>quae</span> <span class='ocrx_word' id='word_1_251' title='bbox 1829 1621 1910 1661; x_wconf 89' lang='lat' dir='ltr'>iam</span> <span class='ocrx_word' id='word_1_252' title='bbox 1942 1622 2077 1674; x_wconf 92' lang='lat' dir='ltr'>posui,</span> 
     </span>
     <span class='ocr_line' id='line_1_25' title="bbox 312 1683 2078 1738; baseline 0 -14"><span class='ocrx_word' id='word_1_253' title='bbox 312 1684 625 1738; x_wconf 87' lang='lat' dir='ltr'>consequentia.</span> <span class='ocrx_word' id='word_1_254' title='bbox 679 1684 779 1724; x_wconf 92' lang='lat' dir='ltr'>Cum</span> <span class='ocrx_word' id='word_1_255' title='bbox 812 1685 923 1723; x_wconf 91' lang='lat' dir='ltr'>enim</span> <span class='ocrx_word' id='word_1_256' title='bbox 953 1684 1031 1723; x_wconf 88' lang='lat' dir='ltr'>hoc</span> <span class='ocrx_word' id='word_1_257' title='bbox 1064 1684 1117 1723; x_wconf 88' lang='lat' dir='ltr'>sit</span> <span class='ocrx_word' id='word_1_258' title='bbox 1148 1690 1378 1723; x_wconf 77' lang='lat' dir='ltr'>extremum</span> <span class='ocrx_word' id='word_1_259' title='bbox 1413 1707 1461 1712; x_wconf 89' lang='lat'><strong>—</strong></span> <span class='ocrx_word' id='word_1_260' title='bbox 1496 1685 1625 1723; x_wconf 86' lang='lat' dir='ltr'>sentis</span> <span class='ocrx_word' id='word_1_261' title='bbox 1658 1684 1788 1730; x_wconf 86' lang='lat' dir='ltr'>enim,</span> <span class='ocrx_word' id='word_1_262' title='bbox 1831 1683 1980 1730; x_wconf 90' lang='lat' dir='ltr'>credo,</span> <span class='ocrx_word' id='word_1_263' title='bbox 2013 1697 2078 1724; x_wconf 89' lang='lat' dir='ltr'>me</span> 
     </span>
     <span class='ocr_line' id='line_1_26' title="bbox 262 1746 2077 1800; baseline 0 -14"><span class='ocrx_word' id='word_1_264' title='bbox 262 1747 392 1787; x_wconf 72' lang='lat' dir='ltr'>25iam</span> <span class='ocrx_word' id='word_1_265' title='bbox 425 1747 518 1794; x_wconf 91' lang='lat' dir='ltr'>diu,</span> <span class='ocrx_word' id='word_1_266' title='bbox 545 1746 657 1800; x_wconf 92' lang='lat' dir='ltr'>quod</span> <span class='ocrx_word' id='word_1_267' title='bbox 690 1749 810 1795; x_wconf 65' lang='grc' dir='ltr'><em>τέλος</em></span> <span class='ocrx_word' id='word_1_268' title='bbox 843 1747 987 1786; x_wconf 89' lang='lat' dir='ltr'>Graeci</span> <span class='ocrx_word' id='word_1_269' title='bbox 1021 1747 1185 1792; x_wconf 87' lang='lat' dir='ltr'>dicunt,</span> <span class='ocrx_word' id='word_1_270' title='bbox 1222 1747 1262 1786; x_wconf 92' lang='lat' dir='ltr'>id</span> <span class='ocrx_word' id='word_1_271' title='bbox 1296 1747 1431 1786; x_wconf 89' lang='lat' dir='ltr'>dicere</span> <span class='ocrx_word' id='word_1_272' title='bbox 1464 1753 1547 1786; x_wconf 85' lang='lat' dir='ltr'>tum</span> <span class='ocrx_word' id='word_1_273' title='bbox 1581 1752 1832 1793; x_wconf 82' lang='lat' dir='ltr'>extremum,</span> <span class='ocrx_word' id='word_1_274' title='bbox 1864 1751 1949 1785; x_wconf 90' lang='lat' dir='ltr'>tum</span> <span class='ocrx_word' id='word_1_275' title='bbox 1982 1746 2077 1786; x_wconf 88' lang='lat' dir='ltr'>ulti-</span> 
     </span>
     <span class='ocr_line' id='line_1_27' title="bbox 312 1807 2077 1861; baseline 0 -13"><span class='ocrx_word' id='word_1_276' title='bbox 312 1823 438 1856; x_wconf 90' lang='lat' dir='ltr'>mum,</span> <span class='ocrx_word' id='word_1_277' title='bbox 469 1815 554 1848; x_wconf 90' lang='lat' dir='ltr'>tum</span> <span class='ocrx_word' id='word_1_278' title='bbox 577 1823 805 1849; x_wconf 89' lang='lat' dir='ltr'>summum:</span> <span class='ocrx_word' id='word_1_279' title='bbox 838 1810 978 1849; x_wconf 85' lang='lat' dir='ltr'>licebit</span> <span class='ocrx_word' id='word_1_280' title='bbox 1000 1809 1123 1848; x_wconf 90' lang='lat' dir='ltr'>etiam</span> <span class='ocrx_word' id='word_1_281' title='bbox 1146 1807 1268 1848; x_wconf 88' lang='lat' dir='ltr'>linem</span> <span class='ocrx_word' id='word_1_282' title='bbox 1290 1823 1364 1861; x_wconf 85' lang='lat' dir='ltr'>pro</span> <span class='ocrx_word' id='word_1_283' title='bbox 1388 1816 1573 1848; x_wconf 77' lang='lat' dir='ltr'>extremo</span> <span class='ocrx_word' id='word_1_284' title='bbox 1597 1815 1667 1847; x_wconf 90' lang='lat' dir='ltr'>aut</span> <span class='ocrx_word' id='word_1_285' title='bbox 1687 1808 1832 1847; x_wconf 88' lang='lat' dir='ltr'>ultimo</span> <span class='ocrx_word' id='word_1_286' title='bbox 1856 1808 1993 1848; x_wconf 84' lang='lat' dir='ltr'>dicere</span> <span class='ocrx_word' id='word_1_287' title='bbox 2010 1830 2077 1856; x_wconf 90' lang='lat'>—‚</span> 
     </span>
     <span class='ocr_line' id='line_1_28' title="bbox 313 1871 2078 1925; baseline -0.002 -13"><span class='ocrx_word' id='word_1_288' title='bbox 313 1885 403 1911; x_wconf 90' lang='lat' dir='ltr'>cum</span> <span class='ocrx_word' id='word_1_289' title='bbox 436 1873 563 1925; x_wconf 89' lang='lat' dir='ltr'>igitur</span> <span class='ocrx_word' id='word_1_290' title='bbox 594 1872 672 1912; x_wconf 89' lang='lat' dir='ltr'>hoc</span> <span class='ocrx_word' id='word_1_291' title='bbox 703 1873 756 1912; x_wconf 89' lang='lat' dir='ltr'>sit</span> <span class='ocrx_word' id='word_1_292' title='bbox 788 1878 1043 1919; x_wconf 74' lang='lat' dir='ltr'>extremum,</span> <span class='ocrx_word' id='word_1_293' title='bbox 1085 1878 1363 1923; x_wconf 84' lang='lat' dir='ltr'>congruenter</span> <span class='ocrx_word' id='word_1_294' title='bbox 1402 1879 1573 1910; x_wconf 80' lang='lat' dir='ltr'>naturae</span> <span class='ocrx_word' id='word_1_295' title='bbox 1605 1871 1987 1924; x_wconf 87' lang='lat' dir='ltr'>convenienterque</span> <span class='ocrx_word' id='word_1_296' title='bbox 2019 1871 2078 1909; x_wconf 88' lang='lat' dir='ltr'>vi-</span> 
     </span>
     <span class='ocr_line' id='line_1_29' title="bbox 312 1932 2079 1987; baseline -0.001 -13"><span class='ocrx_word' id='word_1_297' title='bbox 312 1948 430 1981; x_wconf 88' lang='lat' dir='ltr'>vere,</span> <span class='ocrx_word' id='word_1_298' title='bbox 463 1935 700 1974; x_wconf 88' lang='lat' dir='ltr'>necessario</span> <span class='ocrx_word' id='word_1_299' title='bbox 733 1935 922 1987; x_wconf 89' lang='lat' dir='ltr'>sequitur</span> <span class='ocrx_word' id='word_1_300' title='bbox 944 1948 1088 1973; x_wconf 87' lang='lat' dir='ltr'>omnes</span> <span class='ocrx_word' id='word_1_301' title='bbox 1112 1935 1322 1986; x_wconf 83' lang='lat' dir='ltr'>sapientes</span> <span class='ocrx_word' id='word_1_302' title='bbox 1345 1948 1508 1986; x_wconf 85' lang='lat' dir='ltr'>semper</span> <span class='ocrx_word' id='word_1_303' title='bbox 1528 1934 1725 1977; x_wconf 79' lang='lat' dir='ltr'>feliciter,</span> <span class='ocrx_word' id='word_1_304' title='bbox 1758 1932 1964 1979; x_wconf 86' lang='lat' dir='ltr'>absolute,</span> <span class='ocrx_word' id='word_1_305' title='bbox 1996 1933 2079 1972; x_wconf 84' lang='lat' dir='ltr'>for-</span> 
     </span>
     <span class='ocr_line' id='line_1_30' title="bbox 312 1995 2078 2049; baseline -0.002 -12"><span class='ocrx_word' id='word_1_306' title='bbox 312 2003 456 2037; x_wconf 88' lang='lat' dir='ltr'>tunate</span> <span class='ocrx_word' id='word_1_307' title='bbox 499 1998 657 2044; x_wconf 89' lang='lat' dir='ltr'>vivere,</span> <span class='ocrx_word' id='word_1_308' title='bbox 697 1998 811 2036; x_wconf 91' lang='lat' dir='ltr'>nulla</span> <span class='ocrx_word' id='word_1_309' title='bbox 849 2011 892 2036; x_wconf 90' lang='lat' dir='ltr'>re</span> <span class='ocrx_word' id='word_1_310' title='bbox 932 1997 1146 2048; x_wconf 86' lang='lat' dir='ltr'>impediri,</span> <span class='ocrx_word' id='word_1_311' title='bbox 1190 1997 1303 2035; x_wconf 87' lang='lat' dir='ltr'>nulla</span> <span class='ocrx_word' id='word_1_312' title='bbox 1340 1997 1575 2049; x_wconf 87' lang='lat' dir='ltr'>prohiberi,</span> <span class='ocrx_word' id='word_1_313' title='bbox 1614 1996 1727 2035; x_wconf 87' lang='lat' dir='ltr'>nulla</span> <span class='ocrx_word' id='word_1_314' title='bbox 1758 2008 1894 2047; x_wconf 87' lang='lat' dir='ltr'>egere.</span> <span class='ocrx_word' id='word_1_315' title='bbox 1957 1995 2078 2042; x_wconf 90' lang='lat' dir='ltr'>Quod</span> 
     </span>
     <span class='ocr_line' id='line_1_31' title="bbox 264 2059 2079 2112; baseline -0.002 -13"><span class='ocrx_word' id='word_1_316' title='bbox 264 2072 299 2100; x_wconf 88' lang='lat'>30</span> <span class='ocrx_word' id='word_1_317' title='bbox 315 2066 452 2100; x_wconf 87' lang='lat' dir='ltr'>autem</span> <span class='ocrx_word' id='word_1_318' title='bbox 485 2060 673 2099; x_wconf 86' lang='lat' dir='ltr'>continet</span> <span class='ocrx_word' id='word_1_319' title='bbox 703 2073 787 2099; x_wconf 92' lang='lat' dir='ltr'>non</span> <span class='ocrx_word' id='word_1_320' title='bbox 819 2061 949 2111; x_wconf 85' lang='lat' dir='ltr'>magis</span> <span class='ocrx_word' id='word_1_321' title='bbox 983 2073 1072 2098; x_wconf 91' lang='lat' dir='ltr'>eam</span> <span class='ocrx_word' id='word_1_322' title='bbox 1106 2059 1387 2112; x_wconf 82' lang='lat' dir='ltr'>disciplinam,</span> <span class='ocrx_word' id='word_1_323' title='bbox 1420 2060 1470 2097; x_wconf 91' lang='lat' dir='ltr'>de</span> <span class='ocrx_word' id='word_1_324' title='bbox 1493 2072 1574 2111; x_wconf 92' lang='lat' dir='ltr'>qua</span> <span class='ocrx_word' id='word_1_325' title='bbox 1604 2059 1775 2111; x_wconf 87' lang='lat' dir='ltr'>loquor,</span> <span class='ocrx_word' id='word_1_326' title='bbox 1809 2071 1930 2110; x_wconf 91' lang='lat' dir='ltr'>quam</span> <span class='ocrx_word' id='word_1_327' title='bbox 1955 2059 2079 2097; x_wconf 87' lang='lat' dir='ltr'>vitam</span> 
     </span>
     <span class='ocr_line' id='line_1_32' title="bbox 314 2120 2080 2175; baseline -0.002 -13"><span class='ocrx_word' id='word_1_328' title='bbox 314 2123 586 2175; x_wconf 86' lang='lat' dir='ltr'>fortunasque</span> <span class='ocrx_word' id='word_1_329' title='bbox 625 2128 809 2169; x_wconf 86' lang='lat' dir='ltr'>nostras,</span> <span class='ocrx_word' id='word_1_330' title='bbox 855 2122 896 2160; x_wconf 91' lang='lat' dir='ltr'>id</span> <span class='ocrx_word' id='word_1_331' title='bbox 940 2127 1001 2161; x_wconf 90' lang='lat' dir='ltr'>est</span> <span class='ocrx_word' id='word_1_332' title='bbox 1043 2128 1104 2167; x_wconf 92' lang='lat' dir='ltr'>ut,</span> <span class='ocrx_word' id='word_1_333' title='bbox 1153 2122 1267 2174; x_wconf 88' lang='lat' dir='ltr'>quod</span> <span class='ocrx_word' id='word_1_334' title='bbox 1298 2122 1521 2160; x_wconf 86' lang='lat' dir='ltr'>honestum</span> <span class='ocrx_word' id='word_1_335' title='bbox 1555 2121 1627 2167; x_wconf 90' lang='lat' dir='ltr'>sit,</span> <span class='ocrx_word' id='word_1_336' title='bbox 1668 2121 1707 2160; x_wconf 94' lang='lat' dir='ltr'>id</span> <span class='ocrx_word' id='word_1_337' title='bbox 1750 2120 1884 2159; x_wconf 90' lang='lat' dir='ltr'>solum</span> <span class='ocrx_word' id='word_1_338' title='bbox 1923 2120 2080 2159; x_wconf 89' lang='lat' dir='ltr'>bonum</span> 
     </span>
     <span class='ocr_line' id='line_1_33' title="bbox 314 2182 2079 2237; baseline -0.001 -14"><span class='ocrx_word' id='word_1_339' title='bbox 314 2185 570 2231; x_wconf 90' lang='lat' dir='ltr'>iudicemus,</span> <span class='ocrx_word' id='word_1_340' title='bbox 613 2190 751 2237; x_wconf 86' lang='lat' dir='ltr'>potest</span> <span class='ocrx_word' id='word_1_341' title='bbox 790 2184 831 2223; x_wconf 91' lang='lat' dir='ltr'>id</span> <span class='ocrx_word' id='word_1_342' title='bbox 873 2184 1042 2237; x_wconf 89' lang='lat' dir='ltr'>quidem</span> <span class='ocrx_word' id='word_1_343' title='bbox 1081 2184 1173 2223; x_wconf 74' lang='lat' dir='ltr'>fuse</span> <span class='ocrx_word' id='word_1_344' title='bbox 1215 2190 1255 2223; x_wconf 90' lang='lat' dir='ltr'>et</span> <span class='ocrx_word' id='word_1_345' title='bbox 1295 2184 1465 2235; x_wconf 88' lang='lat' dir='ltr'>copiose</span> <span class='ocrx_word' id='word_1_346' title='bbox 1507 2189 1545 2222; x_wconf 88' lang='lat' dir='ltr'>et</span> <span class='ocrx_word' id='word_1_347' title='bbox 1584 2183 1778 2221; x_wconf 89' lang='lat' dir='ltr'>omnibus</span> <span class='ocrx_word' id='word_1_348' title='bbox 1819 2182 2079 2221; x_wconf 82' lang='lat' dir='ltr'>electissimis</span> 
     </span>
     <span class='ocr_line' id='line_1_34' title="bbox 317 2243 2081 2299; baseline -0.002 -13"><span class='ocrx_word' id='word_1_349' title='bbox 317 2247 452 2287; x_wconf 86' lang='lat' dir='ltr'>verbis</span> <span class='ocrx_word' id='word_1_350' title='bbox 485 2247 829 2299; x_wconf 73' lang='lat' dir='ltr'>gravissimisque</span> <span class='ocrx_word' id='word_1_351' title='bbox 861 2247 1081 2286; x_wconf 89' lang='lat' dir='ltr'>sententiis</span> <span class='ocrx_word' id='word_1_352' title='bbox 1116 2243 1354 2299; x_wconf 84' lang='lat' dir='ltr'>[rhetorice]</span> <span class='ocrx_word' id='word_1_353' title='bbox 1389 2252 1429 2285; x_wconf 88' lang='lat' dir='ltr'>et</span> <span class='ocrx_word' id='word_1_354' title='bbox 1460 2246 1599 2297; x_wconf 87' lang='lat' dir='ltr'>augeri</span> <span class='ocrx_word' id='word_1_355' title='bbox 1634 2252 1672 2284; x_wconf 91' lang='lat' dir='ltr'>et</span> <span class='ocrx_word' id='word_1_356' title='bbox 1694 2245 1853 2291; x_wconf 86' lang='lat' dir='ltr'>ornari,</span> <span class='ocrx_word' id='word_1_357' title='bbox 1887 2243 1957 2283; x_wconf 91' lang='lat' dir='ltr'>sed</span> <span class='ocrx_word' id='word_1_358' title='bbox 1983 2256 2081 2282; x_wconf 89' lang='lat' dir='ltr'>con-</span> 
     </span>
     <span class='ocr_line' id='line_1_35' title="bbox 317 2306 2082 2350; baseline -0.003 -1"><span class='ocrx_word' id='word_1_359' title='bbox 317 2311 493 2350; x_wconf 86' lang='lat' dir='ltr'>sectaria</span> <span class='ocrx_word' id='word_1_360' title='bbox 526 2323 590 2349; x_wconf 90' lang='lat' dir='ltr'>me</span> <span class='ocrx_word' id='word_1_361' title='bbox 623 2310 858 2349; x_wconf 88' lang='lat' dir='ltr'>Stoicorum</span> <span class='ocrx_word' id='word_1_362' title='bbox 891 2309 1034 2348; x_wconf 87' lang='lat' dir='ltr'>brevia</span> <span class='ocrx_word' id='word_1_363' title='bbox 1066 2315 1107 2348; x_wconf 90' lang='lat' dir='ltr'>et</span> <span class='ocrx_word' id='word_1_364' title='bbox 1140 2315 1258 2348; x_wconf 86' lang='lat' dir='ltr'>acuta</span> <span class='ocrx_word' id='word_1_365' title='bbox 1282 2308 1500 2347; x_wconf 85' lang='lat' dir='ltr'>delectant.</span> <span class='ocrx_word' id='word_1_366' title='bbox 1548 2309 1655 2347; x_wconf 83' lang='lat' dir='ltr'>Vlll.</span> <span class='ocrx_word' id='word_1_367' title='bbox 1678 2306 1744 2347; x_wconf 69' lang='lat'>⁶27.</span> <span class='ocrx_word' id='word_1_368' title='bbox 1769 2307 2082 2346; x_wconf 88' lang='lat' dir='ltr'>Concluduntur</span> 
     </span>
     <span class='ocr_line' id='line_1_36' title="bbox 266 2368 2080 2424; baseline -0.002 -13"><span class='ocrx_word' id='word_1_369' title='bbox 266 2372 444 2424; x_wconf 85' lang='lat' dir='ltr'>35igitur</span> <span class='ocrx_word' id='word_1_370' title='bbox 474 2385 617 2411; x_wconf 87' lang='lat' dir='ltr'>eorum</span> <span class='ocrx_word' id='word_1_371' title='bbox 649 2377 892 2424; x_wconf 86' lang='lat' dir='ltr'>argumenta</span> <span class='ocrx_word' id='word_1_372' title='bbox 925 2372 1003 2410; x_wconf 91' lang='lat' dir='ltr'>sic:</span> <span class='ocrx_word' id='word_1_373' title='bbox 1038 2371 1159 2419; x_wconf 89' lang='lat' dir='ltr'>Quod</span> <span class='ocrx_word' id='word_1_374' title='bbox 1184 2377 1246 2410; x_wconf 87' lang='lat' dir='ltr'>est</span> <span class='ocrx_word' id='word_1_375' title='bbox 1267 2371 1442 2416; x_wconf 86' lang='lat' dir='ltr'>bonum,</span> <span class='ocrx_word' id='word_1_376' title='bbox 1477 2385 1598 2410; x_wconf 88' lang='lat' dir='ltr'>omne</span> <span class='ocrx_word' id='word_1_377' title='bbox 1622 2369 1827 2409; x_wconf 89' lang='lat' dir='ltr'>laudabile</span> <span class='ocrx_word' id='word_1_378' title='bbox 1851 2375 1933 2408; x_wconf 88' lang='lat' dir='ltr'>est:</span> <span class='ocrx_word' id='word_1_379' title='bbox 1967 2368 2080 2421; x_wconf 88' lang='lat' dir='ltr'>quod</span> 
     </span>
     <span class='ocr_line' id='line_1_37' title="bbox 317 2430 2081 2485; baseline -0.003 -11"><span class='ocrx_word' id='word_1_380' title='bbox 317 2441 455 2474; x_wconf 89' lang='lat' dir='ltr'>autem</span> <span class='ocrx_word' id='word_1_381' title='bbox 488 2434 697 2474; x_wconf 88' lang='lat' dir='ltr'>laudabile</span> <span class='ocrx_word' id='word_1_382' title='bbox 729 2440 810 2481; x_wconf 90' lang='lat' dir='ltr'>est,</span> <span class='ocrx_word' id='word_1_383' title='bbox 844 2447 966 2473; x_wconf 90' lang='lat' dir='ltr'>omne</span> <span class='ocrx_word' id='word_1_384' title='bbox 999 2440 1060 2473; x_wconf 89' lang='lat' dir='ltr'>est</span> <span class='ocrx_word' id='word_1_385' title='bbox 1090 2434 1333 2473; x_wconf 83' lang='lat' dir='ltr'>honestum:</span> <span class='ocrx_word' id='word_1_386' title='bbox 1366 2434 1521 2472; x_wconf 89' lang='lat' dir='ltr'>bonum</span> <span class='ocrx_word' id='word_1_387' title='bbox 1554 2433 1682 2485; x_wconf 90' lang='lat' dir='ltr'>igitur</span> <span class='ocrx_word' id='word_1_388' title='bbox 1703 2432 1815 2485; x_wconf 90' lang='lat' dir='ltr'>quod</span> <span class='ocrx_word' id='word_1_389' title='bbox 1845 2437 1918 2478; x_wconf 89' lang='lat' dir='ltr'>est,</span> <span class='ocrx_word' id='word_1_390' title='bbox 1951 2430 2081 2470; x_wconf 88' lang='lat' dir='ltr'>hone-</span> 
     </span>
     <span class='ocr_line' id='line_1_38' title="bbox 317 2494 2082 2548; baseline -0.002 -12"><span class='ocrx_word' id='word_1_391' title='bbox 317 2503 425 2536; x_wconf 88' lang='lat' dir='ltr'>stum</span> <span class='ocrx_word' id='word_1_392' title='bbox 457 2503 530 2537; x_wconf 88' lang='lat' dir='ltr'>est.</span> <span class='ocrx_word' id='word_1_393' title='bbox 580 2497 743 2536; x_wconf 87' lang='lat' dir='ltr'>Satisne</span> <span class='ocrx_word' id='word_1_394' title='bbox 775 2496 854 2536; x_wconf 88' lang='lat' dir='ltr'>hoe</span> <span class='ocrx_word' id='word_1_395' title='bbox 884 2496 1123 2536; x_wconf 90' lang='lat' dir='ltr'>conclusum</span> <span class='ocrx_word' id='word_1_396' title='bbox 1150 2497 1340 2535; x_wconf 73' lang='lat' dir='ltr'>videtur?</span> <span class='ocrx_word' id='word_1_397' title='bbox 1383 2496 1523 2535; x_wconf 83' lang='lat' dir='ltr'>Certe:</span> <span class='ocrx_word' id='word_1_398' title='bbox 1556 2495 1668 2548; x_wconf 92' lang='lat' dir='ltr'>quod</span> <span class='ocrx_word' id='word_1_399' title='bbox 1691 2496 1799 2534; x_wconf 90' lang='lat' dir='ltr'>enim</span> <span class='ocrx_word' id='word_1_400' title='bbox 1823 2494 2082 2534; x_wconf 76' lang='lat' dir='ltr'>efficiebatur</span> 
     </span>
     <span class='ocr_line' id='line_1_39' title="bbox 319 2558 2082 2613; baseline -0.002 -14"><span class='ocrx_word' id='word_1_401' title='bbox 319 2573 370 2599; x_wconf 80' lang='lat' dir='ltr'>ex</span> <span class='ocrx_word' id='word_1_402' title='bbox 401 2560 451 2599; x_wconf 90' lang='lat' dir='ltr'>iis</span> <span class='ocrx_word' id='word_1_403' title='bbox 484 2559 669 2605; x_wconf 92' lang='lat' dir='ltr'>duobus,</span> <span class='ocrx_word' id='word_1_404' title='bbox 713 2573 821 2613; x_wconf 91' lang='lat' dir='ltr'>quae</span> <span class='ocrx_word' id='word_1_405' title='bbox 854 2565 971 2599; x_wconf 90' lang='lat' dir='ltr'>erant</span> <span class='ocrx_word' id='word_1_406' title='bbox 1002 2564 1185 2612; x_wconf 89' lang='lat' dir='ltr'>sumpta,</span> <span class='ocrx_word' id='word_1_407' title='bbox 1227 2559 1268 2597; x_wconf 88' lang='lat' dir='ltr'>in</span> <span class='ocrx_word' id='word_1_408' title='bbox 1302 2572 1350 2598; x_wconf 91' lang='lat' dir='ltr'>eo</span> <span class='ocrx_word' id='word_1_409' title='bbox 1384 2558 1500 2597; x_wconf 90' lang='lat' dir='ltr'>vides</span> <span class='ocrx_word' id='word_1_410' title='bbox 1539 2571 1630 2597; x_wconf 84' lang='lat' dir='ltr'>esse</span> <span class='ocrx_word' id='word_1_411' title='bbox 1663 2558 1918 2596; x_wconf 89' lang='lat' dir='ltr'>conclusum.</span> <span class='ocrx_word' id='word_1_412' title='bbox 1968 2558 2082 2596; x_wconf 89' lang='lat' dir='ltr'>Duo—</span> 
     </span>
     <span class='ocr_line' id='line_1_40' title="bbox 319 2619 2083 2676; baseline -0.002 -14"><span class='ocrx_word' id='word_1_413' title='bbox 319 2636 410 2662; x_wconf 93' lang='lat' dir='ltr'>rum</span> <span class='ocrx_word' id='word_1_414' title='bbox 451 2628 609 2669; x_wconf 81' lang='lat' dir='ltr'>autem,</span> <span class='ocrx_word' id='word_1_415' title='bbox 650 2636 671 2662; x_wconf 93' lang='lat' dir='ltr'>e</span> <span class='ocrx_word' id='word_1_416' title='bbox 704 2623 856 2676; x_wconf 89' lang='lat' dir='ltr'>quibus</span> <span class='ocrx_word' id='word_1_417' title='bbox 899 2620 1047 2662; x_wconf 85' lang='lat' dir='ltr'>effecta</span> <span class='ocrx_word' id='word_1_418' title='bbox 1078 2622 1293 2661; x_wconf 87' lang='lat' dir='ltr'>conclusio</span> <span class='ocrx_word' id='word_1_419' title='bbox 1326 2627 1408 2668; x_wconf 90' lang='lat' dir='ltr'>est,</span> <span class='ocrx_word' id='word_1_420' title='bbox 1451 2626 1595 2661; x_wconf 84' lang='lat' dir='ltr'>contra</span> <span class='ocrx_word' id='word_1_421' title='bbox 1627 2621 1816 2673; x_wconf 89' lang='lat' dir='ltr'>superius</span> <span class='ocrx_word' id='word_1_422' title='bbox 1854 2619 1937 2659; x_wconf 89' lang='lat' dir='ltr'>dici</span> <span class='ocrx_word' id='word_1_423' title='bbox 1976 2619 2083 2659; x_wconf 88' lang='lat' dir='ltr'>solet</span> 
     </span>
    </p>
   </div>
   <div class='ocr_carea' id='block_1_3' title="bbox 326 2729 1618 2745">
    <p class='ocr_par' dir='ltr' id='par_1_3' title="bbox 326 2729 1618 2745">
     <span class='ocr_line' id='line_1_41' title="bbox 326 2729 1618 2745; baseline 0 0"><span class='ocrx_word' id='word_1_424' title='bbox 326 2729 1618 2745; x_wconf 95' lang='lat' dir='ltr'> </span> 
     </span>
    </p>
   </div>
   <div class='ocr_carea' id='block_1_4' title="bbox 319 2804 2085 3299">
    <p class='ocr_par' dir='ltr' id='par_1_4' title="bbox 319 2804 2085 3299">
     <span class='ocr_line' id='line_1_42' title="bbox 405 2804 2080 2847; baseline -0.001 -7"><span class='ocrx_word' id='word_1_425' title='bbox 405 2810 437 2840; x_wconf 68' lang='lat'>⁶2.</span> <span class='ocrx_word' id='word_1_426' title='bbox 464 2810 495 2839; x_wconf 76' lang='lat' dir='ltr'>d.</span> <span class='ocrx_word' id='word_1_427' title='bbox 520 2809 582 2839; x_wconf 75' lang='lat' dir='ltr'>sint</span> <span class='ocrx_word' id='word_1_428' title='bbox 611 2810 635 2840; x_wconf 91' lang='lat' dir='ltr'>B</span> <span class='ocrx_word' id='word_1_429' title='bbox 669 2826 703 2830; x_wconf 76' lang='lat'>——</span> <span class='ocrx_word' id='word_1_430' title='bbox 738 2810 813 2839; x_wconf 74' lang='lat' dir='ltr'>dale</span> <span class='ocrx_word' id='word_1_431' title='bbox 843 2817 907 2840; x_wconf 74' lang='lat' dir='ltr'>esse</span> <span class='ocrx_word' id='word_1_432' title='bbox 939 2809 1000 2839; x_wconf 80' lang='grc' dir='ltr'>ΑΒ</span> <span class='ocrx_word' id='word_1_433' title='bbox 1030 2825 1063 2829; x_wconf 87' lang='grc'>-</span> <span class='ocrx_word' id='word_1_434' title='bbox 1098 2808 1128 2838; x_wconf 85' lang='lat'>3.</span> <span class='ocrx_word' id='word_1_435' title='bbox 1156 2812 1318 2847; x_wconf 72' lang='lat' dir='ltr'>appareat</span> <span class='ocrx_word' id='word_1_436' title='bbox 1344 2807 1543 2838; x_wconf 88' lang='lat' dir='ltr'>Lambinus.</span> <span class='ocrx_word' id='word_1_437' title='bbox 1578 2806 1626 2837; x_wconf 86' lang='lat' dir='ltr'>Cf.</span> <span class='ocrx_word' id='word_1_438' title='bbox 1652 2804 1725 2836; x_wconf 61' lang='lat' dir='ltr'>Vol,</span> <span class='ocrx_word' id='word_1_439' title='bbox 1754 2807 1798 2844; x_wconf 86' lang='lat'>11,</span> <span class='ocrx_word' id='word_1_440' title='bbox 1825 2815 1858 2846; x_wconf 65' lang='lat' dir='ltr'>p⁴</span> <span class='ocrx_word' id='word_1_441' title='bbox 1885 2806 1959 2843; x_wconf 72' lang='lat'>572,</span> <span class='ocrx_word' id='word_1_442' title='bbox 1987 2807 2017 2838; x_wconf 87' lang='lat'>9.</span> <span class='ocrx_word' id='word_1_443' title='bbox 2046 2824 2080 2829; x_wconf 97' lang='lat'><strong>—</strong></span> 
     </span>
     <span class='ocr_line' id='line_1_43' title="bbox 319 2856 2081 2899; baseline -0.002 -9"><span class='ocrx_word' id='word_1_444' title='bbox 319 2860 429 2890; x_wconf 74' lang='lat' dir='ltr'>herme</span> <span class='ocrx_word' id='word_1_445' title='bbox 452 2860 515 2890; x_wconf 84' lang='lat' dir='ltr'>AB</span> <span class='ocrx_word' id='word_1_446' title='bbox 544 2877 576 2881; x_wconf 88' lang='lat'><em>—</em></span> <span class='ocrx_word' id='word_1_447' title='bbox 612 2859 642 2889; x_wconf 71' lang='grc' dir='ltr'>Ἴ.</span> <span class='ocrx_word' id='word_1_448' title='bbox 670 2859 822 2899; x_wconf 77' lang='lat' dir='ltr'>quodam]</span> <span class='ocrx_word' id='word_1_449' title='bbox 850 2868 911 2889; x_wconf 78' lang='lat' dir='ltr'>non</span> <span class='ocrx_word' id='word_1_450' title='bbox 939 2859 1081 2897; x_wconf 75' lang='lat' dir='ltr'>quodam</span> <span class='ocrx_word' id='word_1_451' title='bbox 1107 2859 1128 2888; x_wconf 86' lang='grc' dir='ltr'>Β</span> <span class='ocrx_word' id='word_1_452' title='bbox 1157 2875 1189 2878; x_wconf 86' lang='grc'><strong>-</strong></span> <span class='ocrx_word' id='word_1_453' title='bbox 1231 2859 1277 2888; x_wconf 72' lang='lat' dir='ltr'>tt.</span> <span class='ocrx_word' id='word_1_454' title='bbox 1305 2859 1405 2888; x_wconf 76' lang='lat' dir='ltr'>elium</span> <span class='ocrx_word' id='word_1_455' title='bbox 1431 2860 1453 2888; x_wconf 71' lang='lat' dir='ltr'>A</span> <span class='ocrx_word' id='word_1_456' title='bbox 1471 2858 1513 2887; x_wconf 83' lang='lat' dir='ltr'>B:</span> <span class='ocrx_word' id='word_1_457' title='bbox 1541 2865 1610 2886; x_wconf 89' lang='lat' dir='ltr'>om.</span> <span class='ocrx_word' id='word_1_458' title='bbox 1639 2856 1663 2886; x_wconf 95' lang='lat' dir='ltr'>O</span> <span class='ocrx_word' id='word_1_459' title='bbox 1691 2873 1723 2877; x_wconf 92' lang='lat'>—-</span> <span class='ocrx_word' id='word_1_460' title='bbox 1754 2857 1805 2886; x_wconf 58' lang='lat'>2¹2.</span> <span class='ocrx_word' id='word_1_461' title='bbox 1833 2860 1921 2886; x_wconf 78' lang='lat' dir='ltr'>reela</span> <span class='ocrx_word' id='word_1_462' title='bbox 1943 2856 1966 2894; x_wconf 85' lang='lat' dir='ltr'>f.</span> <span class='ocrx_word' id='word_1_463' title='bbox 1995 2856 2017 2887; x_wconf 88' lang='lat' dir='ltr'>B</span> <span class='ocrx_word' id='word_1_464' title='bbox 2049 2873 2081 2878; x_wconf 80' lang='lat'>—-</span> 
     </span>
     <span class='ocr_line' id='line_1_44' title="bbox 322 2906 2081 2948; baseline -0.003 -8"><span class='ocrx_word' id='word_1_465' title='bbox 322 2909 372 2940; x_wconf 70' lang='lat'>43.</span> <span class='ocrx_word' id='word_1_466' title='bbox 399 2913 505 2938; x_wconf 78' lang='lat' dir='ltr'>rectae</span> <span class='ocrx_word' id='word_1_467' title='bbox 527 2908 597 2948; x_wconf 77' lang='lat' dir='ltr'>fala</span> <span class='ocrx_word' id='word_1_468' title='bbox 623 2909 653 2937; x_wconf 79' lang='lat' dir='ltr'>d.</span> <span class='ocrx_word' id='word_1_469' title='bbox 680 2910 705 2939; x_wconf 73' lang='lat' dir='ltr'>A</span> <span class='ocrx_word' id='word_1_470' title='bbox 734 2927 767 2930; x_wconf 81' lang='lat'>—</span> <span class='ocrx_word' id='word_1_471' title='bbox 802 2907 854 2939; x_wconf 53' lang='lat'>114.</span> <span class='ocrx_word' id='word_1_472' title='bbox 881 2908 1123 2938; x_wconf 73' lang='lat' dir='ltr'>catorthomata</span> <span class='ocrx_word' id='word_1_473' title='bbox 1148 2910 1172 2938; x_wconf 83' lang='grc' dir='ltr'>Α</span> <span class='ocrx_word' id='word_1_474' title='bbox 1190 2908 1211 2938; x_wconf 81' lang='grc' dir='ltr'><strong>Β</strong></span> <span class='ocrx_word' id='word_1_475' title='bbox 1241 2926 1274 2928; x_wconf 39' lang='grc' dir='ltr'>ἡ</span> <span class='ocrx_word' id='word_1_476' title='bbox 1309 2908 1357 2938; x_wconf 50' lang='lat'>1¹7.</span> <span class='ocrx_word' id='word_1_477' title='bbox 1387 2908 1535 2938; x_wconf 76' lang='lat' dir='ltr'>ultimum</span> <span class='ocrx_word' id='word_1_478' title='bbox 1559 2915 1626 2936; x_wconf 86' lang='lat' dir='ltr'>om.</span> <span class='ocrx_word' id='word_1_479' title='bbox 1655 2906 1678 2936; x_wconf 81' lang='grc' dir='ltr'>Β</span> <span class='ocrx_word' id='word_1_480' title='bbox 1705 2924 1745 2928; x_wconf 81' lang='lat'>——</span> <span class='ocrx_word' id='word_1_481' title='bbox 1779 2906 1859 2944; x_wconf 65' lang='grc' dir='ltr'>δαμί</span> <span class='ocrx_word' id='word_1_482' title='bbox 1883 2906 1968 2935; x_wconf 73' lang='lat' dir='ltr'>enim</span> <span class='ocrx_word' id='word_1_483' title='bbox 1992 2908 2017 2936; x_wconf 83' lang='lat' dir='ltr'><strong>A</strong></span> <span class='ocrx_word' id='word_1_484' title='bbox 2046 2923 2081 2927; x_wconf 88' lang='lat'><em>-</em></span> 
     </span>
     <span class='ocr_line' id='line_1_45' title="bbox 321 2955 2085 2998; baseline -0.002 -10"><span class='ocrx_word' id='word_1_485' title='bbox 321 2959 372 2989; x_wconf 76' lang='grc'>48.</span> <span class='ocrx_word' id='word_1_486' title='bbox 404 2957 452 2998; x_wconf 80' lang='lat' dir='ltr'>[el]</span> <span class='ocrx_word' id='word_1_487' title='bbox 478 2962 512 2988; x_wconf 76' lang='lat' dir='ltr'>ul</span> <span class='ocrx_word' id='word_1_488' title='bbox 537 2960 580 2996; x_wconf 81' lang='lat' dir='ltr'>O,</span> <span class='ocrx_word' id='word_1_489' title='bbox 607 2960 750 2989; x_wconf 84' lang='lat' dir='ltr'>auctore</span> <span class='ocrx_word' id='word_1_490' title='bbox 777 2959 933 2989; x_wconf 82' lang='lat' dir='ltr'>Ernestio</span> <span class='ocrx_word' id='word_1_491' title='bbox 960 2975 993 2979; x_wconf 90' lang='lat'>—</span> <span class='ocrx_word' id='word_1_492' title='bbox 1022 2959 1173 2988; x_wconf 72' lang='lat' dir='ltr'>accidant</span> <span class='ocrx_word' id='word_1_493' title='bbox 1199 2961 1242 2989; x_wconf 71' lang='lat' dir='ltr'>A:</span> <span class='ocrx_word' id='word_1_494' title='bbox 1270 2959 1422 2988; x_wconf 61' lang='lat' dir='ltr'>accidunt</span> <span class='ocrx_word' id='word_1_495' title='bbox 1447 2958 1469 2987; x_wconf 67' lang='lat'>15</span> <span class='ocrx_word' id='word_1_496' title='bbox 1485 2958 1515 2987; x_wconf 80' lang='lat' dir='ltr'>M</span> <span class='ocrx_word' id='word_1_497' title='bbox 1536 2973 1567 2977; x_wconf 84' lang='grc'><strong>-</strong></span> <span class='ocrx_word' id='word_1_498' title='bbox 1600 2956 1648 2986; x_wconf 78' lang='grc'>19,</span> <span class='ocrx_word' id='word_1_499' title='bbox 1676 2956 1788 2985; x_wconf 67' lang='lat' dir='ltr'>ceteris</span> <span class='ocrx_word' id='word_1_500' title='bbox 1812 2958 1836 2986; x_wconf 84' lang='lat' dir='ltr'>A</span> <span class='ocrx_word' id='word_1_501' title='bbox 1853 2956 1895 2985; x_wconf 90' lang='lat' dir='ltr'>B:</span> <span class='ocrx_word' id='word_1_502' title='bbox 1924 2955 1956 2985; x_wconf 80' lang='lat' dir='ltr'>in</span> <span class='ocrx_word' id='word_1_503' title='bbox 1973 2955 2085 2985; x_wconf 75' lang='lat' dir='ltr'>celeris</span> 
     </span>
     <span class='ocr_line' id='line_1_46' title="bbox 320 3002 2081 3048; baseline -0.005 -8"><span class='ocrx_word' id='word_1_504' title='bbox 320 3009 390 3040; x_wconf 83' lang='grc' dir='ltr'>ΜΟ</span> <span class='ocrx_word' id='word_1_505' title='bbox 419 3026 452 3030; x_wconf 87' lang='grc'>-</span> <span class='ocrx_word' id='word_1_506' title='bbox 479 3008 613 3047; x_wconf 62' lang='lat' dir='ltr'>contigit</span> <span class='ocrx_word' id='word_1_507' title='bbox 637 3010 680 3038; x_wconf 73' lang='lat' dir='ltr'>A:</span> <span class='ocrx_word' id='word_1_508' title='bbox 707 3009 863 3048; x_wconf 62' lang='lat' dir='ltr'>contingit</span> <span class='ocrx_word' id='word_1_509' title='bbox 891 3008 998 3039; x_wconf 80' lang='lat' dir='ltr'>BMO</span> <span class='ocrx_word' id='word_1_510' title='bbox 1026 3025 1058 3028; x_wconf 97' lang='lat'><strong>—</strong></span> <span class='ocrx_word' id='word_1_511' title='bbox 1090 3008 1140 3038; x_wconf 61' lang='lat'>⁴20.</span> <span class='ocrx_word' id='word_1_512' title='bbox 1169 3016 1307 3045; x_wconf 75' lang='lat' dir='ltr'>qnorum</span> <span class='ocrx_word' id='word_1_513' title='bbox 1332 3009 1357 3037; x_wconf 76' lang='lat' dir='ltr'><strong>A</strong></span> <span class='ocrx_word' id='word_1_514' title='bbox 1381 3024 1413 3028; x_wconf 81' lang='lat'>-—</span> <span class='ocrx_word' id='word_1_515' title='bbox 1442 3007 1494 3037; x_wconf 72' lang='lat'>⁶22.</span> <span class='ocrx_word' id='word_1_516' title='bbox 1520 3005 1662 3045; x_wconf 74' lang='lat' dir='ltr'>praeter]</span> <span class='ocrx_word' id='word_1_517' title='bbox 1690 3005 1751 3035; x_wconf 53' lang='lat' dir='ltr'>nisi</span> <span class='ocrx_word' id='word_1_518' title='bbox 1779 3004 1839 3035; x_wconf 75' lang='grc' dir='ltr'>ΒΕ</span> <span class='ocrx_word' id='word_1_519' title='bbox 1865 3021 1899 3025; x_wconf 84' lang='lat'>-</span> <span class='ocrx_word' id='word_1_520' title='bbox 1929 3004 1980 3034; x_wconf 55' lang='lat'>⁹23.</span> <span class='ocrx_word' id='word_1_521' title='bbox 2007 3002 2081 3043; x_wconf 75' lang='lat' dir='ltr'>sinl]</span> 
     </span>
     <span class='ocr_line' id='line_1_47' title="bbox 319 3053 2084 3097; baseline -0.003 -9"><span class='ocrx_word' id='word_1_522' title='bbox 319 3059 358 3089; x_wconf 78' lang='lat' dir='ltr'>sil</span> <span class='ocrx_word' id='word_1_523' title='bbox 384 3058 406 3088; x_wconf 77' lang='lat' dir='ltr'>E</span> <span class='ocrx_word' id='word_1_524' title='bbox 434 3075 468 3079; x_wconf 88' lang='lat'><strong>—</strong></span> <span class='ocrx_word' id='word_1_525' title='bbox 495 3058 543 3087; x_wconf 66' lang='lat' dir='ltr'>his</span> <span class='ocrx_word' id='word_1_526' title='bbox 566 3058 648 3088; x_wconf 80' lang='lat' dir='ltr'>AB:</span> <span class='ocrx_word' id='word_1_527' title='bbox 675 3058 714 3087; x_wconf 76' lang='lat' dir='ltr'>iis</span> <span class='ocrx_word' id='word_1_528' title='bbox 738 3058 762 3088; x_wconf 90' lang='lat' dir='ltr'>O</span> <span class='ocrx_word' id='word_1_529' title='bbox 792 3076 822 3079; x_wconf 97' lang='lat'><strong>—</strong></span> <span class='ocrx_word' id='word_1_530' title='bbox 852 3059 903 3088; x_wconf 63' lang='lat'>25.</span> <span class='ocrx_word' id='word_1_531' title='bbox 931 3059 1008 3088; x_wconf 80' lang='lat' dir='ltr'>telos</span> <span class='ocrx_word' id='word_1_532' title='bbox 1030 3057 1143 3097; x_wconf 60' lang='lat' dir='ltr'>ymeri</span> <span class='ocrx_word' id='word_1_533' title='bbox 1168 3060 1210 3087; x_wconf 65' lang='lat' dir='ltr'>A:</span> <span class='ocrx_word' id='word_1_534' title='bbox 1245 3057 1333 3095; x_wconf 61' lang='lat' dir='ltr'>greci</span> <span class='ocrx_word' id='word_1_535' title='bbox 1357 3056 1434 3086; x_wconf 79' lang='lat' dir='ltr'>telos</span> <span class='ocrx_word' id='word_1_536' title='bbox 1459 3056 1480 3085; x_wconf 82' lang='lat' dir='ltr'>B</span> <span class='ocrx_word' id='word_1_537' title='bbox 1498 3055 1520 3085; x_wconf 81' lang='lat' dir='ltr'>E</span> <span class='ocrx_word' id='word_1_538' title='bbox 1550 3072 1579 3075; x_wconf 94' lang='lat'>—</span> <span class='ocrx_word' id='word_1_539' title='bbox 1618 3055 1728 3084; x_wconf 71' lang='lat' dir='ltr'>dicant</span> <span class='ocrx_word' id='word_1_540' title='bbox 1755 3055 1780 3084; x_wconf 87' lang='lat' dir='ltr'>D</span> <span class='ocrx_word' id='word_1_541' title='bbox 1811 3072 1843 3075; x_wconf 94' lang='lat'><em>-</em></span> <span class='ocrx_word' id='word_1_542' title='bbox 1880 3053 1930 3083; x_wconf 62' lang='lat'>¹27.</span> <span class='ocrx_word' id='word_1_543' title='bbox 1957 3053 2014 3082; x_wconf 85' lang='lat' dir='ltr'>hoc</span> <span class='ocrx_word' id='word_1_544' title='bbox 2045 3054 2084 3082; x_wconf 71' lang='lat' dir='ltr'>sil</span> 
     </span>
     <span class='ocr_line' id='line_1_48' title="bbox 319 3102 2084 3144; baseline -0.005 -4"><span class='ocrx_word' id='word_1_545' title='bbox 319 3112 501 3140; x_wconf 61' lang='lat' dir='ltr'>extremum</span> <span class='ocrx_word' id='word_1_546' title='bbox 520 3111 564 3138; x_wconf 72' lang='lat' dir='ltr'>A:</span> <span class='ocrx_word' id='word_1_547' title='bbox 591 3111 774 3137; x_wconf 57' lang='lat' dir='ltr'>extremum</span> <span class='ocrx_word' id='word_1_548' title='bbox 796 3108 854 3138; x_wconf 80' lang='lat' dir='ltr'>hoc</span> <span class='ocrx_word' id='word_1_549' title='bbox 878 3109 917 3137; x_wconf 76' lang='lat' dir='ltr'>sit</span> <span class='ocrx_word' id='word_1_550' title='bbox 943 3109 965 3138; x_wconf 80' lang='grc' dir='ltr'>Β</span> <span class='ocrx_word' id='word_1_551' title='bbox 980 3108 1011 3139; x_wconf 75' lang='lat' dir='ltr'>M</span> <span class='ocrx_word' id='word_1_552' title='bbox 1030 3125 1064 3128; x_wconf 97' lang='lat'><strong>—</strong></span> <span class='ocrx_word' id='word_1_553' title='bbox 1095 3107 1143 3137; x_wconf 72' lang='lat'>28.</span> <span class='ocrx_word' id='word_1_554' title='bbox 1165 3107 1343 3137; x_wconf 66' lang='lat' dir='ltr'>necessario</span> <span class='ocrx_word' id='word_1_555' title='bbox 1360 3124 1376 3128; x_wconf 92' lang='lat'><em>-</em></span> <span class='ocrx_word' id='word_1_556' title='bbox 1390 3124 1405 3128; x_wconf 84' lang='lat'><em>-</em></span> <span class='ocrx_word' id='word_1_557' title='bbox 1422 3106 1589 3144; x_wconf 74' lang='lat' dir='ltr'>forlunule</span> <span class='ocrx_word' id='word_1_558' title='bbox 1612 3105 1718 3134; x_wconf 66' lang='lat' dir='ltr'>rii-cre</span> <span class='ocrx_word' id='word_1_559' title='bbox 1735 3112 1805 3134; x_wconf 86' lang='lat' dir='ltr'>om.</span> <span class='ocrx_word' id='word_1_560' title='bbox 1824 3105 1850 3134; x_wconf 77' lang='lat' dir='ltr'>A</span> <span class='ocrx_word' id='word_1_561' title='bbox 1872 3119 1905 3123; x_wconf 86' lang='lat'>—</span> <span class='ocrx_word' id='word_1_562' title='bbox 1925 3102 1976 3132; x_wconf 53' lang='lat'>¹029.</span> <span class='ocrx_word' id='word_1_563' title='bbox 1998 3102 2084 3141; x_wconf 71' lang='lat' dir='ltr'>eyeri</span> 
     </span>
     <span class='ocr_line' id='line_1_49' title="bbox 321 3152 2080 3196; baseline -0.005 -6"><span class='ocrx_word' id='word_1_564' title='bbox 321 3160 345 3190; x_wconf 91' lang='lat' dir='ltr'><strong>B</strong></span> <span class='ocrx_word' id='word_1_565' title='bbox 362 3159 384 3189; x_wconf 84' lang='lat' dir='ltr'>E</span> <span class='ocrx_word' id='word_1_566' title='bbox 409 3176 451 3180; x_wconf 83' lang='lat'>—</span> <span class='ocrx_word' id='word_1_567' title='bbox 475 3158 526 3188; x_wconf 85' lang='lat'>30.</span> <span class='ocrx_word' id='word_1_568' title='bbox 552 3158 672 3196; x_wconf 78' lang='lat' dir='ltr'>loquar</span> <span class='ocrx_word' id='word_1_569' title='bbox 697 3158 719 3188; x_wconf 81' lang='lat' dir='ltr'>E</span> <span class='ocrx_word' id='word_1_570' title='bbox 739 3175 772 3178; x_wconf 97' lang='lat'><strong>—</strong></span> <span class='ocrx_word' id='word_1_571' title='bbox 801 3158 853 3188; x_wconf 76' lang='lat'>33.</span> <span class='ocrx_word' id='word_1_572' title='bbox 879 3158 1036 3188; x_wconf 72' lang='lat' dir='ltr'>rhetorice</span> <span class='ocrx_word' id='word_1_573' title='bbox 1061 3157 1092 3187; x_wconf 90' lang='lat' dir='ltr'>in</span> <span class='ocrx_word' id='word_1_574' title='bbox 1119 3155 1247 3196; x_wconf 84' lang='lat' dir='ltr'>aliquot</span> <span class='ocrx_word' id='word_1_575' title='bbox 1274 3156 1375 3186; x_wconf 77' lang='lat' dir='ltr'>codd.</span> <span class='ocrx_word' id='word_1_576' title='bbox 1403 3156 1487 3186; x_wconf 78' lang='lat' dir='ltr'>dett.</span> <span class='ocrx_word' id='word_1_577' title='bbox 1515 3155 1684 3185; x_wconf 79' lang='lat' dir='ltr'>omissum</span> <span class='ocrx_word' id='word_1_578' title='bbox 1709 3153 1885 3184; x_wconf 71' lang='lat' dir='ltr'>damnavit</span> <span class='ocrx_word' id='word_1_579' title='bbox 1913 3152 2080 3189; x_wconf 65' lang='lat' dir='ltr'>Davisius,</span> 
     </span>
     <span class='ocr_line' id='line_1_50' title="bbox 322 3201 2081 3247; baseline -0.005 -7"><span class='ocrx_word' id='word_1_580' title='bbox 322 3209 477 3240; x_wconf 79' lang='lat' dir='ltr'>defendit</span> <span class='ocrx_word' id='word_1_581' title='bbox 502 3207 636 3247; x_wconf 70' lang='lat' dir='ltr'>Madvig</span> <span class='ocrx_word' id='word_1_582' title='bbox 656 3225 690 3229; x_wconf 89' lang='lat'>—</span> <span class='ocrx_word' id='word_1_583' title='bbox 718 3209 769 3239; x_wconf 69' lang='lat'>535.</span> <span class='ocrx_word' id='word_1_584' title='bbox 790 3216 902 3239; x_wconf 78' lang='lat' dir='ltr'>corum</span> <span class='ocrx_word' id='word_1_585' title='bbox 926 3217 996 3239; x_wconf 87' lang='lat' dir='ltr'>om.</span> <span class='ocrx_word' id='word_1_586' title='bbox 1017 3209 1039 3239; x_wconf 86' lang='lat' dir='ltr'>B</span> <span class='ocrx_word' id='word_1_587' title='bbox 1061 3225 1094 3228; x_wconf 97' lang='lat'><strong>—</strong></span> <span class='ocrx_word' id='word_1_588' title='bbox 1123 3207 1173 3238; x_wconf 77' lang='lat'>38.</span> <span class='ocrx_word' id='word_1_589' title='bbox 1202 3207 1239 3236; x_wconf 73' lang='lat' dir='ltr'>iis</span> <span class='ocrx_word' id='word_1_590' title='bbox 1263 3215 1342 3237; x_wconf 85' lang='lat' dir='ltr'>nos:</span> <span class='ocrx_word' id='word_1_591' title='bbox 1369 3207 1417 3236; x_wconf 76' lang='lat' dir='ltr'>his</span> <span class='ocrx_word' id='word_1_592' title='bbox 1441 3204 1542 3236; x_wconf 85' lang='lat' dir='ltr'>codd.</span> <span class='ocrx_word' id='word_1_593' title='bbox 1563 3207 1595 3235; x_wconf 90' lang='lat' dir='ltr'>et</span> <span class='ocrx_word' id='word_1_594' title='bbox 1622 3205 1650 3235; x_wconf 74' lang='lat' dir='ltr'>M</span> <span class='ocrx_word' id='word_1_595' title='bbox 1666 3205 1689 3234; x_wconf 88' lang='lat' dir='ltr'><em>O</em></span> <span class='ocrx_word' id='word_1_596' title='bbox 1708 3222 1749 3226; x_wconf 89' lang='lat'>——</span> <span class='ocrx_word' id='word_1_597' title='bbox 1772 3202 1870 3243; x_wconf 73' lang='lat' dir='ltr'>vides]</span> <span class='ocrx_word' id='word_1_598' title='bbox 1889 3202 1962 3233; x_wconf 78' lang='lat' dir='ltr'>uide</span> <span class='ocrx_word' id='word_1_599' title='bbox 1978 3205 2003 3232; x_wconf 76' lang='grc' dir='ltr'>Α</span> <span class='ocrx_word' id='word_1_600' title='bbox 2018 3201 2041 3231; x_wconf 91' lang='grc' dir='ltr'>Β</span> <span class='ocrx_word' id='word_1_601' title='bbox 2057 3201 2081 3232; x_wconf 84' lang='lat' dir='ltr'>E</span> 
     </span>
     <span class='ocr_line' id='line_1_51' title="bbox 325 3258 755 3299; baseline -0.002 -8"><span class='ocrx_word' id='word_1_602' title='bbox 325 3277 360 3281; x_wconf 88' lang='lat'>—</span> <span class='ocrx_word' id='word_1_603' title='bbox 387 3259 439 3291; x_wconf 84' lang='lat'>39.</span> <span class='ocrx_word' id='word_1_604' title='bbox 467 3258 586 3299; x_wconf 80' lang='lat' dir='ltr'>aulem]</span> <span class='ocrx_word' id='word_1_605' title='bbox 611 3259 695 3290; x_wconf 84' lang='lat' dir='ltr'>enim</span> <span class='ocrx_word' id='word_1_606' title='bbox 721 3259 755 3290; x_wconf 89' lang='lat' dir='ltr'>B.</span> 
     </span>
    </p>
   </div>
  </div>
 </body>
</html>
