2249 3624
326 168 408 212 706
1045 172 1116 212 DE
1150 171 1376 214 OFFICIIS

324 292 370 319 se
400 276 621 332 populares
650 276 799 316 volunt
829 276 882 316 ob
915 290 1094 330 eamque
1126 291 1294 318 causam
1334 284 1406 318 aut
1436 279 1639 332 agrariam
1669 294 1757 321 rem
1787 286 2016 336 temptant,
2046 292 2094 327 ut

322 353 590 395 possessores
630 339 841 392 pellantur
880 339 966 378 suis
1009 339 1207 387 sedibus,
1253 345 1324 379 aut
1368 340 1567 394 pecunias
1614 343 1793 384 creditas
1833 345 2090 388 debitoribus

324 402 622 443 condonandas
663 406 831 454 putant,
874 400 1125 441 labefactant
1161 400 1434 443 fundamenta
1471 405 1533 444 rei
1563 405 1779 458 publicae:
1825 409 2092 450 concordiam

322 466 520 519 primum,
562 477 670 518 quae
702 477 794 503 esse
825 476 910 502 non
941 468 1099 515 potest,
1132 477 1226 503 cum
1257 465 1348 504 aliis
1380 466 1643 513 adimuntur,
1674 467 1768 507 aliis
1799 470 2095 512 condonantur

290 528 543 581 5pecuniae,
575 526 726 566 deinde
759 526 1033 580 aequitatem,
1068 539 1175 580 quae
1202 527 1359 566 tollitur
1379 528 1536 574 omnis,
1561 528 1595 568 si
1617 528 1772 569 habere
1795 544 1915 572 suum
1938 533 2093 587 cuique

321 604 407 630 11011
445 590 554 630 licet.
623 588 670 628 Id
702 589 813 629 enim
845 593 907 629 est
936 587 1177 641 proprium,
1216 593 1265 629 ut
1295 603 1420 642 supra
1453 590 1561 638 dixi,
1594 591 1773 631 civitatis
1804 598 1931 647 atque
1961 596 2093 644 urbis,

319 658 364 693 ut
394 653 447 693 sit
477 653 607 692 libera
638 656 679 691 et
709 665 794 691 non
825 650 1008 691 sollicita
1038 664 1138 690 suae
1169 651 1229 691 rei
1262 652 1467 706 cuiusque
1499 653 1702 694 custodia.
1773 652 1840 695 79.
1881 658 2018 710 Atque
2050 658 2093 697 in

319 715 397 755 hac
428 715 612 769 pernicie
643 714 703 754 rei
734 711 930 767 publicae
962 726 1015 753 ne
1045 713 1161 753 illam
1193 714 1366 766 quidem
1398 721 1739 768 consequuntur,
1772 730 1896 771 quam
1929 725 2092 772 putant,

320 778 507 831 gratiam.
566 778 671 816 Nam
702 777 768 816 cui
799 790 866 816 res
899 781 1043 829 erepta
1074 782 1137 816 est
1165 782 1228 816 est
1258 776 1474 817 inimicus:
1508 778 1571 817 cui
1603 777 1699 818 data
1730 784 1794 819 est
1824 781 1947 820 etiam
1970 782 2093 822 dissi-

269 852 305 881 10
319 841 451 880 mulat
482 853 526 880 se
558 840 748 893 accipere
780 839 962 879 voluisse
995 844 1035 878 et
1066 839 1247 879 maxime
1278 839 1321 878 in
1352 839 1543 893 pecuniis
1575 840 1744 881 creditis
1767 843 1950 883 occultat
1970 858 2090 885 suum

318 902 537 955 gaudium,
580 915 632 942 ne
673 902 866 942 videatur
906 915 990 941 non
1034 901 1164 941 fuisse
1205 902 1422 941 solvendo.
1482 904 1535 942 At
1565 916 1663 943 vero
1694 903 1788 952 ille,
1828 906 1901 958 qui
1932 908 2092 961 accepit

317 964 527 1012 iniuriam,
560 970 601 1004 et
632 965 822 1004 meminit
854 969 894 1004 et
925 978 1023 1017 prae
1056 978 1100 1005 se
1131 965 1211 1004 fert
1242 965 1430 1004 dolorem
1464 979 1601 1013 suum,
1636 980 1725 1014 nec,
1758 968 1792 1007 si
1823 969 1964 1021 plures
1995 975 2092 1010 sunt

316 1026 367 1075 ii,
409 1027 560 1081 quibus
591 1027 770 1081 inprobe
803 1028 944 1067 datum
979 1033 1058 1075 est,
1101 1041 1223 1081 quam
1256 1028 1338 1075 illi,
1378 1028 1530 1081 quibus
1560 1028 1715 1069 iniuste
1746 1031 1982 1084 ademptum
2015 1038 2091 1081 est,

314 1089 473 1130 idcirco
504 1091 599 1145 plus
633 1091 756 1131 etiam
789 1090 943 1130 valent.
1002 1092 1095 1130 Non
1128 1093 1237 1131 enim
1270 1105 1443 1131 numero
1475 1091 1578 1131 haec
1610 1092 1868 1141 iudicantur,
1891 1094 1964 1134 sed
1987 1108 2091 1148 pon-

265 1164 301 1193 ·15
317 1151 429 1192 dere.
491 1152 626 1201 Quam
658 1159 796 1194 autem
827 1153 953 1193 habet
984 1154 1254 1207 aequitatem,
1286 1160 1331 1193 ut
1362 1168 1505 1207 agrum
1539 1155 1681 1195 multis
1713 1157 1834 1196 annis
1864 1162 1936 1196 aut
1966 1159 2090 1198 etiam

315 1215 495 1256 saeculis
538 1222 632 1256 ante
675 1229 917 1269 possessum
958 1217 1030 1268 qui
1072 1217 1234 1256 nullum
1274 1217 1420 1257 habuit
1458 1218 1626 1265 habeat,
1668 1219 1741 1271 qui
1773 1225 1913 1259 autem
1944 1220 2092 1261 habuit

315 1278 509 1318 amittat?
569 1280 729 1320 XXIII.
774 1278 840 1320 80.
882 1281 939 1319 Ac
971 1285 1140 1333 propter
1170 1279 1251 1319 1100
1283 1280 1464 1319 1111111130
1496 1293 1625 1332 genus
1657 1281 1977 1323 Lacedaemonii
2011 1284 2091 1337 Ly-

314 1341 513 1381 sandrum
545 1342 748 1395 ephorum
781 1343 1056 1395 expulerunt,
1087 1342 1208 1395 Agim
1231 1356 1394 1395 regem,
1427 1343 1538 1396 quod
1569 1357 1798 1396 numquam
1830 1349 1950 1384 antea
1980 1345 2090 1397 apud

314 1416 387 1443 eos
418 1403 647 1453 acciderat,
687 1411 968 1452 necaverunt,
1011 1418 1150 1458 exque
1183 1418 1232 1445 eo
1265 1410 1454 1458 tempore
1486 1411 1624 1446 tantae
1657 1406 1890 1447 discordiae
1921 1413 2089 1448 secutae

262 1478 299 1509 20
314 1471 433 1515 sunt,
472 1472 518 1507 ut
551 1472 591 1507 et
621 1468 786 1521 tyranni
820 1468 1049 1507 existerent
1081 1473 1122 1507 et
1153 1473 1390 1520 optumates
1422 1469 1801 1509 exterminarentur
1832 1474 1873 1509 et
1904 1470 2090 1523 praecla-

313 1528 476 1569 rissime
507 1531 731 1569 constituta
761 1543 827 1570 res
859 1529 1024 1583 publica
1057 1529 1326 1570 dilaberetur.
1386 1532 1471 1570 Nec
1502 1545 1600 1571 vero
1633 1531 1768 1572 solum
1801 1533 1891 1585 ipsa
1922 1532 2087 1581 cecidit,

313 1592 387 1632 sed
426 1592 550 1632 etiam
594 1592 797 1647 reliquam
839 1593 1056 1633 Graeciam
1098 1593 1247 1633 evertit
1287 1594 1608 1646 contagionibus
1646 1593 1873 1642 malorum,
1916 1609 2024 1648 quae
2066 1609 2087 1636 3

311 1654 655 1697 Lacedaemoniis
702 1657 889 1710 profecta
937 1662 1184 1697 emanarunt
1227 1656 1368 1696 latius.
1453 1656 1593 1704 Quid?
1654 1662 1819 1696 nostros
1866 1656 2087 1705 Gracchos,

312 1718 375 1757 Ti.
408 1718 585 1759 Gracchi
617 1721 765 1760 summi
797 1721 874 1759 viri
906 1718 1032 1766 filios,
1070 1720 1255 1759 Africani
1286 1724 1484 1771 nepotes,
1526 1732 1667 1758 nonne
1698 1719 1887 1771 agrariae
1919 1726 2088 1760 conten-

261 1780 448 1821 25tiones
487 1782 788 1836 perdiderunt?
849 1779 916 1822 81.
958 1784 1011 1821 At
1042 1796 1138 1822 vero
1169 1784 1322 1821 Aratus
1354 1781 1573 1835 Sicyonius
1614 1781 1704 1820 iure
1744 1781 1958 1829 laudatur,
1998 1783 2084 1836 qui,

312 1856 406 1883 cum
449 1844 539 1885 eius
584 1846 729 1886 civitas
770 1845 1080 1898 quinquaginta
1122 1858 1253 1884 annos
1296 1857 1320 1884 a
1361 1845 1549 1897 tyrannis
1592 1849 1830 1891 teneretur,
1876 1845 2085 1897 profectus

309 1906 429 1958 Argis
462 1907 685 1961 Sicyonem
718 1908 980 1948 clandestino
1012 1908 1185 1947 introitu
1218 1904 1319 1946 urbe
1353 1912 1416 1946 est
1448 1907 1616 1959 potitus,
1649 1920 1828 1959 cumque
1861 1911 2083 1960 tyrannum

309 1969 524 2009 Nicoclem
562 1970 775 2024 inproviso
818 1971 1120 2023 oppressisset,
1162 1974 1378 2010 sescentos
1418 1968 1607 2016 exsules,
1651 1969 1724 2022 qui
1762 1969 2084 2022 locupletissimi

308 2030 476 2073 fuerant
507 2034 595 2074 eius
626 2033 824 2080 civitatis,
866 2032 1050 2072 restituit
1088 2045 1262 2084 remque
1302 2032 1516 2084 publicam
1556 2031 1739 2071 adventu
1772 2045 1847 2072 suo
1878 2032 2083 2073 liberavit.

258 2095 393 2136 aosed
425 2110 518 2136 cum
551 2109 743 2149 magnam
774 2095 1126 2135 animadverteret
1164 2096 1206 2134 in
1245 2095 1368 2134 bonis
1407 2099 1446 2133 et
1485 2093 1826 2146 possessionibus
1863 2095 2086 2135 difficulta-

307 2163 415 2206 tem,
448 2159 560 2212 quod
592 2164 632 2198 et
663 2172 756 2206 eos,
790 2171 895 2211 quos
928 2158 1018 2211 ipse
1051 2158 1306 2204 restituerat,
1339 2170 1520 2210 quorum
1553 2157 1662 2196 bona
1693 2156 1763 2195 alii
1796 2157 2084 2208 possederant,

308 2233 432 2274 egere
473 2221 787 2274 iniquissimum
828 2233 919 2259 esse
962 2221 1244 2260 arbitrabatur
1276 2224 1317 2259 et
1349 2220 1653 2272 quinquaginta
1682 2231 1888 2258 annorum
1920 2233 2084 2272 posses-

307 2283 449 2324 siones
490 2284 650 2324 moveri
690 2296 776 2322 non
818 2283 941 2322 nimis
982 2297 1164 2335 aequum
1202 2282 1400 2335 putabat,
1443 2287 1665 2334 propterea
1698 2281 1812 2334 quod
1844 2286 1925 2320 tam
1957 2282 2082 2335 longo

307 2346 441 2399 spatio
474 2346 604 2386 multa
633 2343 952 2392 hereditatibus,
986 2346 1117 2385 multa
1148 2345 1444 2398 emptionibus,
1473 2345 1604 2384 multa
1635 2344 1804 2383 dotibus
1833 2344 2084 2384 tenebantur

259 2410 398 2449 35sine
427 2410 601 2457 iniuria,
633 2408 833 2448 iudicavit
862 2421 1001 2460 neque
1032 2408 1117 2447 illis
1149 2407 1275 2447 adimi
1308 2421 1386 2447 nec
1417 2407 1469 2446 iis
1501 2420 1585 2445 non
1617 2406 1717 2445 satis
1747 2406 1862 2452 fieri,
1903 2420 2081 2459 quorum

305 2472 377 2513 illa
406 2473 587 2519 fuerant,
619 2476 826 2524 oportere.
887 2468 953 2508 82.
988 2470 1089 2510 Cum
1121 2470 1249 2522 igitur
1279 2470 1496 2509 statuisset
1528 2482 1633 2521 opus
1665 2481 1757 2508 esse
1788 2468 1839 2508 ad
1872 2481 1961 2509 eam
1994 2483 2081 2509 rem

308 2535 645 2576 constituendam
676 2533 881 2587 pecunia,
921 2533 1231 2572 Alexandream
1276 2546 1320 2572 se
1358 2531 1569 2584 proficisci
1610 2531 1717 2571 velle
1760 2529 1868 2571 dixit
1907 2544 2079 2585 remque

392 2663 423 2694 2.
446 2663 574 2702 pellant
598 2670 615 2692 0
649 2679 683 2683 —-
723 2661 753 2692 3.
779 2660 981 2701 labefactant
1004 2661 1145 2692 BHab:
1172 2661 1218 2699 hij
1241 2660 1442 2700 labefactant
1467 2667 1529 2698 cp,
1558 2658 1581 2688 ii
1606 2657 1807 2698 labefactant
1832 2665 1851 2689 0
1887 2675 1921 2679 -
1955 2659 2081 2698 funda-

303 2716 414 2743 menta
438 2721 506 2744 om.
526 2721 546 2752 p
575 2730 609 2734 —
643 2713 674 2743 5.
701 2712 901 2750 aequitatem
925 2720 995 2742 om.
1026 2711 1069 2750 (in
1088 2711 1223 2749 rasura>
1249 2718 1266 2740 0
1295 2727 1329 2731 -
1365 2710 1483 2748 cuique
1506 2717 1602 2739 suum
1626 2716 1646 2747 p
1674 2725 1708 2728 —
1744 2708 1774 2738 7.
1800 2716 1881 2738 suae
1905 2716 1974 2739 om.
1993 2715 2014 2747 p
2044 2726 2077 2730 —

305 2761 336 2793 8.
358 2763 499 2801 pernitie
523 2770 544 2793 a
570 2778 604 2783 -
632 2765 850 2793 consecuntur
872 2770 893 2800 p
926 2778 960 2782 -
997 2760 1027 2792 9.
1054 2769 1134 2790 110111
1158 2769 1231 2790 cum
1257 2768 1307 2790 res
1331 2760 1358 2790 11
1393 2775 1427 2780 —
1463 2759 1513 2790 Μ.
1539 2757 1664 2796 accepit
1689 2765 1724 2788 c:
1752 2757 1873 2795 accipit
1896 2757 2078 2797 BHabpo

306 2826 343 2833 —
364 2812 515 2850 42prae
538 2820 603 2843 3030
627 2812 675 2842 ab
704 2829 735 2835 —
767 2812 818 2842 43.
846 2812 869 2842 ii
893 2812 963 2842 Bb:
990 2811 1022 2841 hi
1048 2811 1116 2849 lla,
1143 2810 1188 2848 hij
1212 2818 1259 2849 cp
1286 2827 1320 2831 —
1349 2810 1503 2847 adeptum
1527 2808 1605 2838 abc
1634 2825 1668 2829 —
1697 2805 1748 2838 ⁴4.
1768 2807 1869 2837 ctiam
1891 2806 1965 2845 plus
1989 2813 2007 2837 0
2036 2824 2070 2829 -

305 2859 357 2889 45.
386 2861 563 2900 equitatem
586 2861 680 2892 habet
704 2870 722 2892 0
760 2879 794 2883 -
834 2861 943 2891 11111
969 2861 1021 2900 Cp
1059 2877 1093 2881 —
1133 2860 1185 2891 48.
1211 2861 1324 2900 11091111
1349 2858 1491 2895 ssflab,
1530 2858 1632 2897 haym
1658 2864 1727 2895 cp,
1765 2856 1849 2896 Aqin
1874 2863 1892 2886 ο
1932 2874 1966 2878 -
2005 2860 2080 2888 ante

304 2915 351 2948 cp
379 2926 413 2930 —
441 2911 492 2941 22.
518 2912 686 2941 maiorum
710 2911 832 2941 Bllab
859 2927 893 2931 —-
929 2910 981 2940 23.
1007 2909 1269 2940 laceclemonibns
1293 2917 1310 2939 c
1338 2925 1372 2930 —
1399 2908 1547 2947 profecta
1571 2909 1770 2937 emanarunt
1795 2914 1878 2937 nos:
1908 2906 2080 2945 profectae

302 2962 487 2989 manarunt
505 2960 530 2990 ΙΙ
542 2961 588 2991 ab
601 2969 667 2993 co:
693 2962 837 3000 profeclo
854 2963 1036 2990 manarunt
1052 2969 1091 2999 p;
1116 2960 1283 2998 profeclac
1299 2960 1525 2989 manaucrunt
1544 2957 1583 2992 [33
1606 2957 1759 2995 prosecta
1776 2959 1958 2986 manarunt
1977 2957 2079 2987 Lam-

303 3005 418 3038 binus.
459 3009 507 3040 (js.
535 3009 623 3042 Flor.
650 3011 704 3049 1V,
732 3012 762 3049 9,
789 3012 826 3042 5:
860 3010 1036 3041 emanabat
1060 3010 1159 3039 balias
1184 3009 1318 3039 malum.
1351 3026 1383 3029 —
1418 3015 1566 3047 graccos.
1598 3007 1632 3036 ti.
1659 3005 1775 3044 arachi
1806 3012 1843 3042 0;
1875 3013 2014 3045 graccos
2040 3007 2075 3036 .ι.

302 3058 418 3097 machi
442 3067 462 3097 p
490 3076 524 3081 ——
559 3061 613 3091 25.
641 3063 698 3090 aut
722 3069 801 3091 uero
825 3061 844 3091 b
872 3077 907 3081 -—
942 3060 993 3090 26.
1018 3059 1173 3098 profcclis
1198 3059 1223 3088 ll
1251 3075 1285 3078 —
1313 3058 1365 3088 27.
1393 3058 1545 3088 sictonam
1569 3064 1663 3086 suam
1687 3064 1708 3094 p
1736 3072 1770 3077 —
1798 3056 1852 3088 28,
1877 3055 2033 3085 niclocem
2056 3062 2076 3093 p

305 3123 340 3128 —
368 3108 537 3146 inprouiso
560 3110 729 3147 pressisset
754 3110 819 3140 1311
836 3109 890 3140 ab
918 3127 953 3131 —
979 3112 1136 3139 sescentos
1163 3108 1244 3138 1311:
1271 3111 1439 3138 sexcentos
1463 3108 1515 3138 ab
1531 3114 1547 3136 0
1563 3113 1580 3137 0
1615 3121 1648 3127 -
1685 3105 1737 3135 30.
1765 3108 1793 3135 et
1818 3112 1887 3135 om.
1907 3104 1930 3135 Β
1958 3120 1993 3126 -
2022 3103 2073 3132 31.

301 3157 488 3187 restitueret
511 3158 532 3187 b
560 3173 593 3179 —
628 3158 680 3189 32,
708 3167 774 3189 0330
798 3159 820 3189 Β
838 3160 862 3189 11
878 3167 949 3197 ap:
977 3166 1046 3189 om.
1066 3159 1085 3189 b
1101 3165 1151 3188 co
1178 3174 1212 3178 —
1242 3157 1424 3187 arbitretur
1448 3166 1467 3196 p
1496 3173 1530 3178 —
1565 3155 1616 3186 33.
1642 3162 1774 3185 mouere
1799 3154 1822 3184 B
1840 3155 1863 3184 Η
1879 3154 1932 3184 ab
1960 3170 1993 3174 —
2020 3151 2072 3182 35.

304 3205 467 3235 indicauit
492 3214 594 3246 neque
617 3207 678 3245 mss
702 3209 804 3238 adimi
828 3216 885 3238 1100
910 3207 973 3237 illis
996 3216 1062 3237 11011
1086 3216 1103 3238 0
1132 3224 1165 3227 -
1195 3206 1234 3237 iis
1258 3207 1326 3236 Bb:
1354 3206 1402 3236 his
1427 3207 1514 3245 llap
1540 3222 1574 3226 —
1604 3204 1656 3235 36.
1685 3204 1764 3234 Cum
1788 3203 1815 3233 is
1837 3203 1940 3242 iyilur
1962 3208 2010 3239 cp
2036 3215 2070 3220 —

302 3257 381 3285 033οι
406 3255 449 3284 ad
473 3254 492 3285 b
531 3271 564 3276 —
604 3256 657 3286 37.
685 3257 926 3287 alexandr-eam
951 3257 1034 3287 Bbc
1062 3258 1168 3297 (corr.
1189 3264 1229 3286 ex
1255 3255 1492 3286 alavandriam
1515 3256 1552 3293 B,
1588 3262 1680 3286 corr.
1699 3253 1732 3284 in
1757 3252 1992 3284 alexandriam
2016 3246 2071 3286 c):

302 3303 542 3336 alexandriam
566 3305 664 3337 llao.
703 3306 753 3337 Cf.
779 3315 812 3346 p.
829 3306 949 3345 7022.
976 3306 1051 3347 724,
1067 3306 1119 3336 4⁴.
1136 3304 1188 3336 11.
1217 3321 1251 3326 -
1287 3305 1452 3346 proficisci
1475 3313 1508 3337 se
1532 3312 1565 3335 a.
