2249 3624
339 147 420 188 250
577 149 793 189 TUSCUL.
824 150 1027 191 DISPUT.
1060 150 1146 189 Lm.
1169 151 1199 190 Ι.
1233 151 1329 191 CAP.
1351 151 1498 190 XLIX.
1530 149 1589 203 §§
1612 147 1844 192 448-119.

336 255 389 295 At
418 268 516 295 vero
545 255 615 295 ille
646 256 836 308 sapiens:

503 319 637 358 Mors
670 314 776 357 mea
805 331 866 357 ne
896 323 1062 358 careat
1093 317 1354 358 lacrimis:
1386 317 1681 369 linquamus
1713 318 1900 358 amicis

559 381 866 426 Maerorem,
897 385 948 418 ut
979 379 1245 420 celebrent
1275 379 1459 419 funera
1490 391 1594 418 cum
1626 379 1828 431 gemitu.

448 438 540 480 2148.
572 442 656 480 Nos
687 454 804 488 ver0‚
838 441 871 480 si
904 440 1004 494 quid
1037 442 1117 481 tale
1148 441 1369 489 acciderit,
1403 447 1448 480 ut
1478 454 1501 480 a
1532 441 1610 479 deo
1643 440 1932 482 denuntiatum
1955 444 2095 484 videa-

302 509 420 551 stur,
450 509 495 544 ut
525 515 723 543 exeamus
755 516 775 541 e
808 503 910 550 vita,
941 503 1038 543 laeti
1070 509 1111 543 et
1140 509 1308 557 agentes
1340 504 1492 555 gratias
1525 515 1742 555 pareamus
1774 505 1990 558 emittique
2017 520 2094 546 nos

334 580 357 606 e
388 566 576 605 custodia
615 570 656 604 et
694 564 823 604 levari
855 565 1003 605 vinclis
1041 566 1306 612 arbitremur,
1348 572 1393 605 ut
1432 571 1502 604 aut
1544 565 1585 603 in
1632 571 1842 605 aeternam
1885 573 1926 606 et
1971 568 2094 620 plane

332 632 517 667 nostram
548 628 716 667 domum
748 628 1018 680 remigremus
1049 634 1121 668 aut
1151 629 1263 668 omni
1295 641 1420 667 sensu
1453 627 1726 679 molestiaque
1758 641 1996 669 careamus:
2029 630 2093 670 sin

332 695 472 729 autem
512 690 615 729 nihil
652 690 983 738 denuntiabitur,
1022 704 1070 731 eo
1102 696 1239 730 tamen
1271 691 1401 730 simus
1432 690 1588 735 animo,
1629 695 1675 728 ut
1703 690 1945 730 horribilem
1976 692 2095 731 illum

332 751 442 791 diem
473 751 583 799 aliis,
613 752 736 791 nobis
766 752 947 791 faustum
978 757 1171 805 putemus
1203 752 1392 805 nihilque
1425 752 1466 790 in
1501 751 1617 790 malis
1649 750 1868 799 ducamus,
1901 755 2011 806 quod
2044 755 2096 794 sit

284 823 319 852 ⁴0
333 813 399 853 vel
437 827 460 853 a
491 813 554 854 dis
589 814 881 854 inmortalibus
913 814 976 854 vel
1009 828 1032 854 a
1062 820 1211 854 natura
1248 819 1420 867 parente
1452 813 1636 853 omnium
1668 815 1952 855 constitutum.
2002 818 2095 856 Non

334 876 443 915 enim
480 882 636 916 temere
676 890 753 916 nec
784 876 955 916 fortuito
988 878 1066 917 sati
1098 881 1138 916 et
1169 876 1296 915 creati
1329 888 1493 920 sumuS,
1536 873 1607 913 sed
1640 874 1827 926 profecto
1860 877 1940 917 fuit
1970 892 2097 931 quae-

334 937 427 977 dam
469 938 552 985 vis,
592 953 701 992 quae
742 940 883 992 generi
924 939 1160 979 consuleret
1198 939 1380 977 humano
1422 949 1498 976 ncc
1538 936 1579 975 id
1620 937 1809 988 gigneret
1846 946 1917 980 aut
1947 941 2096 988 aleret,

332 999 443 1052 quod
485 1014 575 1040 cum
608 1001 913 1041 exanclavisset
943 1014 1086 1041 omnes
1117 1000 1301 1045 labores,
1343 1005 1428 1038 tum
1460 998 1664 1038 incideret
1694 999 1735 1037 in
1769 1002 1912 1040 mortis
1944 1003 2094 1042 malum

331 1063 655 1115 sempiternum:
712 1070 875 1116 portum
926 1065 1062 1117 potius
1112 1068 1301 1115 paratum
1350 1061 1469 1100 nobis
1516 1066 1555 1100 et
1604 1061 1838 1113 perfugium
1888 1070 2096 1117 putemus.

283 1121 426 1165 45449.
470 1125 564 1173 Quo
604 1127 763 1166 utinam
805 1127 908 1166 velis
950 1127 1082 1179 passis
1128 1125 1300 1178 pervehi
1350 1124 1496 1163 liceat!
1566 1124 1639 1163 Sin
1679 1125 1920 1165 reflantibus
1961 1126 2096 1166 ventis

331 1186 573 1235 reiciemur,
620 1194 758 1228 tamen
802 1188 945 1228 eodem
992 1187 1118 1241 paulo
1157 1186 1315 1225 tardius
1354 1186 1583 1226 referamur
1627 1199 1799 1226 necesse
1846 1195 1920 1228 est.
1972 1188 2096 1237 Quod

333 1254 471 1289 autem
503 1250 696 1290 omnibus
727 1264 898 1290 necesse
931 1256 1015 1297 est,
1048 1250 1145 1290 idne
1179 1249 1373 1288 miserum
1407 1262 1498 1288 esse
1531 1249 1601 1288 uni
1634 1253 1801 1302 potest?
1843 1250 1981 1290 Habes
2013 1250 2098 1303 epi-

333 1311 490 1362 logum,
522 1326 573 1352 ne
606 1314 704 1366 quid
737 1313 1077 1366 praetermissum
1109 1318 1180 1351 aut
1210 1312 1398 1351 relictum
1430 1317 1563 1364 putes.
1609 1312 1656 1350 A.
1679 1312 1768 1364 Ego
1791 1327 1912 1361 vero,
1945 1319 1984 1352 et
2006 1312 2098 1365 qui—

333 1373 424 1413 dem
465 1373 563 1414 fecit
594 1376 715 1415 etiam
747 1376 822 1415 iste
854 1389 919 1415 me
952 1375 1142 1427 epilogus
1174 1372 1409 1413 firmiorem.
1466 1375 1521 1413 M.
1555 1374 1740 1427 Optime,
1780 1375 1964 1427 inquam.
2016 1374 2097 1413 Sed

281 1445 317 1474 20
333 1449 442 1476 nunc
475 1438 644 1490 quidem
678 1438 906 1478 valetudini
939 1438 1169 1477 tribuamus
1201 1436 1385 1489 aliquid,
1418 1450 1506 1475 cras
1538 1443 1676 1476 autem
1709 1443 1749 1476 et
1781 1443 1883 1490 quot
1905 1437 1995 1476 dies
2019 1437 2098 1476 eri-

332 1512 422 1538 mus
461 1499 505 1538 in
545 1500 803 1547 Tusculano,
850 1513 1017 1552 agamus
1054 1500 1157 1539 haec
1200 1504 1240 1538 et
1278 1512 1325 1537 ea
1367 1499 1645 1549 potissimum,
1694 1511 1800 1551 quae
1845 1500 2096 1539 levationem

333 1558 509 1601 babeant
539 1562 870 1614 aegritudinum,
902 1562 1191 1607 formidinum,
1225 1560 1518 1613 cupiditatum,
1553 1561 1625 1613 qui
1649 1561 1760 1600 omni
1788 1574 1806 1599 e
1828 1561 2098 1614 philosophia

331 1628 394 1662 est
422 1622 579 1664 fructus
611 1625 858 1664 uberrimus.

420 1761 449 1791 l.
476 1760 604 1800 sapiens
630 1760 679 1791 ille
704 1760 728 1791 O
750 1778 784 1781 —
811 1759 842 1791 3.
868 1768 1030 1791 merorem
1057 1762 1081 1791 G
1097 1759 1190 1797 R2B;
1218 1769 1392 1791 memorem
1418 1760 1454 1791 R¹
1476 1778 1507 1781 —
1538 1760 1566 1791 6.
1590 1760 1684 1799 plene
1708 1760 1732 1791 C
1754 1776 1788 1781 —
1816 1761 1846 1791 7.
1866 1764 2014 1791 nostram
2033 1761 2093 1791 W:

331 1809 365 1839 in
389 1812 535 1840 nostram
560 1811 584 1841 C
600 1810 636 1841 O.
671 1810 862 1848 «Quoniam
886 1819 955 1840 una
979 1810 1104 1840 domus
1130 1809 1354 1849 significatur,
1382 1809 1570 1840 delendum
1596 1812 1648 1841 est
1671 1811 1705 1840 in
1729 1810 1801 1841 sive
1827 1819 1867 1841 ex
1892 1819 1908 1842 e
1930 1819 1950 1840 n
1977 1812 2096 1841 natum

332 1860 379 1897 (ut
404 1860 442 1896 ΙΙ,
470 1860 509 1889 ⁶26
534 1861 618 1890 enim
644 1869 684 1891 ex
711 1861 719 1890 ι’
744 1869 793 1896 m,
821 1860 874 1897 ΙΙΙ,
902 1859 942 1890 82
967 1860 1023 1890 etsi
1049 1868 1089 1890 cx
1114 1861 1137 1890 it
1161 1861 1206 1898 si,
1235 1861 1273 1897 ΙΙ,
1298 1859 1337 1891 48
1362 1861 1403 1890 ile
1428 1869 1467 1891 ex
1492 1861 1516 1890 it
1541 1869 1572 1897 e,
1601 1860 1654 1899 iV,
1673 1860 1713 1891 80
1738 1860 1885 1891 sanabile
1909 1864 1954 1891 est
1977 1860 2095 1897 lamen)

331 1910 404 1941 sive
430 1919 470 1941 ex
495 1910 676 1950 superiore
703 1910 734 1940 in
760 1909 1042 1949 frequentissimo
1068 1909 1220 1948 quodam
1247 1919 1365 1941 errore
1393 1910 1613 1950 repetitum.»
1637 1928 1669 1931 —
1700 1911 1750 1941 io.
1777 1911 1838 1941 (liis
1862 1911 1885 1941 C
1911 1927 1944 1930 —
1973 1919 1994 1939 a
2017 1912 2097 1940 ante

330 1964 456 1990 natura
480 1968 657 2000 superscr.
684 1951 715 1990 in
743 1961 766 1990 R
789 1977 820 1981 -
850 1959 900 1990 43.
929 1960 1014 1997 quod
1037 1968 1111 1989 eum
1128 1976 1175 1981 --
1192 1961 1423 1999 sempiternzmz
1451 1960 1579 1990 Nonius
1606 1968 1637 2000 p.
1658 1960 1730 1990 1107.
1754 1976 1787 1981 —
1811 1961 1862 1991 45.
1881 1962 1985 1991 sinere
2006 1962 2097 2000 slan-

330 2009 413 2039 tibus
437 2010 460 2041 C
488 2027 522 2030 —
552 2010 602 2040 116.
629 2010 742 2040 eadem
768 2008 890 2047 (littera
917 2018 937 2038 (ιἸ
964 2011 1091 2048 puncto
1117 2011 1234 2039 notata
1259 2013 1293 2040 et
1317 2018 1494 2050 superscr.
1514 2010 1541 2047 o)
1569 2010 1604 2040 R.
1640 2011 1707 2042 «Ut
1731 2011 1762 2040 in
1789 2011 1811 2041 R
1837 2011 1886 2041 sic
1911 2010 2012 2041 fuerit
2029 2010 2094 2047 (IV,

331 2060 371 2090 59
398 2060 420 2090 R
444 2059 972 2099 eorum--perturbatammnf)‚
1000 2060 1116 2089 tamen
1142 2059 1363 2099 Arelietypus
1388 2059 1508 2090 habuit
1532 2060 1658 2096 eodem3
1687 2061 1729 2090 ita
1756 2061 1848 2091 enim
1874 2068 1997 2090 omnes
2021 2060 2095 2089 sine

331 2107 396 2139 ulla
429 2109 598 2140 varietate
632 2109 752 2140 edunt.
791 2110 902 2147 Atque
938 2117 1000 2148 per
1024 2116 1060 2138 sc
1091 2109 1205 2148 ipsum
1231 2109 1339 2139 eodem
1366 2110 1396 2147 (i.
1424 2118 1453 2139 e.
1480 2118 1535 2143 e0.
1572 2119 1654 2147 «quo
1680 2109 1763 2140 velis
1788 2110 1898 2150 passis
1925 2109 2095 2149 pervehi»

331 2157 482 2198 optabile
508 2161 576 2196 est,
604 2158 667 2190 sed
690 2159 776 2189 unde
801 2157 1027 2189 «reflantibus
1046 2159 1156 2189 ventIs
1181 2159 1299 2188 reiecti
1319 2159 1481 2196 erimus»)
1509 2158 1616 2189 mullo
1641 2159 1754 2199 aplius
1780 2161 1832 2189 est
1856 2168 1961 2199 quam
1985 2159 2098 2189 eadem

332 2209 414 2247 (via,
441 2217 507 2249 qua
531 2210 650 2239 reiecti
677 2209 837 2247 erimus);
867 2216 981 2248 neque
1008 2208 1118 2244 enim,
1148 2209 1181 2237 ut
1207 2206 1321 2247 aliquo
1347 2209 1610 2248 perveniamus,
1638 2208 1731 2239 unde
1749 2208 1868 2239 reiecti
1885 2208 2006 2245 sinim,
2034 2216 2098 2238 ne—

330 2267 430 2290 cesse
456 2261 507 2290 est
531 2260 666 2290 eandem
690 2260 781 2289 viam
807 2260 988 2298 repetere:
1017 2258 1119 2287 etiam
1146 2258 1231 2295 alia,
1259 2259 1291 2287 et
1317 2257 1463 2288 fortasse
1489 2257 1648 2293 celerius,
1677 2267 1718 2288 eo
1735 2257 1857 2288 referri
1875 2265 2096 2297 possumus.»

330 2309 386 2339 W.
414 2326 447 2330 —
477 2310 528 2340 48.
554 2313 583 2340 et
614 2309 669 2348 qui
702 2309 785 2339 idem
815 2309 877 2339 GR
908 2325 940 2330 —-
975 2308 1027 2338 ΞΟ.
1056 2316 1134 2346 quos
1159 2308 1195 2338 C.
1237 2307 1342 2337 «Mihi
1371 2308 1479 2347 magis
1509 2307 1677 2347 probatur
1701 2309 1900 2338 ceterorum
1925 2306 2096 2346 scriptura

331 2362 426 2399 quot
449 2360 531 2395 dies,
559 2360 579 2391 i.
607 2369 637 2390 e.
665 2363 708 2390 tot
734 2359 935 2397 (continuis,
963 2357 1003 2388 cf.
1031 2357 1048 2396 ξ
1075 2357 1105 2387 8.
1134 2358 1171 2391 Η,
1200 2356 1229 2386 9.
1257 2357 1309 2387 67.
1336 2357 1390 2393 Ill,
1418 2357 1447 2387 6.
1476 2358 1529 2391 [V.
1557 2358 1586 2387 7.
1616 2358 1654 2395 V,
1682 2357 1708 2388 l.
1729 2357 1794 2395 ll.)
1821 2354 1941 2392 (liebus,
1967 2358 2097 2393 quot:

331 2408 489 2447 qztrilidz'e,
515 2409 634 2448 quoad.
664 2410 764 2447 Quos
788 2408 863 2439 dies
888 2408 997 2447 magis
1024 2408 1136 2438 esset:
1166 2407 1203 2435 iis
1220 2405 1327 2436 diebus
1350 2407 1428 2444 (non
1448 2408 1647 2445 continuis),
1675 2415 1806 2446 quoS:
1822 2406 2095 2444 quotiescumque.

332 2458 393 2495 Qui
418 2456 513 2489 locus
538 2467 555 2488 a
581 2459 718 2489 Mosero
744 2459 979 2498 comparatur,
1007 2458 1128 2496 Nepet.
1148 2455 1228 2487 Milt.
1249 2456 1267 2486 8
1293 2456 1514 2495 (Chersonesi
1540 2466 1663 2488 omnes
1688 2457 1774 2493 illoS,
1802 2464 1889 2496 quos
1910 2454 2094 2493 habitarat,

331 2516 442 2538 annos
462 2511 655 2547 perpeluam
679 2508 877 2539 obtinuerat
902 2507 1207 2544 dominationem),
1236 2506 1262 2536 is
1287 2514 1392 2546 quain
1419 2505 1596 2537 dissimiIis
1621 2508 1682 2545 sit,
1712 2505 1809 2537 facile
1835 2507 2014 2545 apparet.»
2039 2505 2094 2536 W.

333 2573 367 2577 —
388 2557 439 2587 22.
460 2558 697 2597 aegritudinem
724 2559 759 2589 R¹
780 2575 813 2580 —
835 2557 889 2596 qui
914 2557 1000 2587 omni
1019 2557 1073 2595 pli.
1096 2557 1118 2586 G
1135 2557 1179 2587 R:
1208 2556 1262 2594 qni
1288 2556 1319 2586 in
1345 2556 1432 2585 omni
1455 2556 1507 2594 ph.
1530 2556 1571 2594 (in
1592 2555 1668 2587 cad.
1689 2564 1734 2586 m.
1756 2555 1947 2596 superscr.)
1973 2556 2014 2591 B;
2042 2555 2098 2594 qui

332 2608 436 2638 omnis
456 2608 677 2648 philosophiae
702 2606 867 2639 Halmius.
890 2625 923 2629 ——
951 2606 1003 2637 23.
1023 2614 1176 2637 EXPLICIT
1199 2614 1295 2637 Lmen
1320 2614 1437 2637 mentis
1462 2606 1499 2636 R.

824 2767 1184 2806 SUPPLEMENTA
1213 2766 1604 2804 ADNOTATIONIS.

418 2847 497 2884 Pag.
524 2845 586 2876 ⁶208
611 2846 643 2876 in
669 2844 890 2875 adnotatione
917 2843 961 2874 ad
985 2843 1247 2883 inscriptionem
1274 2843 1311 2873 iis
1337 2841 1437 2878 iocis,
1466 2841 1524 2872 ubi
1549 2842 1623 2882 ipse
1649 2843 1771 2873 Cicero
1797 2842 1859 2873 hos
1884 2840 1989 2873 libros
2016 2841 2096 2872 Tus-

331 2895 470 2926 cucanas
493 2895 728 2933 dispulaliones
752 2894 961 2930 nominavit,
989 2892 1174 2923 addendus
1199 2894 1251 2923 est
1277 2891 1329 2922 ille
1355 2892 1398 2923 (le
1424 2892 1572 2923 Dixinat.
1600 2893 1625 2923 ΙΙ
1652 2892 1669 2932 ξ,
1696 2893 1725 2923 ’2.

420 2952 497 2989 Pag.
525 2949 599 2989 ⁶224,
625 2950 665 2981 22
690 2960 742 2990 sq.
782 2949 911 2981 Eadem
943 2948 1043 2989 plane
1076 2949 1208 2979 ratione
1240 2947 1355 2979 locum
1388 2947 1577 2987 Madvigius
1606 2948 1638 2978 in
1670 2946 1813 2988 epistola
1843 2946 1885 2977 ad
1923 2945 2095 2977 Halmium

333 2999 412 3030 data
445 2999 660 3038 emendavit,
694 3001 759 3031 lioc
790 3000 972 3040 praeterea
1005 2998 1047 3029 (le
1080 2996 1251 3028 vocabulo
1283 2998 1386 3028 animi
1411 3005 1576 3027 monens:
1614 2997 1740 3028 «Animi
1765 3005 1828 3037 pro
1850 2996 1989 3027 hominis
2013 2995 2096 3026 dixit

335 3058 414 3080 cum
439 3047 516 3079 lusu
540 3049 710 3088 quodam,
738 3049 903 3089 quoniam
929 3049 1040 3088 agitur
1064 3047 1106 3077 tle
1132 3047 1247 3077 animo
1273 3047 1429 3077 animum
1455 3049 1687 3086 cognosc-ente
1715 3049 1748 3078 et
1766 3046 1799 3077 id
1822 3045 2092 3087 praecipiente.»

423 3106 500 3143 pag.
529 3105 603 3141 ⁶2:31,
631 3105 681 3135 47.
718 3118 730 3131 u
743 3106 815 3135 Non
848 3104 958 3143 magis
986 3104 1052 3134 hoc
1077 3111 1145 3133 uno
1170 3101 1246 3133 loco
1272 3102 1433 3133 iunctione
1458 3103 1580 3134 Cicero
1605 3103 1745 3143 scripsit
1769 3111 1831 3142 pro
1855 3101 2092 3140 coniunctione,

337 3162 441 3196 quam
467 3155 559 3185 Brut.
588 3154 605 3194 S
632 3153 692 3185 4412
717 3154 933 3193 questionibus
957 3162 1020 3194 pro
1044 3151 1325 3191 conquestionibus
1349 3151 1402 3191 (cf.
1428 3161 1502 3183 var.
1529 3151 1607 3184 lect.
1633 3153 1724 3183 Orat.
1751 3151 1769 3192 ἓ
1798 3152 1903 3193 135).»
1928 3152 2037 3183 ΜΑῡν.
