2249 3624
564 133 653 172 Lm.
684 131 754 171 111.
794 130 893 171 cip.
924 127 1161 171 v111-1x.
1200 125 1259 180 §5
1291 125 1480 166 asi—30.
1822 115 1902 161 439

146 261 230 288 non
271 260 394 287 omne
434 246 587 285 bonum
627 257 717 284 esse
758 243 988 288 laudabile;
1031 255 1124 281 nam
1166 239 1277 294 quod
1316 239 1524 279 laudabile
1565 238 1639 285 sit,
1680 237 1901 276 honestum

147 324 238 350 esse
270 309 523 349 conceditur.
582 307 688 346 Illud
720 313 857 346 autem
889 304 1207 359 perabsurdum,
1250 304 1404 343 bonum
1443 315 1535 342 esse
1566 300 1748 354 aliquid,
1790 298 1902 353 quod

148 387 228 413 non
271 372 552 425 expetendum
596 370 670 415 sit,
710 375 781 408 aut
812 368 1112 421 expetendum,
1154 367 1266 419 qnod
1300 380 1381 404 non
1414 366 1603 418 placens,
1643 368 1734 409 aut,
1775 362 1808 400 si
1842 361 1903 406 id,

148 448 231 474 non
264 435 386 474 etiam
418 432 699 483 diligendum:
732 444 829 482 ergo
861 437 901 469 et
935 430 1215 482 probandum:
1248 429 1303 468 ita
1335 429 1456 467 etiarn
1489 426 1718 467 laudabile:
1759 424 1800 464 id
1832 437 1905 462 an-

148 504 228 537 tem
268 497 504 535 honestum.
569 494 628 532 lta
669 492 710 531 lit
753 498 817 539 ut,
865 492 976 545 qnod
1027 493 1179 530 bonum
1219 491 1291 536 sit,
1335 490 1374 529 id
1414 490 1537 529 etiam
1579 489 1799 529 honestum
1841 487 1937 526 sit.5

148 557 212 598 28.
244 556 404 597 Deinde
436 568 615 608 quaero,
658 556 751 607 quis
793 561 863 593 aut
894 554 945 593 de
977 555 1126 593 misera
1159 554 1239 592 vita
1277 554 1408 605 possit
1440 552 1608 603 gloriari
1640 557 1710 591 ant
1741 551 1791 589 de
1823 562 1904 589 non

145 621 295 659 beata?
334 620 392 656 De
423 617 510 656 sola
543 618 669 668 igitur
700 617 842 655 beata:
875 629 926 654 ex
960 630 1043 668 qno
1076 614 1254 654 eflicitur
1293 616 1558 667 gloriatione,
1599 620 1644 653 ut
1675 615 1727 653 ita
1759 613 1906 658 dicam,

146 682 310 733 dignam
353 693 444 719 esse
482 680 641 718 beatam
674 680 821 723 vitam,
863 678 976 730 qnod
1019 691 1100 716 non
1144 678 1273 730 possit
1315 678 1393 716 nisi
1435 678 1636 716 honestae
1677 677 1784 716 vitae
1816 676 1906 715 iure

144 744 397 793 contingere.
460 742 516 780 lta
558 739 600 779 lit
641 747 684 779 ut
723 740 896 779 honesta
931 740 1011 778 vita
1052 739 1173 777 beata
1208 739 1287 777 vita
1321 740 1385 778 sit.
1445 740 1497 778 lit
1528 740 1723 792 quoniam
1758 739 1810 785 is,
1842 737 1906 777 cui

144 805 346 856 contingit
387 810 431 843 ut
471 804 560 842 iure
593 803 804 848 landetur,
846 801 971 840 habet
1002 802 1165 850 insigne
1198 801 1395 852 quiddam
1427 801 1477 840 ad
1510 801 1634 841 decus
1667 807 1707 840 et
1737 801 1787 840 ad
1820 800 1958 852 glo-⁴0

143 868 267 913 riam,
308 873 350 905 ut
384 866 435 905 ob
469 879 539 912 ea,
573 878 678 918 quae
712 871 823 903 tanta
855 865 958 909 sint,
1003 864 1150 902 beatus
1182 862 1262 901 dici
1296 863 1384 901 iure
1417 864 1569 915 possit,
1601 863 1708 902 idem
1742 863 1793 902 de
1825 862 1908 901 vita

145 929 236 968 talis
267 929 344 967 viri
376 928 607 968 rectissime
639 927 810 966 dicetur.
864 927 943 971 lta,
976 926 1009 964 si
1040 926 1160 964 beata
1193 925 1275 964 vita
1306 924 1524 964 honestate
1557 926 1761 972 cernitur,
1794 924 1906 978 quod

142 990 364 1029 honestum
397 997 477 1035 est,
510 989 549 1029 id
582 990 737 1028 bonum
771 989 902 1028 solum
934 987 1173 1027 habendum
1205 992 1280 1025 est.
1331 986 1396 1026 ⁶29.
1430 987 1540 1035 Quid
1566 1001 1662 1027 vero
1676 990 1692 1027 ‘2
1726 988 1909 1040 negarin'

142 1053 227 1092 ullo
262 1052 385 1091 modo
417 1053 567 1105 possit,
598 1064 812 1103 numquam,
845 1063 1096 1104 quemquam
1130 1049 1269 1088 stabili
1301 1055 1340 1088 et
1370 1050 1489 1089 firmo
1522 1056 1562 1089 et
1584 1063 1732 1101 magno
1755 1052 1907 1097 animo,

143 1129 267 1169 quem
300 1115 446 1154 sortem
481 1115 612 1154 virum
647 1114 846 1160 dicimus,
879 1112 985 1153 eslici
1018 1125 1160 1165 posse,
1199 1112 1279 1151 nisi
1313 1113 1583 1152 constitutum
1616 1114 1669 1153 sit
1699 1127 1782 1152 non
1816 1127 1908 1153 esse
1927 1122 1958 1150 ¹5

143 1178 295 1218 malum
328 1177 544 1216 dolorem?
590 1177 637 1216 Ut
669 1177 779 1215 enim
811 1177 882 1229 qui
915 1182 1088 1215 mortem
1123 1175 1164 1212 in
1198 1174 1318 1213 malis
1358 1175 1475 1227 ponit
1525 1188 1608 1214 non
1648 1182 1787 1228 potest
1817 1189 1906 1215 eam

143 1253 226 1280 non
262 1242 421 1285 timere,
455 1240 514 1278 sic
546 1252 668 1278 nemo
702 1239 784 1278 ulla
816 1239 856 1277 in
891 1252 933 1278 re
966 1244 1101 1290 potest
1133 1237 1196 1283 id,
1229 1236 1342 1289 quod
1376 1237 1528 1276 malum
1553 1250 1644 1277 esse
1669 1237 1908 1284 decreverit,

142 1316 226 1342 non
259 1315 400 1341 curare
434 1302 559 1353 idque
592 1308 879 1359 contemnerej
913 1315 996 1354 qno
1027 1301 1164 1354 posito
1199 1305 1237 1338 et
1270 1300 1453 1339 omnium
1483 1313 1656 1340 assensu
1678 1301 1908 1354 approbato

142 1365 243 1405 illud
287 1364 531 1410 assumitur,
573 1377 687 1410 euni,
731 1364 800 1416 qui
844 1377 991 1414 magno
1025 1363 1077 1401 sit
1108 1361 1247 1401 animo
1279 1368 1403 1415 atque
1436 1362 1556 1409 forti,
1599 1364 1759 1410 omnia,
1801 1376 1909 1416 quae

143 1426 294 1467 cadere
326 1426 368 1464 in
400 1426 609 1464 hominem
643 1427 820 1479 possint,
863 1425 1078 1479 despicere
1110 1437 1156 1464 ac
1186 1438 1260 1478 pro
1292 1424 1424 1464 nihilo
1456 1430 1614 1477 putare.
1667 1425 1783 1473 Quae
1815 1438 1907 1465 cum
1925 1434 1960 1463 ΞΟ

142 1490 199 1529 ita
232 1491 337 1534 sint,
371 1489 565 1527 effectum
598 1496 657 1528 est
689 1489 792 1528 nibil
825 1502 916 1528 esse
948 1488 1121 1534 malum,
1155 1488 1268 1540 quod
1302 1494 1421 1540 turpe
1454 1501 1539 1527 non
1563 1489 1627 1527 sit.
1672 1489 1809 1541 Atque
1832 1487 1909 1527 iste

142 1552 202 1590 vir
234 1551 341 1590 altus
375 1557 415 1590 et
446 1550 677 1598 excellens,
710 1564 858 1603 niagno
891 1551 1044 1597 animo,
1075 1564 1173 1589 vere
1195 1550 1339 1597 fortis,
1372 1550 1476 1589 infra
1499 1563 1543 1590 se
1566 1551 1706 1591 omnia
1727 1551 1909 1590 humana

142 1614 316 1659 ducens,
358 1614 412 1659 is,
454 1613 643 1666 inquam,
676 1627 800 1667 quem
833 1611 997 1653 efficere
1028 1613 1244 1660 volumus,
1278 1627 1403 1667 quem
1437 1613 1696 1667 quaerimus,
1729 1618 1838 1653 certe
1871 1618 1910 1652 et

142 1674 350 1715 considere
393 1675 470 1714 sibi
510 1676 632 1714 debet
672 1690 718 1715 ac
759 1666 856 1716 su'ae
897 1677 1007 1716 vitae
1040 1681 1081 1715 et
1121 1682 1236 1715 actae
1269 1682 1309 1715 et
1341 1677 1613 1729 consequenti
1647 1683 1687 1715 et
1717 1675 1824 1716 bene
1857 1675 1908 1714 de

142 1751 233 1776 sese
270 1738 471 1783 iudicare,
504 1744 689 1777 statuens
722 1739 823 1778 nihil
857 1752 979 1791 posse
1011 1738 1107 1777 mali
1139 1739 1326 1777 incidere
1358 1739 1549 1791 sapienti.
1595 1739 1657 1777 Ex
1680 1752 1763 1791 quo
1788 1738 1958 1777 intel-95

141 1800 292 1852 legitur
336 1800 445 1838 idem
488 1801 611 1846 illud,
655 1801 788 1840 solum
824 1801 981 1840 bonum
1014 1814 1106 1840 esse
1140 1802 1253 1854 quod
1284 1801 1507 1841 honestum
1539 1802 1613 1848 sit,
1655 1802 1783 1855 idque
1816 1814 1907 1840 esse

143 1862 262 1902 beate
295 1863 456 1909 vivere,
489 1862 687 1909 honeste,
721 1863 760 1903 id
794 1870 855 1902 est
886 1878 978 1903 cum
1010 1864 1182 1909 virtute,
1218 1865 1372 1903 vivere.

255 1924 325 1963 lx.
357 1922 422 1962 30.
471 1926 552 1964 Nec
592 1939 690 1965 vero
743 1926 888 1978 ignoro
929 1927 1063 1965 varias
1103 1926 1453 1979 philosophorum
1496 1926 1627 1966 fuisse
1667 1927 1908 1973 sententias,

142 2000 284 2026 eorum
318 1987 432 2033 dico,
467 1988 536 2040 qui
570 2002 772 2028 summum
804 1989 983 2034 bonum,
1017 1988 1129 2041 qnod
1162 1989 1353 2028 ultimum
1378 1989 1570 2041 appello,
1601 1989 1642 2028 in
1668 1990 1805 2028 animo
1836 2003 1909 2042 po-

142 2055 300 2088 nerent.
353 2048 468 2096 Quae
500 2062 750 2103 quamquam
794 2052 939 2091 vitiose
972 2051 1143 2102 quidam
1175 2051 1306 2089 secuti
1339 2056 1456 2097 sunt,
1499 2057 1636 2090 tamen
1668 2065 1750 2091 non
1784 2051 1906 2090 modo
1921 2061 1957 2089 30

140 2112 190 2150 iis
222 2111 370 2157 tribus,
403 2112 473 2163 qui
507 2112 697 2151 virtutem
730 2126 752 2152 a
784 2127 946 2152 summo
978 2113 1088 2151 bono
1122 2118 1470 2164 segregaverunt,
1503 2127 1597 2152 cum
1626 2119 1696 2153 aut
1716 2114 1908 2166 volupta-

142 2181 223 2213 tem
255 2181 324 2213 aut
356 2174 600 2213 vacuitatem
633 2175 791 2214 doloris
823 2182 894 2214 aut
925 2175 1060 2227 prima
1093 2181 1263 2214 naturae
1288 2175 1327 2213 in
1351 2176 1522 2215 summis
1546 2175 1667 2214 bonis
1690 2181 1907 2228 ponerent,

143 2235 213 2274 sed
247 2236 369 2274 etiam
402 2235 540 2274 alteris
573 2237 725 2284 tribus,
759 2238 830 2290 qui
863 2250 1048 2277 mancam
1081 2236 1170 2275 fore
1204 2244 1457 2289 putaverunt
1488 2238 1578 2277 sine
1605 2238 1747 2290 aliqua
1769 2251 1908 2277 acces-

144 2299 259 2336 sione
305 2298 497 2336 virtutem
537 2298 588 2337 ob
632 2312 805 2352 eamque
845 2313 931 2338 rem
973 2300 1092 2339 trium
1138 2299 1279 2339 earum
1311 2314 1469 2347 rerum,
1511 2313 1616 2352 quas
1648 2313 1773 2352 supra
1805 2299 1906 2346 dixi,

144 2358 295 2410 singuli
337 2359 520 2410 singulas
560 2361 829 2409 addiderunt,
870 2363 934 2401 his
977 2368 1115 2402 tamen
1156 2363 1349 2402 omnibus
1382 2376 1453 2402 eos
1484 2369 1717 2415 antepono,
1751 2362 1956 2404 euicui-35

144 2421 255 2460 modi
297 2427 414 2468 sunt,
458 2423 528 2475 qui
570 2437 774 2463 summum
814 2425 967 2464 bonum
1002 2425 1044 2464 in
1076 2425 1214 2464 animo
1247 2432 1371 2478 atque
1403 2426 1447 2464 in
1478 2426 1905 2478 virtuterposuerunt.

227 2601 257 2631 Ξ.
283 2610 346 2632 esse
369 2603 442 2642 post
461 2601 577 2633 bonum
595 2611 662 2633 om.
684 2604 707 2634 B
728 2621 761 2625 -
789 2605 924 2642 aliquod
948 2606 970 2634 ¹3
992 2623 1024 2627 -
1054 2606 1084 2637 3.
1104 2607 1142 2636 sit
1168 2616 1237 2638 om.
1265 2608 1291 2638 D
1315 2624 1345 2629 -
1377 2610 1435 2637 au!
1460 2608 1673 2645 eat-petendum
1700 2617 1768 2639 om.
1789 2609 1849 2640 BD
1870 2627 1901 2630 —

141 2649 171 2680 4.
199 2650 239 2688 et]
260 2648 336 2680 sort.
356 2652 451 2681 etiam
472 2669 506 2673 —
534 2652 566 2682 id
590 2656 699 2683 aulem
715 2670 762 2674 -—
779 2653 897 2684 bonum
921 2656 960 2685 sil
986 2664 1054 2686 om.
1076 2656 1098 2686 B
1121 2674 1155 2678 —
1184 2657 1212 2687 6,
1234 2657 1272 2686 cle
1296 2666 1356 2686 nan
1380 2656 1473 2686 beata
1494 2656 1700 2696 Madvigius:
1731 2668 1792 2688 non
1811 2658 1906 2689 beata

142 2703 220 2736 (om.
240 2700 285 2734 ἀεῖ
314 2701 355 2731 B:
382 2711 443 2731 non
468 2702 505 2731 de
529 2702 623 2732 beata
648 2703 711 2733 ΑΟ
731 2720 765 2724 -
794 2705 824 2734 7.
845 2705 919 2744 quo}
940 2714 1005 2743 qua
1031 2708 1054 2736 Α
1074 2706 1095 2736 Ρ»
1113 2706 1135 2736 C
1154 2707 1179 2737 D
1203 2724 1234 2728 -
1263 2707 1429 2746 ylarialio.
1458 2716 1496 2737 ne
1520 2711 1553 2737 ul
1576 2708 1638 2738 AB
1659 2725 1695 2730 —
1723 2708 1752 2740 8.
1772 2709 1905 2749 digynum

141 2749 165 2780 B
195 2767 227 2771 —
254 2751 353 2780 ruam
378 2759 444 2781 om.
474 2751 496 2780 B
524 2755 601 2789 §non
628 2752 662 2782 El
692 2770 727 2774 —
751 2754 850 2791 possi!
876 2755 957 2785 AB:
989 2756 1090 2793 possit
1115 2756 1243 2794 quidem
1271 2757 1294 2786 D
1311 2756 1334 2785 O
1360 2774 1402 2779 —-
1433 2756 1462 2787 9.
1490 2757 1520 2788 h.
1546 2758 1615 2788 rita
1639 2757 1734 2789 beata
1757 2759 1798 2788 sic
1823 2760 1903 2796 (oni.

140 2799 217 2835 cita)
243 2799 268 2829 D
293 2817 334 2821 —
359 2799 393 2839 is]
419 2801 445 2830 si
470 2801 492 2831 B
514 2818 547 2822 —
576 2802 626 2831 tl.
646 2802 683 2832 ob
708 2803 897 2834 Manutius:
927 2805 970 2834 ad
987 2807 1012 2836 A
1029 2806 1070 2838 B:
1097 2805 1138 2835 ab
1158 2804 1230 2835 ualli
1252 2805 1412 2836 codices»
1439 2815 1493 2846 ap.
1516 2806 1694 2838 Morelium
1716 2825 1749 2830 —
1778 2808 1828 2838 2¹2.
1848 2808 1906 2838 ho—

140 2848 269 2888 aestate}
295 2849 419 2881 hone-sle
443 2853 466 2881 A
484 2851 547 2881 Β-
575 2852 624 2882 13,
655 2853 738 2891 Quid
764 2856 863 2883 vero?
889 2856 1045 2893 ›zeqarine
1070 2855 1134 2885 ullo
1154 2856 1332 2886 Davisius:
1362 2856 1454 2893 Quod
1480 2865 1557 2887 uero
1582 2858 1697 2897 nessari
1716 2858 1803 2888 nullo
1821 2860 1903 2893 AG3

141 2898 226 2934 quod
254 2907 328 2928 sero
361 2901 474 2939 neyari
504 2901 601 2931 eliam
634 2903 721 2933 nullo
747 2904 791 2934 D:
829 2904 884 2941 qni
916 2914 995 2935 uero
1026 2906 1141 2943 uersari
1172 2906 1260 2935 nullo
1292 2906 1334 2938 13:
1371 2906 1434 2944 Οιιῖ
1462 2915 1537 2937 rero
1568 2908 1684 2947 neyari
1713 2908 1779 2938 ullo
1809 2908 1834 2938 Ο
1867 2924 1901 2929 -

143 2946 192 2977 Η.
220 2956 397 2984 numquam
428 2950 637 2989 Madvigius:
675 2960 743 2982 om.
780 2953 883 2983 codd.
921 2971 954 2975 -
994 2963 1155 2993 quequam
1184 2955 1206 2985 E
1235 2972 1268 2976 —
1307 2958 1336 2985 el
1361 2963 1481 2994 maqno
1506 2964 1574 2986 om.
1603 2958 1629 2987 D
1656 2974 1692 2978 —
1732 2957 1782 2987 19.
1809 2961 1907 2995 atque

139 2995 417 3036 surli--mayno
440 3001 549 3030 animo
574 3005 619 3038 (ν.
646 3002 700 3039 ⁵22)
727 3011 795 3032 orn.
823 3005 847 3033 A
876 3020 910 3024 —
949 3004 997 3034 ΞΟ.
1026 3005 1153 3043 eadere]
1180 3006 1290 3034 eadem
1316 3005 1339 3034 B
1368 3021 1402 3026 —
1430 3005 1480 3046 ac]
1506 3009 1541 3036 at
1566 3006 1589 3037 E
1616 3023 1650 3027 ——
1679 3006 1730 3037 ⁵24.
1758 3016 1797 3037 ae
1821 3010 1844 3038 Α
1861 3007 1903 3037 13:

140 3049 168 3076 et
193 3046 216 3076 O
246 3064 280 3068 —
317 3048 368 3078 ΞΘ.
395 3049 487 3090 idem]
514 3050 546 3080 id
569 3054 612 3080 est
637 3051 660 3081 B
688 3068 722 3072 —
760 3053 811 3082 ΞΤ.
839 3052 967 3084 honeste
991 3062 1059 3084 0111.
1088 3055 1111 3084 B
1140 3071 1174 3075 ——
1208 3054 1260 3083 ³29.
1288 3063 1400 3084 eorum
1417 3060 1635 3095 --ponerent
1659 3057 1789 3088 Nonius
1814 3058 1906 3087 Mar-

141 3093 247 3125 cellus
273 3104 305 3136 p.
333 3096 406 3128 4¹7.
436 3116 469 3120 —
497 3100 665 3137 appellant
691 3101 819 3132 Nonius
849 3120 881 3123 —
910 3103 962 3133 130.
991 3104 1083 3141 Quae
1106 3105 1151 3133 A:
1179 3112 1239 3141 que
1263 3104 1304 3137 B:
1335 3108 1423 3142 Quas
1447 3106 1497 3137 31:
1533 3107 1620 3144 Quos
1643 3106 1668 3136 Ο
1696 3122 1729 3126 -
1757 3106 1902 3146 quidam]

140 3146 267 3183 quidem
294 3147 315 3177 B
342 3164 376 3169 -
403 3146 454 3178 31.
482 3149 530 3188 iis]
556 3150 604 3179 his
629 3153 651 3180 Α
670 3151 692 3180 ss
708 3151 732 3180 O
760 3168 792 3173 —
822 3151 873 3181 33.
900 3153 953 3182 sed
977 3154 1074 3182 etiam
1093 3169 1139 3173 --
1158 3152 1309 3183 virtutem
1335 3154 1463 3185 Nonius
1489 3163 1521 3195 p.
1549 3154 1622 3186 tt-t.
1644 3171 1678 3176 ——
1707 3154 1759 3185 35.
1786 3156 1905 3194 sinyuli

140 3195 175 3225 P.
203 3195 330 3226 Faber:
356 3198 491 3238 sinyulis
515 3199 616 3229 codd.
638 3200 754 3235 (etiam
775 3200 807 3233 Ei*
836 3217 870 3221 —
899 3204 1060 3238 antepono
1083 3202 1279 3232 cuicuimodi
1304 3202 1511 3235 Lambinus:
1538 3208 1614 3234 aule
1634 3205 1726 3243 potui
1750 3205 1837 3234 modi
1854 3207 1898 3237 A:

141 3247 300 3282 antepono
322 3247 461 3278 cuimodi
485 3248 528 3285 B;
555 3252 716 3288 anlepono
739 3250 921 3281 cuiusmodi
945 3251 1052 3282 ceteri
1078 3250 1180 3281 codd.
