2249 3624
450 150 538 191 Lm.
568 149 600 190 Ι.
642 147 738 189 Cn).
770 146 1120 189 XLIII—XLIV.
1159 145 1219 201 ἕξ
1253 143 1506 187 418—494.
1784 144 1858 186 401

98 258 221 303 modo
259 257 449 299 homines
489 269 513 296 a
552 255 661 303 deis,
708 254 780 295 sed
818 255 896 308 ipsi
937 255 1003 294 dei
1046 256 1153 294 inter
1192 268 1234 294 se
1272 252 1323 294 ab
1355 253 1446 294 aliis
1478 253 1549 294 alii
1580 253 1864 307 neglegantur.

97 323 239 364 XLIV.
272 321 436 370 Quanto
467 319 594 359 Stoici
618 319 789 365 melius,
823 320 892 372 qui
915 333 936 359 a
961 319 1073 359 vobis
1098 319 1485 372 reprehcndunturl
1524 317 1704 357 Censent
1724 322 1865 356 autem

96 386 303 438 sapientes
342 381 601 435 sapientibus
646 382 768 420 etiam
808 381 959 432 ignotis
1002 396 1092 421 essi·
1125 383 1303 428 aniicos;
1341 382 1446 421 nihil
1478 387 1540 420 est
1571 380 1680 420 enim
1714 380 1865 420 virtute

95 446 332 493 amabilius,
364 457 490 497 quam
525 444 595 496 qui
629 443 804 496 adeptus
838 444 936 486 erit.
971 445 1222 498 obii-nunqu«¹
1255 445 1332 484 erit
1362 445 1570 495 gentium,
1603 456 1623 481 a
1658 442 1777 482 nobis
1805 442 1865 482 di-

95 509 254 563 ligetur.
310 504 399 545 1⁶22.
432 507 517 545 Vos
559 511 696 545 autern
730 506 829 558 qnid
862 506 957 545 mali
992 508 1116 551 datis,
1156 521 1249 547 cuni
1286 509 1327 546 in
1359 507 1629 546 inbccillitate
1661 503 1896 556 gratifica-5

95 572 250 612 tionem
282 574 322 609 et
352 566 688 608 benevolentiam
722 569 900 620 ponitisl
953 569 998 608 [Ἰ
1032 570 1142 608 enini
1175 572 1358 610 omittam
1384 571 1463 609 vim
1487 575 1528 608 ct
1556 574 1743 608 naturam
1767 568 1867 608 deo-

93 648 204 681 rum,
235 646 286 673 ne
318 632 507 671 homines
537 630 707 684 quiden]
737 631 936 675 censetis.
972 632 1049 670 nisi
1072 632 1256 672 inbecilli
1284 638 1442 679 essent,
1473 632 1633 671 futuros
1655 628 1867 671 beneficos

95 702 135 737 et
173 696 375 748 benignos
418 693 549 733 fuisse
565 695 581 732 'l
638 692 759 731 Nulla
799 699 858 732 est
900 695 1050 733 caritas
1092 696 1294 735 naturalis
1334 697 1442 735 inter
1472 695 1635 734 bonos?
1686 694 1813 734 Caru
1829 708 1867 733 m

92 760 226 813 ipsum
266 759 440 797 verbum
482 760 545 795 est
574 755 754 802 amoris,
794 769 845 794 ex
879 770 964 809 quo
995 757 1200 796 amicitiae
1234 772 1384 797 nornen
1418 763 1479 798 est
1509 758 1699 805 ductum,
1741 769 1866 810 quam

96 822 129 861 si
161 821 212 861 ad
243 821 423 860 fructum
454 823 641 857 nostruin
674 817 922 864 referemus,
959 832 1042 858 non
1075 819 1125 858 ad
1160 820 1271 859 illius
1303 821 1542 867 commoda,
1575 834 1699 873 quem
1731 820 1918 872 diligi-«0

94 897 206 931 mus,
249 896 333 923 non
366 881 445 921 erit
475 881 554 920 ista
585 880 788 927 amicitia,
821 880 892 919 sed
926 888 1157 921 mercatura
1189 883 1394 935 quaedam
1428 884 1653 923 utilitatum
1685 896 1867 923 suarum.

93 948 213 987 Prata
243 951 284 986 et
317 956 413 984 arva
446 949 487 983 et
517 942 727 996 pecudum
760 956 905 996 greges
938 943 1168 996 diliguntur
1197 946 1277 985 isto
1309 946 1454 993 modo,
1487 946 1600 999 quod
1633 944 1792 986 fructus
1815 958 1868 984 ex

93 1010 143 1050 iis
181 1009 420 1063 capiuntur:
459 1006 674 1046 hominum
715 1006 863 1046 caritas
906 1011 945 1046 et
976 1007 1158 1046 amicitia
1199 1009 1376 1060 gratuita
1409 1014 1485 1048 est.
1532 1008 1699 1056 Quanto
1739 1009 1868 1061 igitur

94 1072 224 1126 magis
264 1070 461 1116 deorum,
506 1069 579 1123 qui
612 1069 728 1108 nulla
769 1082 812 1109 re
851 1073 1021 1122 egentes
1054 1074 1094 1108 et
1126 1070 1234 1109 inter
1267 1084 1311 1110 se
1343 1070 1522 1123 diligunt
1553 1077 1594 1111 et
1624 1071 1866 1111 hominibus

95 1134 331 1175 consulunt.
383 1131 508 1181 Quod
540 1132 582 1171 ni
614 1132 670 1171 ita
705 1132 780 1179 sit,
813 1131 914 1186 quid
946 1145 1214 1180 veneramur,
1247 1134 1348 1187 quid
1380 1147 1600 1186 precamur
1630 1135 1762 1174 deos?
1795 1139 1917 1173 cur15

93 1197 218 1237 sacris
260 1192 500 1250 pontifices,
545 1208 619 1234 cur
650 1195 848 1248 auspiciis
879 1208 1057 1248 augures
1088 1198 1323 1248 praesunt?
1356 1196 1459 1250 quid
1499 1201 1691 1251 optamus
1723 1210 1746 1237 a
1777 1197 1867 1237 deis

92 1258 412 1298 inmortalibus?
454 1258 554 1312 quid
597 1259 832 1298 vovemus?
880 1259 933 1297 At
964 1258 1086 1298 ctiam
1119 1258 1225 1298 liber
1255 1263 1318 1298 est
1348 1259 1517 1312 Epicuri
1549 1259 1600 1299 de
1633 1259 1864 1300 sanctitate.

94 1318 186 1361 423.
217 1321 419 1361 Ludimur
461 1320 512 1360 ab
553 1320 724 1360 homine
764 1334 848 1360 non
891 1326 972 1360 tam
1009 1321 1146 1361 faceto
1179 1335 1301 1375 quam
1334 1322 1386 1361 ad
1419 1322 1629 1362 scribendi
1660 1322 1866 1363 licentiam

94 1383 246 1433 liber03
279 1397 386 1438 quae
420 1383 530 1423 enim
563 1388 700 1437 potest
731 1396 824 1423 esse
846 1384 1060 1432 sanctitas,
1092 1384 1127 1424 si
1151 1383 1218 1425 dei
1239 1384 1422 1425 humana
1444 1398 1530 1424 non
1552 1387 1726 1425 curant?
1759 1398 1868 1439 quae

93 1452 231 1488 autem
270 1448 460 1488 animans
499 1452 647 1486 natura
689 1445 796 1486 nihil
838 1448 1020 1486 curans?
1060 1447 1211 1487 Verius
1251 1452 1315 1488 est
1354 1448 1483 1500 igitur
1522 1448 1717 1488 nimirum
1748 1446 1868 1495 illud,
1883 1454 1919 1484 20

94 1509 207 1564 quod
238 1508 453 1549 familiaris
485 1509 669 1550 omnium
700 1514 889 1549 nostrum
920 1509 1172 1550 Posidonius
1204 1510 1401 1551 disseruit
1430 1511 1473 1550 in
1504 1511 1609 1551 libro
1642 1510 1791 1564 quinto
1814 1510 1866 1551 de

94 1578 237 1613 natura
269 1572 466 1620 deorum,
497 1571 638 1612 nullos
672 1585 763 1612 esse
795 1570 898 1611 deos
929 1572 1113 1625 Epicuro
1144 1572 1302 1621 videri,
1334 1586 1528 1628 quaeque
1558 1573 1594 1614 is
1623 1574 1674 1614 de
1696 1572 1786 1614 deis
1806 1574 1893 1615 in-.

94 1633 337 1676 mortalibus
369 1635 543 1684 dixerit,
574 1635 758 1676 invidiae
791 1635 1063 1677 detestandae
1094 1636 1227 1689 gratia
1259 1636 1439 1677 dixisse:
1471 1650 1610 1691 neque
1642 1636 1754 1677 enim
1785 1642 1871 1678 tam

95 1697 305 1752 desipiens
334 1697 498 1747 fuisset,
527 1703 574 1739 ut
602 1698 850 1739 homunculi
882 1698 1059 1739 similem
1091 1698 1215 1739 deum
1252 1697 1449 1753 fingeret,
1480 1699 1738 1740 liniamentis
1770 1698 1871 1740 dum

93 1767 207 1803 taxat
237 1762 459 1810 extremis,
490 1775 576 1802 non
605 1762 752 1802 habitu
784 1761 934 1809 solido,
967 1762 1161 1802 membris
1192 1761 1375 1803 hominis
1403 1762 1639 1816 praeditum
1662 1762 1922 1811 omnibus,25

93 1838 171 1865 usu
202 1825 480 1865 membrorum
511 1838 564 1865 ne
595 1824 769 1864 minimo
802 1825 992 1878 quidem,
1024 1825 1173 1864 exilem
1207 1824 1416 1879 quendam
1443 1830 1570 1878 atque
1592 1826 1870 1880 perlucidum,

94 1887 198 1927 nihil
234 1888 430 1941 cuiquam
469 1888 744 1935 tribuentem,
789 1887 894 1927 nihil
937 1886 1238 1941 gratificantem
1271 1889 1462 1937 omnino,
1501 1889 1608 1930 nihil
1639 1894 1869 1938 curantem,

94 1950 200 1990 nihil
245 1954 450 2004 agentem.
503 1950 621 1999 Quae
666 1955 814 1990 natura
854 1950 1032 2003 primum
1072 1950 1186 1991 nulla
1217 1964 1309 1991 esse
1350 1956 1519 2005 potest,
1562 1951 1690 2006 idque
1721 1952 1872 1993 videns

94 2013 298 2067 Epicurus
329 2026 373 2052 re
403 2013 532 2061 tollit,
565 2013 753 2053 oratione
785 2013 986 2066 relinquit
1009 2012 1125 2053 deos.
1185 2010 1279 2053 4⁶24.
1311 2014 1475 2055 Deinde
1507 2014 1542 2055 si
1575 2014 1756 2055 maxime
1776 2015 1872 2056 talis

97 2081 158 2116 est
189 2075 314 2124 deus,
344 2081 391 2116 ut
420 2075 537 2116 nulla
568 2076 718 2129 gratia,
754 2076 870 2116 nulla
899 2075 1117 2116 hominum
1141 2077 1312 2117 caritate
1336 2081 1545 2126 teneatur,
1576 2076 1735 2126 valeat3
1768 2077 1871 2131 quid
1885 2088 1922 2118 30

97 2140 207 2179 enim
230 2139 363 2180 dicam
392 2139 625 2193 «propitius
647 2139 700 2179 sit
716 2139 753 2178 l»
773 2140 790 2178 ‘P
823 2152 915 2179 esse
938 2139 1050 2178 enim
1072 2140 1278 2194 propitius
1301 2145 1441 2194 potest
1461 2140 1634 2188 nemini,
1657 2140 1871 2194 quoniam,

97 2207 143 2243 ut
172 2201 332 2251 dicitis,
364 2202 498 2242 omnis
530 2201 574 2241 in
604 2201 877 2242 inbecillitate
909 2207 972 2242 est
1003 2206 1043 2242 et
1073 2203 1204 2255 gratia
1235 2207 1277 2243 et
1307 2203 1470 2244 caritas.

184 2378 214 2409 4.
241 2377 299 2408 alii
323 2376 365 2408 ab
388 2377 463 2409 aliis
487 2377 511 2409 C
540 2392 575 2398 —
603 2376 634 2409 4.
660 2378 723 2409 erit
746 2378 827 2408 ante
851 2378 997 2418 qentium
1021 2386 1092 2409 om.
1112 2377 1137 2409 C
1159 2394 1193 2399 —
1221 2378 1252 2409 5.
1273 2385 1348 2408 cum
1369 2378 1405 2409 in
1421 2377 1642 2410 imbecillitate
1659 2378 1869 2412 Lambinus:

98 2435 172 2458 cum
192 2425 403 2459 inbecillitate?
426 2428 511 2465 AB,
537 2435 611 2458 cum
634 2426 886 2459 imbecillitatem
904 2428 951 2465 C,
978 2437 1051 2459 cum
1075 2427 1318 2459 inbecillitatem
1343 2429 1367 2460 E
1388 2446 1422 2449 -—
1450 2429 1481 2460 6.
1508 2428 1762 2461 beniuolentiam
1785 2428 1815 2462 Ἦ
1834 2447 1869 2452 -

99 2478 130 2510 7.
155 2477 316 2510 inbecilles
339 2478 364 2509 E
392 2495 427 2500 —
455 2477 486 2509 9.
513 2477 637 2509 dictum
662 2478 685 2509 C
715 2493 750 2500 —
778 2479 831 2510 40.
856 2478 1054 2518 referremus
1076 2476 1152 2510 B¹E
1180 2496 1215 2500 -
1250 2487 1353 2518 quam
1377 2479 1549 2519 diligemus
1573 2481 1598 2510 Α
1614 2480 1636 2510 Β
1665 2498 1700 2502 -
1727 2480 1780 2512 44.
1805 2480 1874 2511 uti-

98 2528 228 2560 litatum
250 2529 415 2569 quaedam
438 2537 519 2560 cum
543 2529 649 2569 signis
674 2529 953 2569 transpositionis
979 2530 1003 2560 C
1029 2546 1064 2550 —
1092 2529 1144 2559 42.
1172 2537 1214 2559 eac
1237 2529 1265 2559 is
1288 2531 1336 2567 A,
1363 2537 1406 2560 ex
1428 2529 1477 2559 liis
1500 2529 1523 2560 B
1540 2529 1563 2560 C
1580 2530 1626 2567 E,
1654 2539 1697 2561 esc
1719 2531 1766 2562 eis
1788 2530 1814 2562 Ο
1833 2547 1871 2553 -

101 2578 152 2610 44.
178 2579 342 2619 quiinulla
365 2580 410 2613 A;
438 2579 494 2616 qui
518 2579 552 2609 in
576 2578 669 2610 nulla
692 2578 756 2610 BE
782 2578 857 2617 (sed
882 2580 914 2610 in
940 2580 964 2611 B
988 2578 1201 2620 praepositio
1227 2587 1328 2610 erasa
1353 2578 1417 2617 est)
1446 2597 1480 2601 —
1516 2580 1568 2611 45.
1594 2580 1628 2610 ni
1652 2588 1743 2612 corr.
1768 2589 1811 2612 ex
1834 2588 1875 2612 ne

101 2628 149 2668 B,
174 2638 213 2661 ne
236 2632 263 2661 A
289 2647 324 2651 —
356 2637 553 2660 ueneremur
577 2626 615 2660 (3ι
643 2646 677 2650 -
713 2629 766 2660 47.
792 2637 961 2661 monemus
984 2631 1008 2661 B
1024 2630 1048 2660 E
1077 2647 1111 2652 —
1143 2632 1179 2659 at
1204 2637 1296 2660 corr.
1324 2638 1365 2660 ex
1397 2629 1441 2660 ad
1470 2629 1494 2659 B
1521 2646 1556 2651 —
1589 2629 1643 2661 211.
1665 2630 1875 2669 possidonius

101 2677 204 2710 BCE
236 2695 271 2700 —
307 2678 359 2709 ⁶22.
386 2677 427 2719 is]
459 2679 507 2709 his
538 2680 565 2710 A
598 2697 633 2702 —
672 2678 723 2711 24.
749 2679 954 2712 homunculis
984 2678 1064 2712 ⁸210.
1103 2679 1180 2710 Vid.
1207 2678 1429 2718 Wesenberg
1457 2678 1502 2710 ad
1526 2679 1627 2711 Tusc.
1655 2680 1683 2710 V
1708 2680 1726 2721 ἓ
1751 2680 1805 2712 56.
1835 2697 1871 2703 -

101 2727 153 2762 26.
179 2737 275 2760 usum
302 2728 327 2759 B
355 2745 390 2750 —
423 2728 476 2759 27.
502 2729 759 2769 gratificantem.
795 2731 927 2762 omnino
951 2731 1032 2762 nihil
1056 2730 1079 2761 C
1108 2746 1142 2750 —
1178 2729 1230 2761 28.
1253 2733 1359 2769 potest
1385 2738 1450 2761 esse
1475 2730 1499 2761 O
1528 2748 1562 2752 —
1589 2730 1643 2761 29.
1668 2730 1813 2770 reliquid
1835 2729 1874 2762 B¹

106 2794 139 2801 —-
159 2778 246 2810 Deus
268 2779 295 2809 si
319 2777 468 2817 tatis-est,
494 2782 562 2810 ut·
575 2783 709 2819 -potest
725 2781 847 2812 nemini
864 2781 1061 2811 Lactantius
1079 2778 1122 2809 de
1141 2778 1190 2809 ira
1208 2788 1239 2810 c.
1259 2779 1287 2810 8.
1308 2796 1342 2800 —
1363 2778 1415 2809 30.
1441 2778 1494 2810 uel
1516 2782 1571 2810 eat
1593 2779 1626 2811 in
1651 2788 1775 2811 rasura
1791 2780 1816 2811 B
1835 2796 1871 2802 -

42 2866 43 2875 ἵ
104 2826 155 2859 34.
173 2830 259 2860 enim
281 2829 391 2860 dicam
414 2837 461 2860 m.
481 2837 552 2861 sec.
572 2830 606 2861 in
631 2838 696 2861 ras.
716 2831 743 2862 A
763 2848 795 2854 —-
820 2831 992 2870 propicius
1013 2831 1055 2861 sit
1077 2831 1103 2860 Α
1117 2829 1141 2859 Β
1157 2828 1181 2859 Ε
1203 2847 1236 2851 -
1262 2829 1348 2860 enim
1367 2828 1537 2868 propicius
1560 2829 1584 2860 B
1599 2829 1623 2861 E
1652 2847 1684 2853 -
1714 2830 1768 2865 32.
1784 2837 1822 2861 Μ.
1840 2837 1871 2861 T.

42 2877 45 2907 ἐ
104 2885 273 2910 emmens
296 2886 341 2910 DE
363 2887 497 2911 DEORUM
519 2889 644 2912 NATURA
668 2889 731 2912 Lm.
757 2889 878 2913 prunas
901 2889 1065 2912 EXPLICIT.
1093 2886 1219 2910 1NC1P1T
1242 2887 1306 2910 Lm.
1327 2886 1498 2911 SECUNDUS
1514 2880 1541 2910 A
1555 2879 1578 2910 B
1597 2888 1603 2916 ς
1629 2879 1778 2919 Explicit
1797 2879 1873 2920 pri⁴

44 2922 46 2927 ⁸
104 2935 175 2959 mus
197 2927 277 2961 liber
300 2928 338 2961 de
360 2932 487 2961 natura
509 2930 655 2962 deorum.
686 2931 803 2972 Incipit
826 2932 986 2964 secundus
1008 2931 1151 2964 eiusdem
1174 2930 1222 2967 E3
1253 2929 1512 2970 subscriptione
1537 2932 1633 2962 caret
1657 2930 1697 2962 C·

64 3278 67 3311 l

67 3350 71 3410 ζ
175 3350 291 3385 Cranno
311 3354 346 3385 T.
366 3353 416 3385 IV.
1534 3350 1588 3394 26
