2249 3624
553 187 641 226 Lm.
673 186 744 226 111.
786 186 882 226 Cn».
913 185 1274 225 XXXVII—XL.
1313 183 1372 238 §§
1404 183 1595 225 89—95.
1867 183 1947 225 477

181 294 286 335 talis.
348 294 429 333 Vos
471 292 580 332 enim
624 292 702 344 ipsi
744 291 882 331 dicere
921 292 1065 331 soletis
1107 290 1209 330 nibil
1251 304 1342 331 esse
1384 292 1497 344 quod
1538 291 1640 330 deus
1672 288 1835 330 efficere
1868 306 1948 330 non

180 356 333 410 possit,
377 360 417 394 et
459 355 631 408 quidem
671 355 761 393 sine
805 355 948 393 labore
987 354 1099 392 ullo:
1150 360 1191 392 ut
1224 356 1331 392 enim
1374 355 1589 393 hominnm
1625 355 1804 393 membra
1839 355 1951 393 nulla

181 418 446 458 contentione
479 423 617 455 mente
649 418 738 469 ipsa
771 430 817 455 ac
841 417 1051 455 voluntate
1085 423 1352 462 moveantur,
1385 418 1442 455 sic
1472 419 1642 456 numine
1665 415 1837 455 deorum
1865 430 1953 455 om-

179 481 248 520 nia
281 478 398 531 tingi,
432 480 589 517 moveri
623 480 861 531 mutarique
896 492 1033 531 posse„
1083 480 1226 531 Neque
1265 478 1302 516 id
1338 478 1473 518 (licitis
1506 480 1796 531 superstitiose
1829 486 1952 532 atque

180 544 368 588 aniliter,
401 541 472 580 sed
507 541 675 594 physica
700 542 995 592 constantique
1029 541 1207 578 ratione:
1241 542 1456 579 materiam
1481 543 1589 580 enini
1612 556 1763 588 rerum,
1796 556 1847 580 ex
1872 551 1986 594 qua5

181 612 221 646 et
253 606 292 644 in
326 617 408 657 qua
442 603 581 642 onmia
614 603 714 647 sint,
756 608 883 641 totam
923 616 1014 640 esse
1048 603 1272 641 flexibilem
1306 610 1344 641 et
1377 604 1732 650 c‹nnnmtabilem‚
1776 611 1819 643 ut
1851 605 1956 643 nihil

181 671 232 709 sit
265 667 379 721 quod
414 680 496 705 non
531 678 581 704 ex
616 678 660 703 ea
693 665 883 716 quamvis
915 664 1051 702 subito
1085 664 1180 715 fingi
1215 667 1487 718 convertique
1513 667 1672 718 possit:
1708 668 1796 705 eins
1819 674 1957 706 autem

181 732 402 771 universae
445 727 640 767 lictricein
682 732 722 765 et
761 726 1079 765 moderatricem
1122 728 1305 766 divinam
1349 742 1440 766 esse
1479 729 1809 780 providentiam:
1853 731 1957 769 lianc

182 793 322 845 igitur,
356 802 624 844 quocumque
657 802 700 827 se
734 796 915 833 moveat,
957 787 1122 827 eslicere,
1155 803 1276 841 posse
1309 791 1511 843 quiequid
1548 792 1657 830 vetit.
1711 794 1854 846 ltaque
1887 798 1959 831 aut

181 855 317 895 nescit
357 853 456 906 quid
499 852 631 905 possit
671 858 741 890 aut
776 852 959 903 neglegit
990 864 1053 889 res
1086 851 1287 891 humanus
1319 860 1388 892 aut
1420 854 1522 906 quid
1555 854 1606 893 sit
1639 856 1841 906 optimum
1875 865 2010 893 nonio

182 923 320 971 potest
350 916 549 956 iudicare.
610 912 676 952 93.
710 915 801 952 Non
835 920 953 953 curat
982 913 1167 965 singulos
1202 914 1406 954 homines.
1458 918 1546 954 Non
1576 918 1752 956 mirum:
1786 932 1836 956 ne
1860 918 1959 956 civi-

183 987 287 1020 tates
330 979 515 1032 quidem.
567 979 659 1015 Non
701 978 804 1016 eas‘?
849 991 898 1014 ne
941 977 1131 1014 nationes
1173 976 1343 1029 quidem
1384 984 1423 1016 et
1463 979 1610 1030 gentis.
1663 980 1785 1027 Quod
1820 980 1853 1018 si
1887 981 1959 1018 has

184 1043 307 1082 etiam
341 1046 598 1085 contemnet,
632 1039 733 1092 quid
768 1040 914 1078 mirum
948 1044 1009 1077 est
1039 1052 1162 1077 omne
1194 1039 1244 1078 ab
1276 1052 1323 1079 ea
1346 1053 1476 1091 genus
1498 1040 1725 1081 humanum
1749 1055 1840 1081 esse
1863 1056 1962 1081 con-

184 1106 422 1156 temptum?
464 1102 545 1141 Sed
579 1115 663 1154 quo
698 1102 822 1140 modo
855 1101 964 1140 idem
999 1102 1134 1140 dicitis
1167 1115 1249 1140 non
1282 1102 1421 1141 onmia
1454 1103 1555 1141 deos
1588 1105 1808 1157 persequi,
1850 1104 1961 1143 idem

183 1168 308 1207 voltis
340 1179 362 1206 a
394 1166 458 1205 dis
490 1164 783 1204 inmortalibus
817 1162 1055 1203 hominibus
1089 1163 1300 1216 dispertiri
1335 1177 1381 1203 ac
1405 1164 1536 1204 dividi
1559 1168 1753 1206 somnia?
1801 1167 2012 1206 Idcircom

184 1229 287 1268 haec
329 1235 485 1275 tecum,
531 1228 629 1281 quia
671 1233 811 1266 vestra
853 1232 914 1265 est
955 1225 1005 1264 de
1047 1227 1304 1266 somniorum
1337 1228 1512 1266 veritate
1553 1231 1772 1269 sententia.
1824 1232 1961 1282 Atque

185 1291 296 1331 idem
340 1291 462 1330 etiam
497 1296 592 1329 vota
624 1289 778 1342 suscipi
811 1288 950 1328 dicitis
982 1295 1191 1340 oportere.
1245 1291 1401 1343 Nempe
1434 1290 1588 1343 singuli
1623 1298 1803 1340 vovent3
1845 1292 1964 1331 audit

185 1355 312 1408 igitur
354 1367 469 1394 mens
512 1352 650 1391 divina
692 1352 814 1391 etiam
857 1350 907 1390 de
950 1351 1139 1403 singulis.
1195 1351 1353 1391 Videtis
1386 1366 1484 1405 ergo
1518 1367 1600 1392 non
1634 1368 1725 1394 esse
1758 1368 1847 1394 eam
1881 1360 1962 1394 tam

186 1424 427 1470 occupatam
451 1428 575 1469 quam
599 1414 822 1466 putabatis.
855 1414 934 1452 Fac
957 1427 1048 1453 esse
1072 1413 1316 1462 distentam,
1348 1416 1507 1454 caelum
1530 1423 1777 1463 versantem,
1811 1423 1964 1456 terram

187 1485 393 1525 tuentem,
426 1478 552 1517 maria
584 1476 891 1533 moderantem:
925 1490 999 1515 cur
1030 1482 1111 1515 tam
1146 1477 1299 1516 multos
1333 1478 1435 1517 deos
1470 1478 1570 1518 nihil
1594 1492 1717 1530 agere
1739 1484 1779 1517 et
1801 1492 1964 1518 cessare
1979 1490 2014 1518 20

189 1543 373 1595 patitur?
406 1554 480 1580 cur
509 1554 593 1579 non
626 1539 749 1579 rebus
781 1539 975 1578 humanis
1007 1538 1170 1592 aliquos
1204 1541 1365 1580 otiosos
1398 1540 1497 1580 deos
1530 1540 1737 1594 praeficit,
1770 1543 1840 1595 qui
1864 1555 1886 1581 a
1911 1547 1965 1589 te,

189 1604 339 1650 Balbe,
378 1602 706 1643 innumerabiles
739 1602 937 1653 explicati
970 1603 1094 1640 sunt?
1146 1602 1258 1642 Haec
1289 1602 1378 1642 sere
1410 1604 1546 1643 dicere
1577 1604 1702 1644 habui
1736 1605 1786 1643 de
1818 1610 1967 1643 natura

190 1666 384 1714 deorum,
416 1679 500 1705 non
531 1671 575 1704 ut
607 1678 695 1704 eam
729 1664 941 1711 tollerem,
975 1665 1047 1704 sed
1081 1670 1125 1704 ut
1155 1665 1454 1719 intellegeretis
1486 1680 1612 1720 quam
1646 1673 1756 1707 esset
1788 1668 1968 1708 obscura

193 1735 234 1768 et
266 1742 390 1782 quam
423 1726 607 1767 difficilis
640 1725 870 1779 explicatus
905 1727 1086 1767 haberet.

303 1792 389 1830 XL.
421 1788 488 1830 94.
522 1791 643 1839 Quae
675 1804 768 1829 cum
792 1789 989 1836 dixisset,
1024 1790 1142 1829 Cotta
1176 1789 1312 1830 [inem.
1345 1791 1530 1830 Lucilius
1552 1798 1705 1839 autem,
1737 1791 2018 1832 Vehemen--25

191 1854 293 1901 tius,
335 1854 491 1908 inquit,
526 1854 666 1899 Cotta,
709 1858 751 1891 tu
784 1852 952 1905 quidem
986 1853 1172 1892 invectus
1205 1867 1248 1893 es
1280 1853 1323 1891 in
1354 1866 1446 1892 eam
1478 1854 1716 1894 Stoicorum
1748 1856 1966 1903 rationem,

192 1930 301 1970 quae
334 1917 385 1956 de
418 1917 679 1969 providentia
711 1915 885 1954 deorum
919 1915 968 1954 ab
1000 1915 1082 1956 illis
1109 1917 1380 1955 sanctissume
1404 1922 1444 1956 et
1467 1917 1846 1969 providentissume
1869 1932 1968 1957 con-

193 1980 337 2020 stituta
370 1986 444 2019 est.
502 1978 582 2018 Sed
616 1978 815 2031 quoniam
855 1978 1179 2031 advesperascit,
1220 1979 1338 2019 dabis
1378 1981 1499 2019 nobis
1532 1979 1642 2019 diem
1673 1981 1879 2034 aliquem,
1921 1986 1969 2021 ut

196 2048 342 2082 contra
372 2042 450 2081 ista
481 2041 680 2081 dicamus.
732 2042 803 2080 Est
833 2041 942 2080 enim
977 2041 1078 2080 mihi
1110 2048 1246 2081 tecum
1279 2055 1355 2095 pro
1387 2044 1471 2082 aris
1505 2048 1545 2082 et
1574 2043 1678 2083 focis
1700 2050 1908 2084 certamen
1931 2049 1971 2084 et

194 2118 270 2157 pro
303 2105 475 2144 deorum
509 2103 673 2156 templis
704 2109 831 2156 atque
863 2100 1063 2142 delubris
1082 2117 1246 2157 proque
1278 2104 1394 2143 urbis
1426 2106 1578 2153 muris,
1610 2119 1716 2159 quos
1740 2120 1833 2153 vos,
1866 2120 1970 2160 pon-
1984 2117 2021 2146 30

196 2164 349 2213 tifices,
393 2172 558 2206 sanctos
605 2179 696 2205 esse
745 2165 881 2204 dicitis
922 2164 1249 2220 diligentiusque
1291 2168 1437 2207 urbem
1478 2168 1683 2221 religione
1716 2183 1839 2222 quam
1871 2170 1971 2224 ipsis

197 2230 415 2268 moenibus
448 2228 641 2281 cingitis:
675 2241 783 2281 quae
815 2227 952 2267 deseri
985 2242 1008 2267 a
1039 2243 1125 2276 me,
1158 2230 1255 2269 dum
1289 2230 1461 2283 quidem
1484 2232 1642 2284 spirare
1665 2238 1823 2284 potero,
1856 2232 1972 2273 nefas

196 2291 351 2331 iudico.
412 2288 478 2329 95.
510 2292 614 2329 Tum
651 2290 795 2330 Cotta:
834 2290 922 2343 Ego
956 2304 1054 2330 vero
1087 2297 1127 2331 et
1158 2298 1257 2344 opto
1296 2293 1488 2345 redargui
1520 2308 1607 2341 mec,
1649 2294 1796 2342 Balbe,
1838 2301 1878 2335 et
1910 2309 1973 2343 ea,

199 2367 308 2408 quae
347 2353 575 2407 disputavi,
619 2352 825 2393 disserere
867 2353 995 2392 malui
1037 2368 1161 2406 quam
1199 2355 1386 2395 iudicare
1418 2361 1459 2395 et
1488 2356 1610 2396 facile
1642 2372 1707 2397 me
1739 2372 1761 2397 a
1793 2364 1832 2398 te
1863 2359 1973 2398 vinci

198 2430 323 2469 posse
353 2423 465 2456 certo
498 2416 598 2455 scio.
646 2416 833 2469 Quippe,
879 2415 1017 2469 inquit
1048 2417 1257 2464 Velleius,
1298 2418 1371 2471 qui
1410 2419 1533 2458 etiam
1566 2421 1729 2460 somnia
1766 2426 1886 2474 putet
1921 2421 1972 2461 ad
1987 2430 2024 2459 35

199 2492 276 2518 nos
308 2479 416 2518 mitti
447 2479 497 2518 ab
530 2479 649 2526 love,
682 2492 788 2532 quae
820 2480 911 2531 ipsa
943 2484 1080 2518 tamen
1113 2485 1195 2518 tam
1226 2480 1338 2520 levia
1370 2494 1454 2520 non
1487 2488 1582 2522 sunt
1613 2496 1737 2536 quam
1771 2489 1834 2523 est
1865 2484 1974 2524 Stoi-

199 2555 344 2581 corum
376 2541 427 2582 de
459 2546 607 2581 natura
638 2541 812 2581 deorum
844 2541 990 2580 oratio.
1037 2541 1149 2581 Haec
1171 2556 1263 2582 cnm
1285 2549 1427 2583 essent
1448 2543 1579 2592 dicta,
1610 2545 1667 2584 ita
1690 2546 1974 2594 discessimus,

288 2772 320 2805 Q.
346 2773 439 2804 nulla
462 2782 552 2804 corr.
579 2781 620 2804 ex
644 2772 713 2803 ulla
737 2772 765 2802 V
790 2789 826 2795 -
854 2771 884 2803 4.
908 2773 967 2813 fiyL
992 2773 1018 2802 V
1046 2791 1079 2795 —
1107 2773 1224 2814 dicitis]
1250 2774 1371 2805 additis
1395 2774 1417 2805 B
1439 2791 1472 2795 —
1500 2775 1530 2805 5
1557 2775 1717 2815 scdifisica
1734 2778 1760 2807 A
1780 2793 1814 2800 —
1834 2779 1976 2810 maceria

204 2822 352 2854 ACEV
384 2840 419 2846 —
452 2824 482 2856 8.
510 2825 594 2855 hanc
620 2825 727 2863 (corr.
756 2833 796 2856 ex
821 2825 914 2863 haecJ
951 2825 997 2855 V:
1035 2826 1114 2856 haec
1144 2826 1207 2856 AB
1224 2825 1247 2856 C
1265 2824 1287 2854 E
1315 2841 1349 2845 —
1385 2824 1436 2854 10.
1464 2825 1541 2862 quid
1567 2827 1657 2862 (ante
1676 2828 1789 2866 possit)
1815 2837 1905 2860 corr.
1934 2838 1976 2860 ex

205 2873 290 2912 quod
312 2875 338 2904 A
361 2891 394 2895 —
422 2874 557 2913 necleyic
580 2876 605 2905 A
628 2891 661 2895 -—
690 2875 742 2905 tt.
769 2883 826 2905 nec
850 2875 1002 2905 ciuitates
1026 2873 1054 2906 Ἡ
1075 2893 1109 2897 -
1137 2876 1189 2905 42.
1216 2875 1356 2913 quidem.
1383 2874 1418 2903 Si
1443 2882 1505 2904 non
1530 2883 1602 2912 eas,
1628 2884 1668 2906 ne
1684 2877 1831 2908 nationes
1848 2878 1977 2917 quidem

206 2923 408 2963 Madvigius.
440 2925 694 2964 «Interrogatio
721 2923 774 2955 illa
800 2934 864 2955 non
889 2927 968 2955 cas?
1001 2926 1109 2966 posita
1136 2926 1203 2955 iam
1230 2924 1389 2955 eiusdem
1416 2926 1463 2955 rei
1490 2926 1672 2963 negatione
1699 2929 1733 2958 et
1756 2937 1977 2969 supervacua

207 2974 260 3003 est
284 2975 318 3004 et
343 2981 449 3013 prave
475 2975 669 3014 concepta:
697 2973 851 3005 debebat
877 2983 978 3006 esse:
1007 2984 1045 3005 ne
1068 2983 1124 3005 eas
1148 2974 1330 3013 quidemst»
1352 2991 1385 2995 —
1414 2977 1443 3004 et
1466 2976 1564 3006 sentis
1587 2977 1610 3007 P
1626 2975 1651 3005 V
1672 2994 1705 2998 —
1727 2977 1778 3009 43.
1798 2982 1979 3010 contemnet

207 3024 233 3053 A
248 3023 270 3053 B
287 3023 310 3053 C
328 3022 368 3059 Ε,
394 3027 596 3063 contempnet
622 3025 644 3054 P
659 3023 704 3053 V:
732 3026 947 3056 contemnito
970 3043 1004 3047 —
1026 3024 1077 3056 44,
1099 3026 1252 3065 persequi
1271 3025 1326 3063 qui
1344 3025 1425 3054 idem
1444 3025 1511 3063 (qui
1527 3026 1717 3065 superscr.)
1737 3027 1763 3055 V
1782 3044 1816 3049 —
1839 3029 1889 3059 45.
1909 3029 1977 3060 dis-

204 3072 329 3110 partiri
354 3073 378 3103 O
410 3091 442 3096 —
475 3074 596 3104 diuidis
621 3073 646 3112 (s
662 3072 730 3104 del.
758 3083 805 3105 m.
825 3074 910 3113 sec.)
937 3075 1047 3105 omnia
1072 3073 1098 3103 V
1127 3092 1160 3096 -
1198 3075 1247 3105 ⁴9.
1275 3077 1471 3113 occupatam
1495 3083 1585 3105 corr.
1607 3085 1648 3106 ex
1667 3076 1876 3115 oceulpatam
1893 3078 1920 3108 V
1940 3097 1974 3101 —

208 3120 261 3151 ΞΟ.
287 3121 334 3152 nil
357 3122 381 3152 P
408 3139 442 3143 —
469 3123 521 3153 ΞΗ.
545 3123 705 3162 praefecit
729 3123 795 3154 EV
815 3141 848 3146 —
875 3124 928 3155 023.
956 3133 1020 3155 non
1044 3124 1091 3154 uti
1115 3132 1188 3154 eam
1212 3124 1235 3154 B
1258 3141 1291 3144 —-
1320 3124 1371 3154 25.
1392 3132 1476 3162 quae
1493 3132 1583 3155 corr.
1604 3125 1637 3155 in
1656 3127 1789 3164 que-mss
1809 3145 1843 3149 —
1872 3129 1924 3160 ⁶26.
1944 3130 1979 3160 in

209 3178 283 3201 eam
307 3171 394 3202 CE:
419 3172 550 3216 ingram
575 3171 647 3211 (litt.
666 3182 685 3202 r
702 3173 885 3213 expuncta)
910 3175 957 3212 Α,
984 3175 1015 3204 in
1035 3183 1126 3204 eram
1153 3175 1173 3204 Β
1190 3174 1253 3204 PV
1277 3174 1465 3214 (superscr.
1495 3174 1591 3205 istam
1615 3176 1651 3214 P,
1678 3184 1767 3207 corr.
1795 3177 1827 3209 in
1851 3179 1886 3209 in
1908 3188 1979 3210 me—

210 3228 285 3250 ram
308 3220 346 3259 V)
374 3238 408 3242 —
435 3221 489 3253 27.
514 3223 766 3260 prudentissime
790 3223 813 3253 B
829 3223 852 3253 E
877 3240 919 3245 —-
942 3224 995 3255 28.
1022 3224 1106 3254 diem
1131 3223 1220 3254 nobis
1243 3223 1268 3253 O
1292 3240 1335 3245 -—
1360 3223 1411 3254 ΞΘ,
1438 3224 1523 3255 enim
1545 3224 1596 3255 hic
1619 3228 1723 3256 tecum
1747 3227 1771 3257 P
1791 3244 1826 3248 —
1845 3227 1897 3258 3⁴.
1918 3237 1978 3267 que

211 3276 282 3299 om.
308 3270 332 3300 P
358 3285 392 3290 —
419 3269 471 3301 32.
497 3271 626 3311 cinyitis
650 3280 740 3303 corr.
767 3280 809 3303 ex
833 3272 960 3303 cincile’s
982 3274 1009 3304 A
1024 3274 1051 3303 V
1079 3291 1112 3295 —
1147 3282 1198 3304 me
1221 3274 1299 3303 ante
1325 3271 1475 3305 litteram
1500 3283 1638 3306 erasam
1661 3276 1689 3305 A
1717 3292 1752 3297 -—
1779 3276 1831 3308 36.
1857 3278 1928 3309 miti
1950 3278 1975 3309 B

215 3332 251 3342 ·-
276 3318 321 3349 ad
342 3318 449 3352 {ouem
471 3319 519 3360 B;
546 3329 569 3353 α
591 3321 666 3354 ioue
689 3321 728 3353 C.
760 3321 810 3353 Cf.
836 3320 855 3361 ἓ
878 3321 931 3354 59.
960 3339 996 3345 -
1022 3322 1112 3355 leuia
1136 3330 1225 3354 corr.
1253 3330 1295 3354 ex
1318 3322 1382 3354 leui
1406 3322 1447 3355 V.
