2249 3624
542 166 632 206 Lm.
662 165 694 205 Ι.
736 164 832 205 Cn.
863 162 1146 204 xv—xvlt.
1183 159 1244 215 §§
1275 157 1467 200 37—44.
1804 154 1878 197 381

121 277 190 316 nia
219 273 521 319 continentem,
553 277 638 310 tum
662 270 829 310 fatalem
852 270 881 321 -ζ-
898 269 1086 309 umbram
1110 274 1150 308 et
1172 268 1463 308 necessitatem
1485 279 1621 306 rerum
1644 263 1887 309 suturarum,

120 338 257 390 ignem
287 341 504 388 praeterea
535 340 575 373 et
606 346 720 379 eum,
753 346 878 386 quem
910 339 1006 372 ante
1040 331 1146 376 dixi,
1179 331 1368 377 aethera,
1402 337 1487 370 tum
1510 342 1579 375 ea,
1612 340 1720 381 quae
1744 333 1890 366 natura

120 398 296 440 fluerent
326 404 451 451 atque
483 402 722 442 manarent,
755 401 799 434 ut
831 402 871 434 et
901 407 1054 448 aquam
1087 400 1126 432 et
1159 400 1308 433 terram
1333 399 1373 431 et
1400 398 1517 439 aera;
1550 390 1703 436 solem,
1735 389 1890 435 lunam,

120 461 255 502 sidera
294 459 694 512 universitatemque.
735 471 896 503 rerum,
938 470 1019 509 qua
1060 456 1200 494 onmia
1231 456 1566 501 continerentur,
1608 459 1734 506 atque
1766 452 1891 492 etiam

118 522 308 564 homines
339 534 432 570 eos,
465 521 536 575 qui
568 519 910 560 inmortalitatem
943 524 1083 557 essent
1106 518 1332 557 consecuti.
1384 515 1449 555 40.
1482 516 1683 570 Idemque
1706 514 1924 568 disputat5

118 585 287 626 aethera
326 597 419 624 esse
462 596 578 630 eum,
620 595 745 636 quem
787 582 975 620 liornines
1015 581 1155 619 Iovem
1196 580 1478 634 appellarent,
1519 579 1679 632 quique
1720 583 1792 618 a'er
1821 590 1894 631 per

119 648 247 688 maria
277 651 483 693 manaret,
527 659 622 685 eum
655 658 747 684 esse
780 645 1039 696 Neptunum,
1082 648 1323 695 terramque
1361 655 1450 682 eam
1484 655 1594 688 esse,
1628 653 1736 694 quae
1770 640 1894 680 Ceres

120 708 347 756 diceretur,
388 708 598 761 similique
639 707 798 746 ratione
848 706 1116 758 persequitur
1156 705 1358 744 vocabula
1398 704 1660 757 reliquorum
1706 703 1895 742 deorum,

119 771 321 825 Idemque
353 771 477 811 etiam
517 770 621 824 legis
660 774 886 823 perpetuae
918 775 957 808 et
988 773 1183 807 aeternae
1224 768 1328 813 vim,
1372 779 1478 820 quae
1515 766 1634 819 quasi
1668 765 1754 806 dux
1786 766 1895 805 vitae

119 840 161 875 et
190 834 389 886 magistra
421 832 654 873 officiorum
688 832 761 879 sit,
794 832 932 871 Iovem
963 829 1064 869 dicit
1094 842 1185 868 esse
1220 829 1480 884 eandemque
1517 827 1683 869 fatalem
1716 828 1898 869 necessi·
1916 843 1948 872 ιο

119 902 246 936 tatem
277 895 483 949 appellat,
525 895 821 948 sempiternam
854 906 993 932 rerum
1027 892 1261 932 futurarum
1293 892 1535 940 veritatem,
1581 906 1762 946 quorum
1794 889 1898 931 nibil

119 958 202 998 tale
242 963 323 1005 est,
363 963 407 998 ut
441 959 482 998 in
515 971 565 997 eo
597 958 659 997 vis
691 957 833 996 divina
865 956 1005 995 inesse
1037 954 1240 994 videatur.
1301 952 1366 992 41.
1408 955 1459 993 Et
1499 955 1601 995 haec
1642 954 1812 1008 quidem
1857 954 1899 994 in

121 1021 256 1074 primo
288 1020 393 1060 libro
425 1020 478 1060 de
508 1026 656 1060 natura
688 1019 887 1060 deorum:
927 1019 968 1057 in
1001 1016 1186 1057 secundo
1218 1022 1355 1056 autem
1389 1017 1475 1057 volt
1508 1016 1685 1070 Orphei,
1726 1017 1901 1064 Musaei,

120 1082 293 1123 Hesiodi
328 1082 587 1137 Homerique
620 1083 794 1122 fabellas
826 1080 1143 1122 accommodare
1175 1078 1225 1119 ad
1258 1093 1325 1126 ea,
1369 1092 1475 1133 quae
1507 1080 1597 1133 ipse
1629 1082 1762 1133 primo
1794 1080 1900 1119 libro

124 1144 175 1185 de
217 1145 307 1185 deis
346 1146 637 1186 inmortalibus
669 1146 841 1192 dixerit,
883 1151 928 1184 ut
967 1142 1091 1183 etiam
1129 1142 1340 1182 veterrimi
1380 1146 1549 1196 poetae,
1589 1143 1660 1196 qui
1708 1142 1806 1182 haec
1851 1154 1973 1184 ne45·

80 1242 85 1247 .
123 1208 323 1262 suspicati
354 1208 523 1262 quidem
556 1214 676 1255 sunt,
711 1208 838 1248 Stoici
869 1207 998 1247 fuisse
1031 1206 1262 1246 videantur.
1315 1205 1452 1254 Quem
1484 1207 1694 1260 Diogenes
1726 1206 1904 1260 Babylo-

123 1271 219 1311 nius
249 1284 514 1324 consequens
557 1271 600 1310 in
632 1285 682 1311 eo
726 1271 854 1318 libro,
897 1270 968 1324 qui
1000 1267 1242 1309 inscribitur
1273 1268 1324 1308 de
1356 1269 1566 1316 Minerva,
1599 1275 1760 1323 partum
1794 1269 1903 1310 Iovis

125 1339 348 1387 ortumque
379 1334 555 1387 virginis
586 1333 638 1373 ad
675 1333 982 1387 physiologiam
1015 1331 1235 1371 traducens
1267 1331 1456 1384 deiungit
1487 1345 1511 1370 a
1541 1329 1695 1372 fabula.

240 1396 350 1435 XVI.
381 1393 448 1435 42.
480 1396 669 1448 Exposui
702 1394 788 1435 fere
821 1409 901 1435 non
933 1394 1284 1448 philosophorum
1316 1394 1490 1441 iudicia,
1529 1395 1602 1434 sed
1635 1394 1903 1434 delirantium

126 1458 312 1506 somnia3
343 1471 419 1498 nec
452 1459 561 1498 enim
593 1459 724 1498 multo
757 1458 1003 1498 absurdiora
1035 1463 1132 1497 sunt
1156 1470 1223 1504 ea,
1248 1470 1354 1511 quae
1379 1462 1594 1511 poetarum
1617 1457 1790 1497 vocibus
1812 1456 1906 1498 fusa
1920 1471 1956 1499 20

126 1521 220 1574 ipsa
250 1522 451 1562 suavitate
483 1527 737 1569 nocuerunt,
779 1521 850 1575 qui
885 1526 924 1560 et
955 1521 1016 1560 ira
1048 1520 1325 1560 inflammatos
1359 1526 1398 1560 et
1429 1519 1603 1559 libidine
1635 1519 1812 1560 furentis
1843 1521 1906 1560 in-

129 1583 341 1624 duxerunt
378 1584 478 1624 deos
517 1584 792 1638 feceruntque
843 1589 888 1623 ut
934 1597 1079 1623 eorum
1119 1582 1246 1630 bella,
1287 1582 1469 1635 proelia,
1511 1595 1694 1635 pugnas,
1738 1583 1907 1623 vulnera

126 1647 388 1695 videremus,
420 1646 518 1687 odia
548 1653 784 1700 praeterea,
818 1645 1014 1693 discidia,
1050 1645 1301 1692 discordias,
1334 1651 1470 1691 ortus,
1503 1646 1710 1693 interitus,
1742 1645 1909 1699 querel-

128 1708 213 1757 las,
257 1709 598 1757 lamentationes,
640 1710 792 1749 effusas
832 1709 875 1748 in
917 1709 1030 1748 omni
1071 1709 1392 1762 intemperantia
1423 1708 1643 1756 libidines,
1688 1707 1908 1755 adulteria,

130 1771 318 1819 vincula,
355 1786 448 1812 cum
486 1773 671 1813 humano
712 1785 864 1825 genere
903 1772 1149 1812 concubitus
1180 1771 1455 1824 mortalisque
1488 1784 1541 1810 ex
1571 1771 1782 1811 inmortali
1811 1785 1909 1825 pro·
1923 1783 1960 1811 25

130 1840 307 1874 creatOS.
366 1831 434 1874 43.
467 1835 568 1876 Cum
599 1840 819 1889 poetarum
851 1841 989 1875 autem
1017 1848 1157 1889 errore
1189 1836 1442 1887 coniungere
1474 1834 1572 1874 licet
1602 1840 1795 1888 portenta
1825 1848 1911 1875 ma-

131 1909 276 1950 gorum
317 1898 706 1952 Aegyptiorumque
745 1898 789 1937 in
833 1898 981 1938 eodem
1022 1911 1175 1951 genere
1206 1897 1482 1945 dementiam,
1521 1903 1607 1938 tum
1641 1898 1764 1937 etiam
1795 1897 1912 1950 vulgi

131 1959 371 2012 opiniones,
412 1974 519 2014 quae
552 1961 595 2000 in
628 1961 810 2001 maxima
840 1960 1125 2000 inconstantia
1154 1961 1340 2001 veritatis
1379 1960 1645 2013 ignoratione
1677 1966 1911 2000 versantur.

129 2022 191 2063 Ea
221 2023 294 2076 qui
327 2023 563 2063 consideret
595 2037 721 2078 quam
753 2024 987 2064 inconsulte
1018 2037 1065 2064 ae
1098 2029 1254 2063 temere
1287 2023 1495 2070 dieantur,
1533 2024 1727 2063 venerari
1759 2023 1912 2076 Epicu-

131 2098 225 2124 rum
257 2091 301 2125 et
330 2086 372 2125 in
404 2098 550 2125 eorum
580 2086 772 2139 ipsorum
804 2100 1002 2134 numero,
1034 2085 1084 2126 de
1118 2087 1270 2140 quibus
1302 2084 1404 2126 haec
1428 2086 1620 2140 quaestio
1644 2091 1727 2133 est,
1756 2084 1911 2125 habere
1926 2097 1963 2127 30

133 2147 304 2195 debeat3
344 2148 460 2188 solus
500 2150 611 2189 enim
650 2149 755 2188 vidit
793 2150 974 2202 primum
1014 2162 1106 2189 esse
1149 2149 1271 2196 deos,
1313 2147 1427 2202 quod
1469 2149 1511 2188 in
1543 2148 1730 2188 omnium
1761 2149 1912 2188 animis

133 2222 279 2250 eorum
310 2211 524 2251 notionem
555 2212 822 2265 inpressisset
854 2212 946 2264 ipsa
976 2219 1138 2252 natura.
1189 2211 1306 2260 Quae
1340 2217 1402 2250 est
1435 2211 1545 2251 enim
1578 2224 1679 2264 gens
1705 2218 1774 2251 aut
1798 2211 1913 2264 quod

134 2285 264 2325 genus
293 2273 528 2322 hominum,
562 2274 676 2328 quod
707 2288 789 2314 non
822 2273 974 2314 habeat
1005 2275 1095 2314 sine
1125 2274 1316 2315 doctrina
1338 2274 1678 2327 anticipationem
1702 2275 1914 2328 quandam

135 2334 340 2375 deorum?
381 2349 507 2390 quam
547 2336 735 2390 appellat
774 2337 995 2391 πρόληψιν
1034 2337 1262 2390 Epicurus,
1306 2336 1348 2376 id
1390 2343 1452 2376 est
1483 2343 1744 2390 anteceptam
1775 2337 1914 2377 animo

135 2398 196 2438 rei
227 2398 437 2452 quandam
468 2399 831 2448 informationem,
865 2401 954 2440 sine
988 2414 1072 2454 qua
1102 2413 1178 2440 nec
1209 2399 1395 2453 intellegi
1422 2399 1650 2453 quicquam
1673 2413 1749 2439 nec
1770 2400 1965 2454 quaeri35

138 2473 216 2500 nec
248 2460 454 2514 disputari
488 2467 635 2515 potest.
689 2463 818 2502 Cuius
849 2463 1024 2503 rationis
1047 2463 1131 2502 vim
1162 2469 1288 2516 atque
1322 2462 1546 2502 utilitatem
1579 2475 1632 2501 ex
1652 2462 1722 2502 illo
1745 2462 1917 2502 caelesti

137 2522 306 2576 Epicuri
337 2523 388 2563 de
419 2524 564 2578 regula
595 2531 634 2564 et
664 2525 822 2565 iudicio
846 2525 1060 2565 volumine
1082 2525 1333 2578 accepimus.
1384 2524 1516 2563 XVII.
1545 2521 1612 2563 44.
1645 2523 1770 2572 Quod
1790 2525 1918 2577 igitur

139 2584 457 2627 fundamentum
499 2587 624 2627 huius
668 2588 929 2642 quaestionis
963 2594 1046 2635 est,
1088 2587 1130 2627 id
1167 2587 1382 2640 praeclare
1415 2588 1569 2627 iactum
1599 2585 1766 2626 videtis.
1815 2587 1919 2627 Cum

140 2648 250 2688 enim
289 2663 374 2689 non
413 2649 604 2690 instituto
648 2650 793 2704 aliquo
835 2656 906 2690 aut
947 2663 1062 2690 more
1095 2655 1165 2689 aut
1195 2649 1288 2704 lege
1320 2650 1372 2690 sit
1403 2649 1546 2703 opinio
1578 2649 1803 2689 constituta
1832 2663 1920 2693 ma·

140 2716 322 2765 neatque
362 2711 413 2753 ad
453 2726 584 2752 unum
627 2714 814 2754 omnium
854 2713 975 2754 firma
1014 2713 1256 2760 consensio,
1300 2712 1488 2765 intellegi
1528 2725 1702 2752 necesse
1732 2715 1795 2752 est
1826 2721 1969 2752 essem

228 2897 260 2929 4.
285 2895 439 2929 umbram
471 2897 520 2931 ⁵21:
563 2900 628 2930 vim
660 2899 738 2932 cod.
766 2900 936 2937 Eliensis;
971 2901 1143 2932 *ceritatem
1179 2896 1425 2933 Heindorfius;
1461 2906 1615 2929 normam
1650 2898 1853 2939 Madvigius.
1882 2914 1918 2921 —

142 2946 174 2978 2.
200 2949 270 2979 tum
293 2957 420 2989 aeaque
443 2951 470 2980 A
497 2966 533 2970 ——
560 2949 592 2981 3.
619 2955 791 2983 manerent
816 2952 933 2992 {priori
957 2959 973 2982 e
997 2958 1177 2992 superscr.
1204 2950 1235 2988 a>
1264 2948 1288 2979 C
1315 2964 1350 2969 —
1379 2950 1414 2977 ut
1438 2946 1489 2988 [ec]
1515 2956 1642 2988 aquam
1666 2950 1691 2980 O
1716 2966 1752 2971 —
1778 2950 1876 2981 solem
1893 2953 1924 2982 et

141 2996 258 3028 lunam
282 2998 305 3029 B
332 3015 369 3021 —
395 2998 427 3030 4.
452 2999 596 3031 homines
619 3001 719 3032 eciam
744 3001 769 3032 O
796 3018 832 3024 -
859 3002 890 3032 7.
916 3005 1066 3032 maneret
1090 3001 1114 3032 C
1135 3016 1171 3021 —
1199 2999 1229 3030 9.
1256 2999 1340 3038 leges
1364 3005 1456 3028 corr.
1483 2998 1516 3029 in
1539 2999 1620 3039 legis
1642 2999 1706 3031 AB
1732 3016 1767 3021 —
1794 3003 1825 3031 et
1848 3008 1920 3032 om.

145 3046 170 3078 C
199 3063 234 3068 -—-
263 3046 316 3078 ⁴3.
340 3048 443 3079 musei
477 3049 620 3081 ABCE
658 3068 694 3072 —
733 3051 785 3082 45.
811 3051 947 3082 dixerat
975 3051 1168 3082 Ernestius.
1205 3065 1241 3071 —
1284 3048 1334 3079 16.
1359 3050 1435 3078 sunt
1459 3048 1664 3080 Ernestius:
1701 3050 1765 3079 sint
1789 3047 1856 3081 ‘210
1883 3066 1919 3072 -—

145 3095 341 3128 babulonius
362 3100 409 3135 A;
444 3097 627 3129 babilonius
649 3099 673 3130 B
690 3100 714 3130 C
729 3099 754 3130 E
781 3116 816 3122 —-
848 3100 901 3131 Π.
921 3105 1027 3140 partu
1050 3101 1134 3131 iouis
1156 3103 1296 3138 ortuque
1319 3100 1346 3128 A
1361 3098 1385 3129 C
1401 3098 1425 3128 P
1451 3114 1488 3120 —
1526 3098 1578 3130 ⁴8.
1604 3098 1752 3138 deiungit
1782 3097 1834 3130 ³21:
1871 3098 1924 3128 dl-

143 3143 253 3186 iunqit
283 3146 308 3177 O
335 3164 371 3169 —
404 3147 458 3178 22.
485 3156 635 3187 pugnas,
665 3148 796 3187 proelia
820 3148 845 3179 Ο
879 3166 914 3171 -
948 3150 1001 3181 Ξ3,
1028 3150 1164 3180 dissidia
1190 3149 1214 3179 Ο
1240 3164 1275 3169 -
1303 3147 1467 3186 querellas
1490 3151 1539 3179 A:
1568 3148 1744 3188 quaerelas
1768 3148 1815 3184 ss;
1842 3156 1924 3186 que-

146 3195 237 3226 relas
258 3195 284 3227 O
311 3213 347 3219 —
380 3196 433 3227 25.
459 3200 489 3228 et
510 3197 707 3228 immortalis
726 3202 925 3237 procreator
948 3198 972 3229 C
1005 3216 1038 3220 —
1072 3200 1124 3231 28.
1151 3197 1302 3228 maxima
1326 3197 1513 3228 constantia
1538 3197 1576 3228 C¹
1606 3214 1642 3220 —
1672 3206 1849 3229 versamur
1877 3197 1920 3233 C;

147 3247 323 3276 uersentur
344 3244 370 3277 E
396 3262 432 3267 —
466 3244 519 3278 34.
541 3246 721 3286 prolemsin
744 3250 794 3284 Α;
825 3247 1025 3288 prolempsin
1048 3248 1097 3285 Β;
1125 3247 1314 3288 problepsin
1339 3247 1388 3284 C3
1419 3247 1604 3287 problebsin
1629 3247 1690 3279 ΕΡ
1719 3264 1752 3270 -
1786 3247 1840 3278 35.
1865 3255 1924 3278 nec

148 3293 291 3335 intellegi
313 3295 492 3336 quicquam
515 3304 585 3328 om.
606 3296 631 3328 C
659 3314 695 3320 —
721 3296 775 3329 36.
801 3298 918 3337 quoius
940 3297 1042 3329 ABE
1068 3298 1113 3338 (in
1136 3297 1160 3329 B
1185 3304 1364 3338 superscr.
1381 3298 1484 3337 cuius)
1506 3314 1541 3320 —
1565 3297 1718 3330 caelestia
1740 3297 1867 3337 epicuri
1882 3296 1921 3328 B.
