2249 3624
751 158 932 198 Lm.111.
974 157 1069 199 Cn».
1093 159 1160 199 IV.
1204 157 1263 212 §§
1297 157 1489 200 tii—⁶20.
1925 161 2004 202 7123

243 265 378 320 parari
413 277 488 304 nec
520 263 585 310 id,
619 265 728 316 quod
763 266 1040 305 communiter
1071 266 1332 319 appellamus
1364 266 1598 314 honestum,
1630 267 1739 321 quod
1774 269 1924 308 colitur
1955 270 2005 309 ab

244 329 317 375 iis,
360 327 431 381 qui
477 326 611 366 bonos
652 340 695 366 se
740 328 850 367 viros
882 328 1025 369 haberi
1061 330 1224 377 volunt,
1266 344 1357 370 cum
1392 331 1684 370 emolumentis
1718 346 1913 385 umquam
1945 339 2007 372 est

243 390 592 444 comparandum,
636 395 806 443 tamque
846 391 886 430 id
930 391 1175 439 honestum,
1218 392 1330 445 quod
1376 393 1417 432 in
1462 399 1644 432 nostram
1679 394 2004 446 intellegentiam

243 452 371 498 cadit,
412 452 614 492 tuendum
656 454 1076 508 conservandumque
1117 456 1234 495 nobis
1275 460 1337 494 est
1368 468 1491 507 quam
1525 456 1650 503 illud,
1692 456 1805 509 quod
1838 458 2006 510 proprie

242 514 395 556 dicitur
425 529 604 570 vereque
637 522 699 555 est
730 516 975 563 honestum,
1019 519 1296 570 sapientibus;
1338 519 1458 558 aliter
1489 520 1595 558 enim
1630 520 1758 558 teneri
1800 532 1883 558 non
1916 527 2037 572 pot-5

243 584 317 625 est,
350 578 383 617 si
418 592 525 631 quae
557 578 608 618 ad
642 579 837 618 virtutem
870 585 932 618 est
963 580 1069 619 sacta
1103 582 1354 632 progressio.
1417 581 1497 620 Sed
1532 583 1630 620 llaec
1664 582 1830 634 quidem
1864 582 1913 620 de
1943 582 2006 628 iis,

242 640 312 694 qui
344 642 662 680 conservatione
695 641 929 681 officiorum
964 642 1254 682 existimantur
1284 644 1394 682 boni.
1473 641 1531 682 18.
1575 643 1655 691 Qui
1693 650 1828 683 autem
1870 645 2008 684 omnia

240 703 468 743 metiuntur
506 703 799 744 emolumentis
846 710 886 743 et
932 705 1162 744 commodis
1217 719 1355 758 neque
1402 719 1449 745 ea
1495 706 1637 745 volunt
1684 706 2008 758 praeponderari

239 765 470 812 honestate,
502 766 531 805 ii
565 765 702 805 solent
733 766 774 805 in
808 766 1079 806 deliberando
1111 767 1332 806 honestum
1367 781 1458 806 cum
1493 782 1561 814 eo,
1587 768 1699 821 quod
1724 769 1825 808 utile
1849 775 2007 821 putant,

241 841 501 882 comparare:
535 828 629 868 boni
663 829 740 868 viri
773 842 855 869 non
887 829 1034 868 solent.
1088 829 1233 882 Itaque
1265 830 1460 869 existimo
1485 831 1741 876 Panaetium,
1775 844 1865 870 cum
1890 831 2058 870 dixe-10

239 890 291 930 rit
332 889 521 930 homines
562 890 695 930 solere
738 891 780 930 in
822 890 896 931 bac
937 892 1249 943 comparatione
1282 892 1496 939 dubitare,
1539 892 1617 931 hoe
1650 894 1781 945 ipsum
1815 895 2009 941 sensisse,

241 952 352 1006 quod
386 953 540 993 dixerit
576 954 760 993 «solere»
796 954 942 1001 modo,
976 967 1058 993 non
1093 954 1217 993 etiam
1256 961 1517 1007 «oportere».
1579 956 1739 996 Etenim
1773 970 1852 995 non
1886 956 2009 996 modo

239 1016 371 1070 pluris
402 1022 549 1070 putare
582 1015 694 1069 quod
728 1017 829 1056 utile
861 1017 1052 1056 videatur
1084 1030 1207 1069 quam
1242 1017 1354 1070 quod
1389 1017 1623 1064 honestum,
1656 1018 1727 1056 sed
1761 1021 1883 1058 ctiam
1908 1019 2009 1058 haec

240 1079 349 1118 inter
390 1092 434 1118 se
478 1092 718 1133 comparare
759 1087 798 1119 et
839 1080 879 1119 in
922 1080 986 1119 his
1028 1080 1272 1119 addubitare
1314 1080 1601 1132 turpissimum
1635 1087 1708 1119 est.
1770 1082 1879 1129 Quid
1913 1096 2010 1135 ergo

241 1147 302 1181 est
334 1141 449 1195 quod
482 1155 565 1181 non
600 1156 827 1195 numquam
861 1142 1166 1182 dubitationem
1207 1142 1369 1181 adferre
1413 1143 1543 1182 soleat
1575 1143 2010 1198 considerandumque
2028 1152 2060 1180 ¹5

239 1205 459 1245 videatur?
513 1206 666 1253 Credo,
700 1207 732 1245 si
765 1207 932 1259 quando
966 1205 1172 1245 dubitatio
1205 1205 1372 1250 accidit,
1406 1205 1529 1256 quale
1563 1206 1614 1244 sit
1648 1207 1708 1253 id,
1733 1206 1783 1246 de
1807 1221 1890 1260 quo
1913 1220 2011 1246 con-

242 1267 462 1308 sideretur.
524 1266 589 1309 219.
625 1269 759 1321 Saepe
792 1269 903 1307 enim
938 1274 1124 1320 tempore
1157 1265 1288 1313 litut,
1314 1267 1426 1319 quod
1453 1274 1571 1319 turpe
1596 1269 1843 1322 plerumque
1866 1270 2009 1310 haberi

240 1331 389 1377 soleat,
422 1331 658 1370 inveniatur
690 1344 772 1369 non
807 1343 899 1370 esse
931 1336 1065 1382 turpe.
1126 1330 1320 1382 Exempli
1353 1342 1475 1369 causa
1508 1337 1688 1383 ponatur
1714 1332 1872 1385 aliquid
1897 1332 2010 1386 quod

240 1399 378 1447 pateat
409 1393 547 1433 latius.
610 1392 733 1441 Quod
774 1398 913 1445 potest
956 1393 1088 1431 maius
1129 1405 1219 1431 esse
1264 1392 1400 1432 scelus
1445 1406 1568 1446 quam
1609 1406 1692 1432 non
1726 1395 1847 1433 modo
1879 1395 2013 1434 homi-

239 1469 355 1503 nem,
388 1455 463 1496 sed
495 1456 618 1495 etiam
652 1455 899 1495 familiarem
932 1455 1144 1494 hominem
1180 1455 1401 1495 occidere?
1454 1458 1556 1495 Num
1592 1457 1717 1509 igitur
1747 1470 1790 1496 se
1821 1459 2062 1498 astrinxit-20

240 1519 415 1566 scelere,
459 1520 493 1558 si
525 1520 595 1571 qui
630 1525 853 1572 tyrannum
886 1517 1042 1557 occidit
1079 1518 1268 1570 quamvis
1307 1517 1588 1558 familiarem?
1651 1519 1807 1571 l’opulo
1840 1519 2010 1572 quidem

238 1583 425 1622 Romano
458 1593 541 1620 non
575 1580 759 1628 videtur,
801 1581 871 1634 qui
915 1594 964 1619 ex
1007 1580 1201 1619 omnibus
1236 1581 1458 1633 praeclaris
1490 1581 1609 1620 factis
1642 1581 1743 1620 illud
1782 1582 2012 1633 pulcherri-

240 1658 353 1684 mum
387 1644 611 1684 existimat.
674 1644 783 1683 Vicit
824 1657 922 1695 ergo
967 1643 1122 1682 utilitas
1164 1643 1459 1683 honestatem?
1521 1645 1649 1683 Immo
1683 1657 1779 1683 vero
1812 1644 2010 1685 honestas

240 1707 483 1748 utilitatem:
515 1706 776 1746 honestatem
809 1707 966 1746 utilitas
1000 1712 1141 1745 secuta
1175 1712 1247 1745 est.

354 1770 510 1821 ltaque,
542 1775 588 1808 ut
620 1769 707 1808 sine
741 1769 828 1807 ullo
862 1781 1001 1808 errore
1035 1768 1265 1808 diiudicare
1297 1770 1526 1822 possimus,
1561 1769 1784 1822 siquando
1808 1783 1899 1808 cum
1923 1770 2010 1817 illo,
2025 1775 2060 1803 25

241 1830 352 1885 quod
396 1830 620 1870 honestum
662 1831 967 1883 intellegimus,
1011 1844 1196 1883 pugnare
1236 1831 1277 1870 id
1321 1831 1552 1878 videbitur,
1597 1832 1710 1885 quod
1751 1833 2011 1886 appellamus

239 1895 368 1941 utile,
400 1893 577 1933 formula
610 1894 815 1947 quaedam
850 1894 1142 1934 constituenda
1175 1900 1255 1940 est,
1289 1907 1414 1947 quam
1448 1895 1480 1933 si
1513 1908 1738 1947 sequemur
1770 1896 1812 1934 in
1845 1908 2012 1947 compa-

240 1959 399 1998 ratione
442 1970 601 2002 rerum,
646 1957 695 1995 ab
737 1956 876 1996 osticio
919 1970 1144 2009 numquam
1186 1957 1443 1995 recedemus.
1513 1954 1578 1995 ΞΟ.
1620 1958 1708 1996 Erit
1739 1964 1875 1996 autem
1909 1957 2012 1996 haec

239 2020 418 2060 formula
461 2019 698 2058 Stoicorum
739 2019 890 2058 rationi
932 2019 1264 2072 disciplinaeque
1311 2019 1490 2057 maxime
1539 2025 1840 2065 consentanea,
1888 2032 2011 2072 quam

243 2083 413 2136 quidem
446 2082 512 2120 his
544 2081 661 2120 libris
694 2087 913 2134 propterea
944 2082 1182 2134 sequimur,
1217 2082 1353 2134 quod,
1388 2095 1641 2135 quamquam
1676 2089 1715 2121 et
1747 2095 1767 2120 a
1803 2082 2061 2121 veteribus-20

240 2143 499 2184 Academicis
531 2150 571 2183 et
602 2157 623 2182 a
656 2144 938 2197 Peripateticis
975 2144 1133 2190 vestris,
1166 2145 1236 2197 qui
1271 2144 1480 2197 quondam
1514 2144 1623 2183 idem
1657 2150 1772 2183 erant
1804 2144 1874 2196 qui
1909 2146 2011 2183 Aca-

243 2206 403 2252 demici,
436 2219 543 2259 quae
575 2205 751 2245 honesta
783 2212 890 2250 sunt,
925 2212 1237 2258 anteponuntur
1269 2207 1332 2252 iis,
1367 2219 1473 2259 quae
1498 2207 1689 2246 videntur
1711 2207 1848 2252 utilia,
1874 2212 2011 2246 tamen

244 2269 507 2322 splendidius
548 2269 652 2308 haec
692 2268 742 2307 ab
783 2269 842 2308 eis
885 2268 1164 2315 disserentur,
1207 2268 1383 2321 quibus,
1429 2268 1629 2321 quiequid
1671 2268 1894 2307 honestum
1937 2274 2012 2314 est,

243 2331 355 2370 idem
385 2330 488 2370 utile
520 2330 685 2370 videtur
716 2343 790 2369 nec
823 2331 924 2370 utile
957 2331 1209 2383 quicquam,
1250 2330 1363 2383 quod
1402 2344 1485 2370 non
1517 2331 1763 2377 honestum,
1805 2344 1928 2383 quam
1961 2330 2011 2370 ab

243 2393 318 2440 iis,
361 2393 512 2447 quibus
558 2399 627 2432 aut
667 2394 888 2432 honestum
930 2393 1091 2446 aliquid
1132 2406 1213 2431 non
1258 2393 1360 2432 utile
1401 2399 1471 2432 aut
1512 2394 1611 2433 utile
1654 2406 1736 2431 non
1775 2394 2062 2432 honestum.35

243 2455 372 2495 Nobis
402 2461 542 2495 autem
573 2460 717 2495 nostra
746 2455 971 2495 Academia
1002 2468 1194 2508 magnam
1226 2455 1437 2495 licentiam
1470 2457 1563 2503 dat,
1605 2461 1672 2502 ut,
1713 2455 2012 2508 quodcumque

331 2642 362 2672 Ξ.
390 2641 430 2672 iis
454 2641 526 2672 Bb:
553 2640 602 2670 his
627 2640 700 2677 Ha,
726 2640 787 2679 hijs
811 2648 828 2671 c
855 2657 895 2662 —-
920 2640 950 2670 3.
979 2641 1022 2679 id]
1042 2640 1122 2670 illud
1147 2649 1163 2671 c
1194 2656 1225 2661 —
1256 2641 1274 2670 6
1313 2640 1449 2678 siquae
1475 2640 1593 2670 Blla:
1620 2640 1735 2678 siqua
1759 2640 1810 2670 bc
1840 2657 1870 2662 -
1901 2640 2014 2670 estad

245 2693 403 2723 uirtutem
427 2700 444 2722 c
472 2709 506 2713 —
535 2691 572 2720 de
595 2690 644 2720 his
668 2690 691 2720 B
709 2690 814 2723 Hah,
842 2691 879 2720 de
902 2690 962 2728 hijs
988 2698 1004 2720 c
1034 2707 1064 2711 —
1102 2690 1132 2720 9.
1161 2691 1182 2719 ii
1208 2691 1278 2721 Bb·
1307 2690 1338 2720 hi
1365 2690 1387 2720 ll
1405 2698 1435 2720 a.
1462 2690 1506 2727 hij
1531 2697 1548 2719 e
1577 2706 1609 2709 —
1650 2691 1695 2718 10.
1724 2689 1870 2719 (laverint
1895 2689 1947 2720 ab
1977 2706 2010 2710 —

247 2741 298 2773 43.
324 2742 489 2772 honestum
513 2740 564 2771 sil.
591 2740 654 2770 Sed
678 2748 695 2770 c
722 2756 755 2760 —
790 2739 826 2770 ¹8
865 2740 941 2770 solet
965 2748 982 2770 c
1008 2758 1049 2762 —
1082 2741 1131 2769 to.
1160 2749 1224 2769 esse
1249 2748 1319 2770 ac:
1349 2749 1404 2769 oni
1439 2740 1460 2769 1}
1479 2739 1501 2769 ll
1518 2739 1538 2769 b
1565 2756 1597 2760 —-
1635 2739 1683 2768 20.
1713 2748 1774 2768 non
1802 2739 1904 2778 iyi‘ur
1928 2747 1948 2769 a
1972 2756 2013 2760 —

246 2791 414 2822 adstruxit
439 2791 465 2822 ll
504 2807 537 2811 —-
580 2790 631 2820 Ξί.
659 2790 811 2819 occiderit
837 2797 854 2819 o
895 2807 925 2810 —
967 2790 1017 2820 23.
1045 2789 1133 2830 erqo]
1161 2791 1263 2829 iyitur
1295 2797 1311 2819 c
1353 2807 1382 2809 —
1422 2789 1524 2819 Immo
1550 2797 1625 2817 vero
1649 2788 1798 2818 honestas
1822 2788 1992 2818 utilitatem
2004 2797 2014 2817 .·

245 2840 440 2871 honestatem
464 2839 590 2870 utililas
612 2842 723 2870 secuta
747 2843 792 2869 esc
816 2847 899 2870 nos:
933 2841 1031 2870 immo
1055 2849 1135 2870 uero
1159 2841 1307 2869 honestas
1331 2839 1503 2869 utilitatem
1530 2842 1638 2868 secula
1665 2842 1707 2868 est
1734 2839 1776 2868 C:
1812 2838 1913 2868 Immo
1940 2847 2015 2868 resto

246 2890 445 2921 honestatem
467 2890 595 2920 utilitas
616 2893 788 2920 consecula
814 2893 859 2920 est
891 2898 932 2921 o:
972 2891 1074 2920 Immo
1106 2899 1183 2920 vero
1211 2891 1361 2919 honestos
1394 2888 1565 2918 utilitatem
1576 2897 1585 2917 .·
1616 2891 1644 2917 et
1669 2888 1794 2917 utilitas
1817 2887 2015 2919 honestatem

246 2942 357 2970 secuta
380 2942 425 2970 esc
449 2941 574 2979 Unger,
602 2938 677 2970 coll.
699 2939 885 2970 Ambrosio
911 2940 954 2970 de
981 2940 1038 2971 ott'.
1066 2939 1149 2971 cler.
1178 2941 1231 2971 lll.
1253 2940 1284 2976 9,
1305 2940 1362 2968 130:
1396 2939 1509 2976 Itaque
1534 2940 1562 2967 et
1586 2937 1735 2967 honestas
1758 2938 1894 2967 utilitati
1912 2947 2016 2977 prae-

248 2989 318 3020 lata
341 2992 387 3020 esc
409 2993 438 3020 et
461 2990 589 3020 utilitas
612 2992 725 3019 secuta
748 2989 945 3020 honestafem
970 2993 1026 3021 est.
1058 3007 1089 3011 -
1127 2990 1179 3020 25.
1206 2990 1273 3019 sine
1297 2989 1352 3018 illo
1376 2989 1396 3018 b
1425 3005 1456 3008 ψ
1495 2987 1543 3016 26.
1574 2986 1735 3017 uidebitur
1760 2988 1790 3017 id
1815 2988 1838 3018 B
1854 2996 1870 3018 c
1898 3005 1931 3010 —
1961 2988 2013 3019 27.

249 3039 389 3078 quedam
412 3039 601 3078 disputandi
624 3039 851 3069 constituenda
876 3040 943 3077 (om
977 3039 1032 3076 est)
1058 3047 1075 3069 c
1116 3056 1148 3060 —
1187 3038 1238 3068 ΞΘ.
1268 3038 1445 3075 marimeq.
1473 3040 1691 3066 consentanea
1715 3045 1735 3067 a
1762 3054 1796 3058 —
1836 3038 1888 3068 30.
1914 3040 1945 3068 et
1969 3038 2012 3068 C:

251 3096 317 3118 om.
345 3086 412 3118 alii.
454 3105 488 3110 —
525 3088 688 3118 ueteribus
712 3089 829 3119 uestris
853 3089 1071 3118 achademicis
1095 3092 1123 3118 e!
1144 3088 1399 3126 perypolheticis
1422 3086 1477 3124 qui
1503 3093 1519 3115 c
1559 3103 1591 3107 —-
1631 3084 1683 3116 31.
1710 3086 1805 3117 iidem
1831 3095 1849 3118 ο
1888 3104 1922 3108 -
1961 3087 2016 3125 qui

250 3136 429 3167 academici
455 3136 532 3177 Cp:
560 3146 629 3168 om.
650 3146 668 3169 o
705 3155 739 3159 —-
778 3137 829 3168 32.
856 3138 895 3167 iis
921 3139 989 3169 Bb:
1016 3139 1066 3169 his
1091 3139 1157 3169 lla.
1184 3138 1246 3175 hijs
1270 3145 1286 3167 c
1325 3153 1358 3158 -—
1398 3136 1448 3167 33.
1477 3135 1517 3166 ab
1541 3135 1601 3174 hijs
1626 3143 1643 3166 c
1668 3153 1709 3158 —
1744 3137 1943 3167 disserentur
1968 3136 2013 3166 C:

252 3186 456 3216 disseruntur
481 3195 499 3218 ο
527 3203 563 3208 —
590 3187 642 3219 34.
671 3187 711 3218 ab
735 3187 782 3217 his
807 3187 830 3218 C
859 3187 910 3225 (ab
927 3188 987 3226 hijs
1012 3193 1039 3225 c}
1069 3205 1103 3210 —
1131 3188 1182 3217 325.
1210 3190 1268 3216 au!
1292 3187 1459 3216 honestum
1477 3202 1493 3207 -
1510 3202 1527 3207 -
1544 3189 1603 3215 aut
1628 3185 1706 3216 utile
1729 3193 1761 3216 c:
1797 3189 1825 3216 et
1849 3185 2015 3214 honestum

252 3251 300 3257 ·-
317 3238 375 3265 auc
397 3236 476 3266 utile
506 3237 528 3267 B
546 3237 660 3273 Hab;
697 3240 725 3268 e!
750 3237 948 3267 honestum-
967 3254 983 3260 -
1000 3241 1028 3268 e!
1053 3237 1130 3268 utile
1162 3235 1365 3267 Lambinus.
1403 3251 1436 3256 —
1480 3234 1532 3266 36.
1558 3234 1655 3266 Nobis
1679 3238 1787 3266 autem
1805 3252 1853 3258 --
1869 3234 2016 3265 maoeimc

250 3284 420 3325 probabile
443 3294 512 3317 om.
531 3287 565 3318 b.
