2249 3624
227 171 309 213 750
779 168 1070 210 PARADOXA
1102 166 1424 208 STOICORUM.

227 278 460 332 parricidae
489 277 670 317 fuerunt.
719 275 830 328 Ergo
862 279 904 315 et
932 273 1093 328 parenti
1123 286 1209 313 non
1241 284 1471 325 numquam
1502 270 1630 310 adimi
1662 271 1744 311 vita
1775 271 1867 312 sine
1898 285 1988 313 sce-

228 341 313 381 lere
353 345 491 394 potest
531 344 571 379 et
612 351 732 377 servo
766 350 890 389 saepe
922 338 1012 376 sine
1042 336 1191 376 iniuria
1220 347 1306 374 non
1336 337 1487 387 potest.
1549 333 1683 373 Causa
1712 333 1842 387 igitur
1870 333 1987 382 haec,

228 417 314 443 non
343 408 490 442 natura
521 401 758 452 distinguit,
789 412 896 452 quae
927 386 1123 452 qiioniam
1154 402 1247 438 utro
1279 396 1480 443 accessit,
1511 395 1554 434 id
1586 393 1630 434 fit
1659 397 1923 449 propensius,
1954 398 1989 438 si

227 472 406 519 utroque
436 463 632 504 adiuncta
663 466 747 508 est,
777 461 892 514 paria
925 459 1024 500 fiant
1054 473 1227 500 necesse
1258 464 1335 499 est.
1394 455 1462 498 25.
1493 457 1600 497 Illud
1630 463 1772 498 tamen
1802 459 1991 506 interest,

199 530 342 582 5quod
372 529 414 568 in
445 539 565 567 servo
597 524 810 571 necand0‚
843 524 876 563 si
908 523 950 563 id
982 522 1027 562 fit
1055 523 1229 569 iniuria,
1260 521 1390 561 semel
1420 526 1639 574 peccatur,
1670 520 1715 559 in
1745 521 1875 574 patris
1906 522 1993 561 vita

228 590 421 631 violanda
450 588 580 630 multa
608 592 847 640 peccantur.
907 585 1099 624 Violatur
1139 585 1172 624 is
1215 584 1287 638 qui
1320 583 1578 636 procreavit,
1621 583 1657 622 is
1689 584 1761 636 qui
1792 584 1916 631 aluit,
1956 583 1992 623 is

228 654 302 707 qui
333 652 534 698 erudivit,
573 650 608 690 is
639 650 712 702 qui
744 650 786 688 in
819 648 917 688 sede
955 661 1002 687 ac
1045 648 1167 687 domo
1207 652 1332 700 atque
1374 647 1417 686 in
1459 660 1503 686 re
1547 645 1713 699 publica
1744 645 1991 685 conlocavit.

227 714 494 756 Multitudine
533 718 799 766 peccatorum
840 715 1026 763 praestat
1067 722 1203 763 eoque
1235 721 1373 762 poena
1403 708 1561 748 maiore
1593 706 1742 761 dignus
1774 713 1848 748 est.
1908 707 1993 748 Sed

227 791 303 818 nos
342 777 384 816 in
424 777 509 816 vita
549 789 632 815 non
677 787 785 827 quae
827 774 978 827 cuique
1010 777 1183 825 peccato
1215 784 1351 824 poena
1382 771 1458 819 sit,
1497 771 1570 810 sed
1602 775 1806 823 quantum
1838 770 1992 823 cuique

179 840 349 880 loliceat
390 844 577 891 spectare
620 837 843 877 debemus:
891 834 1101 889 quidquid
1142 848 1226 874 non
1258 838 1426 887 oportet
1457 833 1592 873 scelus
1625 846 1740 880 esse,
1783 831 1991 886 quidquid

226 916 311 942 non
342 902 438 941 licet
469 900 584 940 nefas
615 904 762 953 putare
793 898 1009 938 debemus.
1071 898 1261 937 Etiamne
1292 897 1335 936 in
1367 896 1550 936 minimis
1579 897 1735 935 rebus?
1776 895 1925 942 Etiam,
1957 894 1992 934 si

230 965 402 1018 quidem
433 976 570 1003 rerum
601 961 771 1001 modum
802 960 928 1015 figere
966 974 1051 1000 non
1090 973 1336 1012 possumus,
1375 959 1609 998 animorum
1640 958 1810 998 modum
1850 962 1993 997 tenere

227 1039 462 1080 possumus.
532 1023 598 1064 ‘2ss.
640 1024 798 1064 Histrio
831 1025 863 1063 si
894 1022 1065 1076 paulum
1098 1035 1142 1061 se
1174 1022 1303 1062 movit
1333 1027 1452 1061 extra
1482 1033 1700 1061 numerum
1732 1024 1804 1059 aut
1835 1019 1868 1059 si
1900 1033 1993 1059 ver-

228 1103 298 1129 sus
329 1088 626 1142 pronuntiatus
657 1092 721 1127 est
751 1087 909 1141 syllaba
940 1099 1021 1125 una
1052 1085 1218 1125 brevior
1248 1088 1320 1123 aut
1349 1083 1525 1137 longior,
1557 1082 1816 1129 exsibilatur,
1847 1081 1994 1135 explo-

179 1160 214 1188 215
228 1151 363 1191 ditur:
405 1151 448 1190 in
478 1151 563 1190 vita
593 1155 659 1197 tu,
693 1162 798 1202 quae
831 1149 943 1188 omni
975 1154 1093 1200 gestu
1126 1147 1403 1193 moderatior,
1435 1146 1549 1185 omni
1581 1158 1703 1184 versu
1734 1145 1871 1198 aptior
1901 1158 1993 1185 esse

228 1215 372 1262 debet,
412 1214 456 1252 in
496 1212 655 1266 syllaba
695 1218 734 1251 te
777 1225 971 1264 peccasse
1014 1210 1155 1249 dices?
1215 1210 1383 1248 Poetam
1414 1221 1498 1247 non
1529 1206 1656 1247 audio
1687 1207 1730 1246 in
1761 1208 1908 1259 nugis:
1949 1207 1994 1246 in

226 1278 334 1317 vitae
366 1276 563 1316 societate
595 1273 759 1314 audiam
792 1274 925 1313 civem
958 1272 1097 1324 digitis
1130 1276 1301 1324 peccata
1332 1271 1619 1310 dimetientem
1651 1270 1753 1308 sua‘l
1791 1269 1892 1309 Visa
1912 1269 1996 1309 sint

228 1340 441 1386 breviora,
487 1337 646 1377 leviora
685 1337 757 1389 qui
802 1337 1011 1388 possunt?
1064 1348 1156 1374 cum
1198 1332 1408 1387 quidquid
1446 1337 1642 1386 peccatur
1679 1328 1995 1384 perturbatione

228 1407 426 1454 peccetur
456 1401 630 1440 rationis
662 1405 787 1452 atque
821 1397 994 1445 ordinis,
1025 1397 1263 1451 perturbata
1294 1401 1432 1435 autem
1455 1394 1583 1434 semel
1607 1394 1768 1433 ratione
1789 1399 1830 1434 et
1850 1395 1994 1435 ordine

179 1472 215 1500 20
230 1464 334 1504 nibil
365 1464 497 1517 possit
526 1461 645 1508 addi,
679 1474 763 1514 quo
795 1460 926 1513 magis
957 1459 1120 1513 peccari
1153 1472 1276 1512 posse
1309 1458 1512 1498 videatur.

809 1739 1298 1781 PARADOXON
1349 1738 1423 1776 IV.

391 1839 493 1880 ‘'Otc
524 1839 606 1885 πᾶς
637 1835 794 1889 ἄφρων
825 1842 1039 1888 μαίνεται.

401 1906 573 1962 [Omnes
605 1906 755 1946 stultos
787 1901 1000 1955 insanire]

343 1991 374 2029 I.
412 1987 478 2028 ⁶27.
517 1989 604 2041 Ego
635 1999 733 2027 vero
765 1991 804 2026 te
835 1998 919 2024 non
951 1984 1145 2030 stultum,
1177 1987 1222 2022 ut
1253 1994 1398 2035 saepe,
1428 1994 1514 2021 non
1544 1978 1782 2032 inprobum,
1812 1982 1859 2019 ut
1890 1990 1997 2018 sem-

182 2067 326 2108 ἳὸΡθΓ,
368 2052 441 2092 sed
473 2052 707 2091 dementem
738 2049 921 2089 insanire
953 2048 975 2067 ἦ
1000 2047 1023 2067 ³*
1050 2046 1073 2067 a

308 2120 330 2136 γ
350 2114 373 2136 a
393 2114 416 2136 ἐξ
446 2114 572 2154 rebus
603 2112 654 2152 ad
685 2112 838 2152 victum
869 2109 1117 2150 necessariis
1149 2121 1241 2148 esse
1271 2107 1450 2148 invictus
1484 2121 1506 2144 ὅκ-
1527 2123 1549 2143 a
1584 2110 1735 2160 potest,
1785 2104 1996 2158 Sapientis

319 2258 350 2290 3.
377 2258 535 2298 quoniam
559 2257 603 2287 C:
632 2255 764 2295 quando
790 2255 826 2285 Ο.
861 2253 1052 2292 Madvigius
1077 2253 1109 2283 in
1134 2251 1256 2283 litteris
1281 2249 1324 2281 ad
1349 2258 1413 2281 nos
1439 2248 1528 2280 datis
1552 2250 1747 2280 retraetans
1772 2247 1866 2288 quod
1891 2247 1934 2279 de
1959 2247 1993 2279 h.

233 2307 253 2340 l.
280 2309 313 2340 in
339 2308 465 2348 Opusc.
493 2306 592 2338 acad.
619 2306 726 2343 1,481
765 2305 953 2344 scripserat
983 2305 1050 2334 iam
1083 2303 1208 2344 probat
1240 2300 1426 2332 lectionem
1456 2299 1695 2330 Victorianam
1726 2307 1745 2330 a
1777 2296 1878 2329 nobis
1903 2305 1945 2328 ex
1970 2297 1995 2328 C

233 2359 441 2394 restitutam,
468 2356 562 2397 quod
588 2354 736 2386 causalis
762 2353 927 2395 particula
955 2353 1080 2384 deesse
1107 2362 1174 2383 non
1200 2351 1326 2392 possit;
1354 2349 1397 2381 de
1423 2348 1546 2380 ordine
1572 2351 1690 2379 autem
1705 2347 1898 2379 verborum
1915 2354 1997 2378 con-

233 2407 314 2439 ferri
338 2406 434 2438 iubet
457 2415 476 2437 a
501 2415 539 2437 se
570 2405 614 2436 ad
639 2406 710 2436 Cic.
738 2404 780 2435 de
806 2404 888 2434 tinn.
917 2412 948 2443 p.
966 2402 1027 2433 638
1052 2403 1237 2438 adnotata;
1275 2403 1358 2431 item
1384 2400 1454 2431 Cic.
1481 2398 1525 2429 de
1549 2399 1589 2430 N.
1607 2399 1647 2429 D.
1675 2399 1699 2437 l,
1726 2396 1814 2437 553.
1841 2396 1884 2428 de
1910 2397 1994 2437 imp.

234 2458 355 2497 Pomp.
376 2456 393 2496 S
412 2456 463 2487 36.
491 2454 635 2495 Philipp.
662 2455 701 2491 11,
720 2454 740 2494 ᾗ
757 2455 810 2484 55.
840 2470 873 2474 -
901 2452 931 2483 li.
958 2453 1131 2482 coniuncta
1157 2450 1213 2487 Y²3
1241 2451 1430 2482 adiunctasl
1448 2449 1566 2488 patria
1588 2446 1626 2479 B¹
1653 2465 1688 2470 —
1714 2448 1746 2479 5.
1771 2447 1806 2478 in
1825 2447 1999 2486 patris—-

229 2510 412 2546 peccantur
443 2505 470 2535 V
500 2506 532 2536 in
567 2513 678 2544 marg.
705 2502 831 2534 habet.
868 2503 878 2531 l
911 2510 957 2532 m.
985 2503 1021 2531 ut
1045 2500 1183 2531 videtur
1207 2498 1380 2540 suppleta.
1418 2516 1452 2520 —
1496 2498 1526 2529 6.
1552 2497 1600 2528 his
1624 2497 1679 2537 qui
1703 2496 1851 2528 erudiuit
1870 2496 1919 2526 his
1942 2494 1998 2535 qui

234 2558 268 2587 in
291 2557 362 2588 sede
384 2556 445 2586 hae
470 2556 564 2586 domo
589 2555 611 2585 B
651 2571 685 2575 —
725 2553 776 2584 40.
804 2552 963 2591 quidquid
987 2559 1051 2581 non
1076 2552 1201 2589 oportet
1224 2550 1326 2580 scelus
1349 2557 1414 2580 esse
1446 2549 1469 2580 B
1502 2548 1534 2578 in
1560 2547 1716 2587 margine
1746 2547 1765 2578 2
1789 2554 1836 2577 m.
1873 2562 1908 2568 --
1943 2545 1996 2576 ⁴2.

231 2607 331 2646 figere
355 2604 560 2636 Lambinus:
585 2605 710 2644 fingere
734 2602 798 2634 CO
837 2618 871 2623 --
912 2600 963 2631 43.
990 2601 1082 2630 istria
1106 2597 1146 2630 Α1
1178 2616 1212 2620 -
1253 2598 1303 2630 44,
1331 2598 1551 2637 eoesybillatur
1573 2598 1597 2628 B
1626 2614 1660 2619 —
1687 2600 1717 2627 el
1739 2596 1929 2635 exploditur
1952 2595 1996 2632 O;

235 2654 326 2685 cons.
353 2654 540 2686 Diomedes
565 2653 621 2685 ed.
649 2651 731 2684 Keil.
759 2660 792 2692 p.
812 2651 890 2682 383:
926 2651 1004 2681 item
1027 2650 1061 2679 in
1082 2648 1270 2688 paradoxis
1293 2649 1479 2680 Stoicorum
1510 2647 1600 2687 apud
1623 2647 1761 2678 eundem
1784 2645 1999 2677 «exsibilatur

234 2704 456 2743 exploditur».
485 2721 520 2726 —
547 2704 599 2734 45.
625 2704 657 2734 in
683 2699 794 2733 υῖίαὶᾶ
816 2701 889 2738 ΑΒ,
915 2700 949 2730 in
971 2700 1042 2730 uita
1066 2701 1124 2729 tua
1147 2698 1187 2736 V,
1214 2701 1250 2728 tu
1272 2700 1306 2730 in
1329 2699 1399 2729 vita
1423 2697 1544 2730 Lamb.
1573 2713 1608 2719 —
1635 2696 1688 2727 46.
1712 2696 1747 2726 in
1770 2694 1897 2734 syllaba
1918 2693 1995 2725 AV:

234 2755 270 2785 in
293 2753 375 2793 sylla
398 2754 435 2790 Β,
460 2757 496 2784 ut
517 2754 550 2785 in
575 2753 702 2792 syllaba
727 2753 751 2783 O
780 2769 813 2773 —-
842 2751 894 2782 47.
926 2751 1000 2781 Visa
1023 2750 1086 2779 sint
1110 2749 1282 2780 breviora:
1308 2748 1433 2779 leviora
1457 2749 1514 2788 qui
1535 2749 1670 2786 possunt
1693 2744 1848 2784 Madvig:
1875 2744 1902 2774 si
1924 2743 1998 2774 uisa

236 2805 338 2843 (uisae
361 2805 411 2841 Αἵ,
438 2806 474 2834 ut
498 2803 646 2842 videtur)
671 2804 735 2833 sinc
759 2802 914 2833 breuiora
933 2826 938 2832 .
959 2799 1087 2830 leuiora
1110 2798 1288 2829 uideantur
1311 2798 1368 2837 qui
1392 2798 1466 2836 (quo
1483 2797 1522 2836 V)
1544 2796 1668 2835 possint
1689 2795 1797 2826 uideri
1821 2794 1866 2830 C;
1905 2794 1999 2833 Quae

235 2855 261 2885 si
284 2854 357 2885 visa
379 2857 453 2884 sunt
476 2853 640 2889 breviora,
666 2852 791 2883 leviora
815 2851 870 2889 qni
891 2850 1015 2889 poss-inl
1039 2846 1166 2879 rideri?
1191 2847 1215 2877 O
1244 2865 1279 2870 —
1307 2848 1358 2878 48.
1378 2847 1534 2887 quicquid
1553 2847 1707 2886 peccetur
1731 2844 1755 2875 C
1779 2862 1822 2868 —-
1849 2843 1902 2875 20.
1918 2851 1998 2882 pec-

235 2912 312 2934 care
335 2903 358 2933 B
387 2920 421 2925 —
445 2904 598 2934 videatur
622 2911 690 2933 om.
709 2900 747 2933 Α1
776 2919 809 2923 -
838 2900 888 2931 23.
916 2908 1023 2929 omnes
1046 2899 1159 2928 slallos
1181 2897 1255 2928 AV:
1284 2907 1412 2929 omnem
1434 2898 1571 2929 stultum
1594 2897 1637 2933 O;
1663 2903 1835 2927 omnes--
1850 2893 1998 2924 insanire

236 2953 260 2983 B
286 2961 332 2984 m.
358 2953 377 2983 2
403 2953 436 2983 in
462 2962 584 2993 marg,
612 2952 674 2984 sed
699 2951 778 2982 vide
804 2951 878 2981 eius
903 2949 1089 2981 lectionem
1116 2949 1147 2978 in
1174 2947 1248 2978 loco
1275 2950 1431 2988 proxime
1457 2948 1627 2987 sequente
1653 2962 1688 2967 -—
1715 2946 1769 2977 25.
1794 2944 1849 2975 sed
1864 2943 1997 2974 demen-

237 3006 299 3034 tem
314 3008 416 3028 ’ΝΜ
433 3003 527 3033 rebus
552 3004 593 3040 lm
608 3002 703 3033 rebus
721 3002 752 3032 in
771 3004 853 3035 ras.)
878 3000 922 3030 ad
945 3000 1068 3030 uictam
1092 2997 1282 3028 necessariis
1306 3006 1370 3028 esse
1392 2997 1710 3035 inuictusmpotest
1731 2995 1771 3032 A,
1795 2993 1850 3025 sed
1865 2993 1997 3024 demen-

237 3056 299 3084 tem
322 3052 470 3083 insanire
494 3052 586 3083 rebus
609 3052 652 3082 ad
674 3052 798 3082 uictam
821 3049 1013 3081 necessariis
1031 3056 1096 3079 esse
1111 3047 1271 3078 inuictum
1285 3050 1394 3085 putem
1417 3045 1470 3084 V¹,
1496 3046 1551 3077 sed
1566 3045 1743 3075 dementem
1759 3051 1868 3074 omnes
1883 3041 1997 3072 stultos

237 3102 384 3133 insanire
414 3102 539 3140 (omnes
554 3118 602 3123 —-
619 3101 763 3132 insanire
793 3100 982 3140 expuncta)
1015 3098 1110 3129 rebus
1133 3098 1177 3127 ad
1199 3098 1323 3127 uictum
1347 3096 1539 3128 necessariis
1562 3103 1627 3126 esse
1649 3094 1808 3124 inuictum
1838 3090 1997 3131 (inuictus

239 3150 342 3189 corr.)
365 3153 466 3189 potest
497 3150 540 3187 B,
578 3151 631 3180 scd
654 3151 830 3181 dementem
854 3152 882 3179 el
906 3150 1059 3179 insanum
1083 3145 1177 3177 rebus
1199 3146 1354 3177 addicam
1375 3145 1568 3177 necessariis
1595 3153 1643 3175 m.
1669 3150 1795 3174 recens
1825 3142 1859 3172 in
1884 3145 1995 3178 marg.

239 3201 286 3237 V·,
312 3200 365 3231 sed
388 3200 563 3230 dementem
587 3202 615 3229 el
638 3200 792 3230 insanum
808 3199 830 3237 ³2·
847 3197 941 3229 rebus
963 3198 1092 3228 vincam
1116 3196 1305 3227 necessariis
1329 3196 1366 3226 O.
1394 3196 1508 3227 Secuti
1526 3202 1648 3226 sumus
1665 3190 1875 3230 Madvigium
1898 3189 1995 3219 recte

240 3250 463 3281 monentem:
507 3247 746 3279 «Manifestum
777 3249 829 3279 est
860 3255 1024 3286 magnam
1056 3254 1134 3277 esse
1165 3244 1325 3276 lacunam
1356 3247 1391 3276 et
1420 3253 1510 3284 quae
1541 3245 1737 3283 sequuntur
1761 3239 1995 3279 fragmentum

241 3307 319 3331 csse
345 3297 429 3330 alius
453 3296 638 3338 paradoxi,
665 3306 771 3338 quam
796 3297 894 3329 cuius
919 3295 1037 3328 titulus
1059 3294 1311 3337 praescribitur
1336 3296 1370 3326 et
1392 3294 1505 3335 prima
1528 3292 1672 3324 verba.»
1718 3292 1792 3323 lam
1814 3286 1994 3329 Scioppius
