2249 3624
219 192 300 236 828
882 193 952 234 DE
982 193 1051 234 RE
1082 193 1308 235 PUBLICA

330 302 482 342 XXVI.
521 299 588 342 38.
619 299 665 342 Si
694 301 847 350 scieris,
879 302 1009 354 inquit
1037 301 1269 350 Carneades,
1300 301 1476 354 aspidem
1505 302 1651 342 occulte
1680 303 1801 343 latere
1829 303 1986 356 uspiam

217 371 251 406 et
279 365 372 405 velle
402 365 573 418 aliquem
602 364 888 417 imprudentem
917 376 1035 416 super
1064 378 1149 404 eam
1179 364 1367 411 adsidere,
1400 365 1514 404 cuius
1532 377 1643 404 mors
1662 365 1732 405 tibi
1751 365 1987 406 emolumen-

217 434 299 468 tum
314 429 457 480 futura
476 429 548 475 sit,
573 427 746 479 improbe
762 427 921 479 feceris,
943 427 1024 466 nisi
1045 427 1247 466 monueris
1265 440 1312 466 ne
1333 426 1512 476 ausiciae,
1544 427 1608 466 secl
1627 428 1817 480 impunite
1836 432 1986 474 tamen,-

216 492 334 530 scisse
363 491 466 530 enim
496 496 530 530 te
560 491 648 542 quis
677 502 890 541 coarquere
917 491 1073 541 possit?
1103 490 1178 529 Sed
1196 490 1317 529 nimis
1337 490 1478 529 multa.
1511 490 1769 542 Perspicuum
1790 496 1845 530 est
1865 491 1983 538 enim,

185 554 296 595 5nisi
325 555 515 606 aequitas,
543 553 649 605 fides,
681 553 839 592 iustitia
862 553 1172 604 proficiscantur
1202 567 1227 592 a
1256 559 1417 598 natura,
1449 558 1483 592 et
1512 553 1549 592 si
1569 554 1703 593 omnia
1724 554 1818 593 haec
1837 553 1889 593 ad
1908 553 1988 592 uti-

216 617 365 656 litatem
395 618 644 668 refcrantur,
686 617 820 656 virum
849 616 990 655 bonum
1028 629 1106 656 non
1132 628 1245 668 posse
1274 616 1466 668 reperiri,
1506 616 1624 669 deque
1653 617 1716 655 his
1745 616 1859 656 rebus
1888 616 1989 655 satis

216 679 341 718 multa
370 679 414 718 in
442 679 591 718 nostris
620 679 665 718 de
695 691 737 718 re
760 678 922 730 publica
952 678 1066 718 libris
1095 685 1186 718 sunt
1214 678 1321 718 dicta
1349 692 1375 718 a
1405 678 1554 718 Laelio·
1616 677 1818 731 (Cicero
1847 679 1892 719 de
1917 679 1986 732 fin.

216 743 304 782 bon.
338 747 372 782 et
401 743 493 782 mal.
526 742 585 789 ΙΙ,
619 739 691 789 48,
723 740 751 794 §
774 739 853 794 59.)

328 805 386 845 Et
415 806 470 850 si,
502 810 545 844 ut
574 817 645 844 nos
674 818 700 843 a
729 810 763 844 te
792 804 1067 852 admonemur,
1112 809 1213 843 recte
1242 804 1286 843 in
1316 804 1397 844 illis
1427 804 1541 844 libris
1570 803 1750 845 discimus
1778 805 1882 845 nihil
1910 818 1990 846 esse

169 879 203 909 10
217 869 358 909 bonum
387 868 468 907 nisi
497 868 598 923 quod
627 868 842 914 honestum,
873 868 975 907 nihil
1004 867 1153 907 malum
1182 868 1264 908 nisi
1292 867 1394 920 quod
1423 873 1536 920 turpe
1564 868 1617 907 sit
1647 897 1657 908 .
1691 897 1700 907 .
1732 902 1742 912 .
1789 865 1988 921 (Cicero

217 932 269 973 ad
297 931 377 972 Aa.
409 932 465 978 X,
497 928 542 978 4,
575 928 627 983 4.)

331 993 502 1033 XXVII.
534 992 600 1033 39.
632 993 778 1033 Filiola
807 998 877 1033 tua
907 999 940 1033 te
969 994 1156 1033 delectari
1186 994 1311 1033 laetor
1341 999 1375 1033 et
1400 993 1569 1046 probari
1599 994 1669 1034 tibi
1690 993 1878 1046 φυσικὴν
1911 1008 1990 1036 esse

218 1057 291 1109 τήν
323 1056 428 1111 πρὸς
460 1056 513 1097 τά
547 1065 682 1098 τέκνα.
745 1057 922 1101 Etenim,
955 1058 990 1096 si
1020 1058 1114 1096 haec
1142 1069 1222 1096 non
1251 1063 1323 1102 est,
1355 1057 1467 1096 nulla
1490 1063 1621 1109 potest
1649 1058 1800 1097 homini
1830 1071 1909 1097 esse
1939 1058 1991 1097 ad

217 1122 411 1161 hominem
438 1127 608 1160 naturae
638 1121 852 1170 adiunctio,
874 1134 951 1172 qua
973 1121 1125 1159 sublata
1144 1121 1247 1159 vitae
1267 1120 1435 1159 societas
1455 1120 1620 1159 toll-itur.
1665 1121 1792 1160 «Bene
1811 1120 1986 1160 eveniat»

169 1194 204 1223 45
217 1185 345 1237 inquit
367 1184 611 1223 Carneades:
642 1196 796 1235 spurce,
830 1184 894 1222 sed
925 1190 1054 1223 tamen
1072 1184 1282 1235 pudentius
1302 1195 1418 1235 quam
1442 1183 1591 1222 Lucius
1609 1189 1743 1222 noster
1762 1188 1797 1222 et
1815 1184 1988 1224 Patron:

217 1248 285 1301 qui
315 1260 403 1286 cum
432 1248 566 1285 omnia
596 1246 648 1285 acl
668 1259 706 1285 se
726 1247 914 1298 referant,
938 1259 1154 1298 numquam
1174 1248 1385 1299 quicquam
1406 1246 1572 1284 alterius
1593 1259 1715 1285 causa
1733 1247 1823 1297 fieri
1835 1252 1988 1298 putent,

218 1317 253 1351 et
282 1323 370 1349 cum
401 1323 445 1349 ea
475 1322 516 1348 re
547 1309 689 1348 bonum
718 1305 849 1348 cirum
881 1316 1060 1361 oportere
1090 1323 1168 1349 esse
1197 1309 1344 1354 dicant,
1378 1321 1425 1347 ne
1454 1309 1603 1347 malum
1633 1309 1782 1354 habeat,
1813 1308 1892 1348 ndn
1914 1322 1988 1361 quo

216 1375 258 1414 id
285 1380 433 1413 natura
463 1379 612 1413 rectum
641 1373 708 1421 sit,
742 1385 819 1411 vnon
850 1374 1074 1424 intelleqant
1107 1386 1144 1412 se
1174 1373 1218 1412 cle
1249 1372 1391 1411 callido
1412 1372 1567 1410 homine
1589 1372 1707 1423 loqui,
1728 1384 1807 1410 non
1825 1371 1870 1411 de
1890 1372 1989 1411 bono

215 1439 319 1477 viro.
381 1437 455 1476 Sed
483 1437 600 1483 haec,
635 1436 788 1487 opinor,
825 1442 913 1474 sunt
944 1437 986 1474 in
1016 1437 1068 1475 iis
1098 1436 1234 1483 libris,
1276 1448 1372 1488 quos
1403 1441 1445 1474 tu
1475 1434 1672 1474 laudando
1703 1435 1859 1475 animos
1890 1435 1990 1475 mihi

163 1501 419 1542 eoaddidisti.
485 1497 679 1552 (Cicero
711 1499 762 1537 ad
783 1498 864 1538 Aa.
898 1499 994 1546 VII,
1026 1496 1071 1546 ⁶2,
1104 1497 1131 1551 §
1155 1496 1207 1550 4.)

331 1565 464 1605 Cicero
495 1563 540 1602 de
570 1575 612 1602 re
639 1563 820 1614 publiea:
869 1563 912 1602 in
945 1562 1098 1615 quibus
1131 1560 1345 1600 adsentior
1381 1558 1604 1599 sollicitam
1636 1564 1677 1600 et
1707 1560 1988 1614 periculosam

217 1628 417 1668 iustitiam
452 1639 537 1665 non
569 1638 659 1664 esse
692 1625 905 1678 sapientis.
967 1624 1280 1677 (Priscianus
1314 1624 1428 1670 VIII,
1462 1622 1506 1669 6,
1538 1621 1565 1674 §
1588 1620 1641 1661 32>
1673 1637 1713 1676 p.
1733 1620 1806 1661 801
1846 1623 1903 1676 P.)

331 1690 521 1728 XXVIII.
561 1685 625 1726 40.
658 1687 773 1739 Apud
795 1688 1018 1727 Ciceronem
1048 1687 1149 1726 idem
1178 1687 1241 1726 ille
1271 1687 1447 1726 iustitiae
1471 1686 1650 1737 defensor
1670 1686 1842 1732 Laelius,
1877 1687 1986 1736 Vult,

217 1752 357 1806 inquit,
389 1752 512 1805 plane
544 1752 674 1791 virtus
705 1751 924 1797 honorem,
956 1764 1032 1790 nec
1064 1755 1126 1790 est
1156 1750 1319 1789 virtutis
1350 1749 1435 1788 ulla
1457 1749 1539 1788 alia
1560 1762 1732 1788 merces.
1777 1750 1855 1788 Est
1873 1750 1989 1801 plane

168 1821 204 1850 ‘25
218 1822 253 1856 et
282 1816 437 1868 quidem
465 1815 609 1853 rirtutc
640 1814 897 1865 (liqnissima,
931 1826 1047 1865 quam
1079 1819 1142 1859 tu,
1174 1812 1304 1857 Laeli,
1336 1824 1548 1863 numquam
1574 1817 1737 1862 poteras
1767 1813 1987 1863 suspicari;

217 1878 320 1918 nihil
349 1879 451 1917 enim
480 1879 709 1917 dirinarum
738 1891 904 1917 noe-eras
926 1878 1163 1916 litterarum.
1211 1876 1347 1923 Quam
1380 1880 1517 1914 tamen
1549 1874 1632 1921 ilia,
1664 1875 1804 1926 inquit,
1837 1875 1990 1929 accipit

218 1941 353 1988 facile,
385 1941 515 1994 exigit
544 1954 627 1980 non
659 1941 822 1980 acerbe.
881 1941 1017 1979 Erras
1045 1939 1296 1984 vehementer,
1318 1938 1353 1976 si
1369 1944 1501 1989 putas,
1525 1937 1571 1976 ab
1592 1938 1746 1976 homine
1764 1939 1989 1989 praemium

219 2004 319 2043 solvi
343 2017 456 2055 posse
486 2005 638 2049 rirtuti,
669 2017 756 2042 cum-
786 2004 868 2055 ipsc
897 2004 977 2042 alio
1007 2003 1089 2041 Ioco
1119 2002 1321 2041 verissime
1341 2002 1520 2040 dixeris:
1551 2000 1658 2039 Huic
1688 2005 1731 2039 tu
1762 2000 1851 2040 viro
1883 2013 1988 2054 quas

222 2066 389 2106 divitias
422 2063 610 2105 obicies?
643 2079 749 2119 quae
781 2065 981 2117 imperia?
1015 2079 1123 2118 quae
1156 2067 1312 2117 regna?
1345 2064 1417 2117 qui
1446 2064 1525 2103 ista
1547 2068 1666 2116 putat
1685 2063 1890 2110 humana,
1913 2077 1990 2103 sua

149 2128 206 2165 '30
220 2129 332 2168 bona
364 2128 504 2168 divina
533 2128 703 2168 iudicat.
775 2128 875 2176 Quis
904 2141 996 2180 erqo
1027 2135 1061 2167 te
1091 2128 1324 2179 sapientem,
1356 2127 1488 2171 Laeli,
1520 2132 1650 2178 putet,
1692 2139 1779 2165 cum
1808 2126 1890 2177 ipse
1921 2126 1991 2165 tibi

219 2193 380 2244 loquare
419 2192 626 2230 contraria
667 2195 702 2229 ct
732 2191 854 2242 paulo
885 2198 976 2242 post
1006 2191 1146 2229 virtuti
1175 2191 1329 2229 adimas
1359 2203 1457 2242 quae
1488 2189 1656 2228 dedisti?
1714 2188 1788 2228 Sed
1816 2189 1992 2228 videlicet

219 2255 450 2305 iqnorantia
477 2255 562 2293 ‘ceri
587 2255 687 2305 facit
708 2254 899 2292 incertam
920 2254 1186 2305 labantemque
1206 2254 1452 2292 sententiam.
1495 2252 1642 2291 Deinde
1664 2252 1759 2304 quid
1778 2251 1992 2304 adiunqis?

220 2317 301 2357 Sed
342 2318 376 2357 si
415 2323 486 2357 aut
527 2318 677 2369 ingrati
716 2317 902 2356 universi
944 2321 1013 2356 aut
1053 2315 1185 2356 invidi
1226 2315 1346 2355 multi
1387 2319 1459 2354 aut
1490 2313 1647 2354 inimici
1678 2319 1871 2368 potentes
1903 2314 1989 2354 suis

220 2380 413 2419 virtutem
447 2378 641 2431 praemiis
675 2379 875 2431 spoliant,
909 2401 963 2407 —
1016 2380 1049 2419 O
1080 2392 1197 2431 quam
1224 2379 1430 2430 fraqilem,
1472 2391 1590 2430 quam
1619 2378 1777 2416 inanem
1805 2377 1991 2417 virtutem

169 2447 205 2476 35
219 2443 432 2489 induoeisti,
467 2443 503 2481 si
533 2442 701 2494 spoliari
728 2443 908 2493 praemio
939 2455 1009 2481 suo
1035 2448 1172 2494 potest.
1224 2442 1333 2491 Quae
1363 2442 1398 2480 si
1428 2441 1528 2480 bona
1559 2454 1632 2480 sua
1661 2440 1798 2479 divina
1826 2440 1988 2486 iudicat,

218 2511 261 2543 ut
290 2505 442 2549 aiebas,
482 2505 550 2556 qui
572 2510 739 2556 possunt
769 2505 937 2543 existere
970 2511 1051 2543 tam
1081 2505 1253 2556 infiati,
1295 2510 1376 2543 tam
1406 2504 1553 2549 invidi,
1584 2510 1665 2542 tam
1688 2508 1887 2554 potentes,
1921 2503 1990 2554 qui

217 2568 403 2606 virtutem
444 2568 616 2619 spoliare
655 2568 811 2606 raleant
850 2568 902 2605 iis
940 2567 1071 2612 bonis,
1112 2580 1210 2619 quae
1235 2567 1386 2618 fuerint
1417 2566 1460 2604 in
1490 2579 1575 2605 cam
1605 2565 1749 2603 collata
1776 2565 1991 2605 divinitus!

219 2652 272 2658 -—
304 2642 355 2668 ne
386 2629 458 2669 illa
490 2644 556 2677 se,
596 2631 744 2682 inquit,
776 2629 916 2669 multis
949 2630 1115 2669 solaciis
1147 2627 1325 2669 oblectat
1356 2629 1622 2682 maximeque
1654 2640 1730 2667 suo
1763 2628 1914 2668 decore
1944 2641 1989 2668 se

220 2692 309 2745 ipsa
341 2697 557 2732 sustentat.
619 2692 942 2745 (Lactantius
980 2693 1077 2731 Inst.
1108 2692 1187 2731 dic.
1222 2692 1270 2739 V,
1304 2688 1383 2743 18.)

170 2758 207 2789 40
332 2754 407 2793 Sed
437 2755 610 2794 videlicet
639 2755 815 2793 homines
845 2755 948 2792 docti
978 2761 1093 2805 atque
1114 2754 1306 2805 sapientes
1326 2759 1464 2793 contra
1485 2753 1565 2792 cim
1586 2757 1718 2792 tantae
1737 2753 1992 2793 auctoritatis

224 2847 233 2856 .
255 2846 266 2856 .
286 2822 397 2855 acute
427 2817 502 2855 sibi
525 2817 800 2869 arqumentari
819 2816 1002 2855 videntur
1021 2817 1208 2856 adversus
1228 2829 1441 2868 corporum
1462 2816 1789 2855 resurrectionem
1811 2821 1845 2855 et
1865 2816 1993 2856 dicere

308 2989 340 3020 2.
366 2989 579 3021 emolumento
603 2990 738 3031 Madvig
765 3007 798 3012 -
828 2990 858 3021 3.
877 2990 1013 3030 factura
1036 2989 1076 3019 sit
1099 2990 1124 3021 Ο
1152 3006 1186 3011 -
1216 2989 1358 3020 assideat
1382 2988 1406 3019 Ο
1432 3006 1473 3011 -
1497 2989 1629 3028 impune
1653 2989 1677 3019 Ο
1701 3005 1745 3012 -
1768 2989 1819 3020 45.
1843 2990 1993 3029 pruden-

221 3040 286 3072 tius
310 3039 387 3070 cod.
404 3040 475 3070 etO
504 3057 537 3061 —
565 3041 662 3071 Patro
680 3041 704 3071 O
732 3058 766 3061 —
795 3040 846 3071 46.
866 3048 1048 3078 numquam
1065 3037 1167 3070 Orelli
1192 3039 1225 3069 in
1251 3037 1332 3069 edit.
1354 3039 1379 3069 11
1398 3038 1514 3079 epist.:
1540 3047 1597 3070 nec
1622 3038 1647 3069 Ο
1674 3055 1709 3060 -
1737 3038 1788 3069 48.
1808 3039 1995 3080 intelliqunt

221 3091 246 3122 Ο
275 3107 309 3112 -
335 3089 389 3120 29.
416 3098 478 3120 sua
502 3089 587 3119 bona
610 3090 724 3121 divina
746 3090 882 3128 iudicat]
910 3089 1107 3120 Lactantius
1132 3087 1215 3118 ibid.
1243 3097 1320 3129 cap.
1341 3089 1400 3119 22:
1441 3090 1549 3119 Iustus
1570 3097 1647 3119 vero
1672 3097 1711 3119 ae
1735 3090 1881 3128 sapiens,
1913 3090 1994 3130 quia

219 3140 279 3172 illa
303 3140 414 3170 omnia
436 3138 594 3173 humana,
621 3142 655 3169 ut
679 3142 723 3170 est
747 3148 768 3170 a
791 3139 901 3170 Laelio
927 3139 1060 3173 (lictilm,
1086 3147 1147 3168 sua
1171 3138 1255 3168 bona
1279 3139 1392 3169 divina
1415 3139 1541 3169 iudicat
1564 3147 1621 3169 nec
1645 3138 1789 3169 alienum
1814 3140 1993 3179 quicquam

221 3189 431 3228 concupiscit,
456 3197 495 3218 ne
519 3197 613 3226 quem
636 3192 752 3219 contra
775 3190 827 3219 ius
848 3188 1065 3220 humanitatis
1089 3188 1198 3219 laedat
1223 3190 1367 3227 omnino,
1392 3197 1450 3220 nec
1473 3189 1576 3220 ullam
1598 3189 1778 3228 potentiam
1799 3189 1992 3220 honoremve

221 3239 395 3276 desiderat,
421 3246 459 3268 ne
482 3238 534 3267 cui
556 3238 660 3276 saciat
684 3239 861 3271 iniuriam:
886 3239 945 3269 scit
968 3239 1054 3270 enim
1077 3241 1209 3269 cunctos
1232 3238 1273 3268 ab
1298 3239 1408 3270 eodem
1432 3239 1490 3270 deo
1514 3242 1543 3270 et
1566 3239 1679 3270 eadem
1695 3239 1883 3270 condicione
1897 3247 1992 3279 yene-

222 3292 313 3318 ratos
335 3288 407 3318 iure
428 3287 649 3326 fraternitatis
671 3296 735 3318 esse
760 3288 948 3319 coniunctos
972 3290 1039 3319 etc.
1070 3306 1104 3310 -
1132 3287 1184 3318 39.
1211 3287 1375 3328 Sequitur
1399 3288 1433 3320 in
1459 3289 1483 3320 O
1507 3287 1646 3329 fragm„
1674 3288 1769 3330 quod
1793 3288 1862 3320 iam
1884 3296 1990 3329 supra

224 3338 252 3369 11
275 3338 295 3378 ὃ
313 3337 353 3369 68
378 3336 557 3369 dedimus:
583 3336 736 3369 Hercules
760 3338 815 3377 qui
838 3355 856 3360 -
872 3357 891 3362 -
915 3338 1000 3369 inter
1023 3338 1096 3369 deos
1118 3336 1266 3370 habetur.
