2249 3624
854 236 1094 281 TIMAEUS.
1773 234 1880 277 4007

119 343 263 383 fratres
304 343 410 382 inter
441 353 486 381 se
527 348 780 393 agnatosque
808 342 997 393 usurpari
1027 347 1152 393 atque
1180 340 1377 392 appellari
1406 340 1614 385 videmus,
1656 345 1696 379 et
1724 353 1878 389 eorum,

117 412 162 446 ut
179 412 341 446 utamur
359 411 500 445 vetere
521 405 671 454 verbo,
702 406 948 457 prosapiam.
1005 403 1176 452 Quando
1206 405 1328 454 igitur
1355 416 1518 453 omnes,
1548 410 1588 442 et
1617 404 1684 455 qui
1709 415 1880 442 moven-

119 474 184 508 tur
211 468 430 521 palamque
459 480 503 506 se
533 467 755 506 ostendunt
784 474 824 506 et
851 469 919 518 qui
950 473 1121 506 eatenus
1150 466 1268 505 nobis
1297 465 1577 515 declarantur,
1608 478 1687 517 qua
1708 467 1784 517 ipsi
1806 478 1880 504 vo—

117 531 223 575 lunt.
268 531 393 570 creati
435 535 552 579 sunt,
595 536 678 568 tum
714 529 765 569 ad
800 542 870 567 eos
899 530 932 567 is
961 529 1091 578 deus,
1122 530 1190 580 qui
1220 530 1352 568 omnia
1380 530 1537 578 genuit,
1583 530 1705 568 satur:
1752 529 1880 567 «Ilaec

117 606 211 643 vos,
248 593 317 644 qui
353 591 524 632 deorum
565 598 655 631 satu
684 593 757 630 orti
789 593 909 640 estis,
955 592 1176 630 attendite:
1225 604 1397 643 quorum
1427 604 1596 643 operum
1627 604 1701 642 ego
1732 601 1912 642 parens5

118 656 367 706 effectorque
403 666 515 704 sum,
557 654 658 693 haec
687 659 782 692 sunt
809 653 1051 692 indissoluta
1079 666 1144 692 nic
1172 655 1321 692 invito:
1355 666 1602 704 quamquam
1631 665 1750 693 omne
1781 665 1881 691 con-

118 718 284 770 ligatum
319 716 420 756 solvi
457 722 615 767 potest,
654 715 729 754 sed
768 715 876 754 haud
906 728 1113 767 quaquam
1154 716 1246 754 boni
1285 722 1347 754 est
1380 716 1535 755 ratione
1563 716 1742 755 vinctum
1777 714 1882 754 velle

119 780 360 820 dissolvere.
417 778 499 818 Sed
528 780 720 830 quoniam
750 779 849 818 estis
878 779 982 827 orti,
1011 778 1247 817 inmortales
1278 791 1349 817 vos
1378 778 1545 829 quidem
1574 791 1667 818 esse
1697 784 1737 817 et
1752 777 1882 816 indis-

120 842 315 883 solubiles
353 854 435 882 non
474 843 669 893 potestis,
715 842 953 892 neutiquam
993 847 1129 880 tamen
1168 841 1472 891 dissolvemini,
1514 854 1649 893 neque
1691 854 1763 881 vos
1802 840 1882 880 ulla

119 905 260 945 mortis
301 905 380 944 fata
419 905 623 956 periment
666 915 742 942 nec
784 904 893 943 fraus
934 902 1134 942 valentior
1175 916 1296 955 quam
1337 903 1551 942 consilium
1588 917 1744 953 meum,
1773 902 1882 955 quod
1900 915 1933 944 ιο

120 969 251 1008 maius
291 973 354 1007 est
393 967 600 1006 vinculum
642 966 694 1006 ad
732 967 1048 1018 perpetuitatem
1089 973 1268 1006 vestram
1311 979 1434 1018 quam
1470 967 1562 1016 illa,
1605 966 1755 1018 quibus
1784 967 1883 1004 estis

122 1037 230 1081 tum,
267 1043 360 1070 cum
396 1030 692 1082 gignebamini,
732 1029 933 1080 conligati.
990 1029 1097 1076 Quid
1130 1031 1302 1069 sentiam
1329 1031 1470 1081 igitur,
1507 1030 1753 1080 cognoscite.
1792 1029 1883 1067 Tria

123 1106 273 1145 genera
302 1093 422 1133 nobis
450 1093 608 1145 reliqua
636 1099 731 1132 sunt
759 1104 890 1144 eaque
919 1092 1123 1142 mortalia,
1167 1093 1319 1144 quibus
1345 1093 1649 1144 praetermissis
1678 1091 1778 1132 caeli
1806 1090 1884 1130 ab-

124 1156 269 1196 solutio
311 1157 491 1208 perfecta
532 1168 612 1195 non
647 1158 734 1195 erit.
792 1156 937 1195 Omnia
980 1156 1088 1194 enim
1117 1167 1268 1206 genera
1296 1155 1532 1195 animalium
1560 1155 1776 1206 complexu
1804 1165 1885 1192 non

123 1219 302 1259 tenebit:
333 1224 470 1258 teneat
495 1223 631 1258 autem
660 1218 888 1270 oportebit,
919 1223 963 1257 ut
990 1230 1041 1257 ex
1069 1217 1215 1257 eodem
1243 1230 1294 1257 ne
1324 1217 1423 1269 quid
1452 1217 1571 1257 absit.
1629 1218 1742 1263 Quae
1771 1229 1792 1255 a
1820 1227 1936 1256 me⁴⁵

122 1282 211 1333 ipso
251 1282 394 1321 eflecta
433 1285 465 1319 si
505 1282 608 1330 sint,
654 1280 824 1320 deorum
859 1281 980 1320 vitam
1022 1282 1180 1332 possint
1217 1280 1472 1332 adaequare:
1516 1286 1559 1319 ut
1584 1281 1704 1330 igitur
1730 1277 1887 1318 mortali

123 1343 357 1383 conditione
398 1349 671 1394 generentur,
709 1355 782 1382 vos
816 1344 1036 1394 suscipite,
1072 1350 1116 1382 ut
1156 1343 1222 1383 illa
1257 1344 1453 1395 gignatis,
1483 1342 1777 1392 imitaminique
1805 1342 1887 1379 vim

122 1418 279 1455 meam,
309 1418 389 1457 qua
417 1418 482 1444 me
510 1406 551 1444 in
580 1411 717 1444 vestro
746 1411 837 1444 ortu
865 1418 984 1444 usum
1012 1417 1106 1444 esse
1134 1406 1389 1444 meministis.
1444 1405 1488 1443 In
1516 1404 1667 1455 quibus
1695 1404 1763 1455 qui
1785 1402 1887 1442 tales

124 1467 396 1518 creabuntur,
439 1475 482 1507 ut
525 1467 696 1508 deorum
740 1468 1014 1508 inmortalium
1054 1469 1171 1520 quasi
1199 1468 1374 1519 gentiles
1404 1480 1497 1507 esse
1526 1467 1728 1516 debeant,
1762 1466 1887 1505 divini

125 1532 288 1582 generis
315 1530 578 1583 appellentur
605 1537 855 1583 teneantque
884 1533 1064 1571 omnium
1092 1532 1355 1571 animantium
1384 1531 1655 1583 principatum
1687 1528 1887 1580 vobisque
1901 1542 1937 1571 20

125 1594 212 1632 iure
254 1599 295 1632 et
320 1593 410 1645 lege
438 1593 624 1632 volentes
651 1600 847 1644 pareant:
887 1606 1059 1644 quorum
1087 1593 1206 1633 vobis
1234 1595 1391 1632 initium
1421 1599 1617 1644 satusque
1646 1591 1831 1631 tradetur
1866 1602 1888 1628 a

126 1669 212 1707 me,
256 1669 330 1696 vos
371 1662 506 1695 autem
548 1656 599 1695 ad
629 1656 693 1706 id,
733 1656 844 1708 quod
873 1658 947 1695 erit
974 1656 1208 1705 inmortale,
1239 1663 1397 1708 partem
1425 1656 1633 1695 attexitote
1662 1652 1886 1692 mortalem.

125 1719 183 1758 Ita
210 1720 392 1758 orientur
421 1720 671 1769 animanteS,
702 1731 806 1771 quos
835 1725 875 1758 et
901 1721 1014 1758 vivos
1042 1720 1158 1759 alatis
1187 1726 1227 1758 et
1253 1725 1519 1771 consumptos
1535 1719 1626 1757 sinu
1645 1716 1888 1768 recipiatis.»

227 1783 315 1820 XII.
357 1782 465 1820 Haec
502 1780 568 1820 ille
610 1780 723 1820 dixit.
780 1781 936 1820 Deinde
976 1781 1026 1821 ad
1056 1783 1394 1834 temperationem
1423 1782 1679 1832 superiorem
1707 1779 1888 1827 revertit,

128 1844 168 1881 in
197 1854 277 1894 qua
306 1855 468 1882 omnem
497 1845 677 1882 animum
708 1845 925 1883 universae
953 1850 1124 1883 naturae
1154 1850 1388 1895 temperans
1402 1842 1680 1894 permiscebat
1699 1841 1889 1893 superio-
1903 1855 1939 1883 25

126 1905 266 1957 risque
304 1906 586 1957 permixtionis
615 1905 809 1957 reliquias
840 1906 1014 1945 fundens
1043 1906 1269 1957 aequabat,
1301 1906 1446 1945 eodem
1475 1904 1593 1944 modo
1621 1905 1770 1954 ferme,
1812 1903 1888 1941 nisi

127 1968 238 2019 quod
265 1981 346 2008 non
374 1969 428 2007 ita
458 1969 718 2021 incorrupta,
748 1975 792 2008 ut
824 1982 895 2018 ea,
926 1981 1031 2020 quae
1061 1982 1226 2021 semper
1253 1970 1385 2018 idem,
1415 1967 1490 2007 sed
1517 1968 1568 2007 ab
1592 1969 1641 2006 iis
1662 1965 1890 2006 secundum

126 2030 316 2071 sumebat
343 2036 467 2084 atque
497 2032 620 2071 etiam
649 2032 824 2071 tertium.
882 2033 980 2071 Toto
1007 2033 1129 2083 igitur
1156 2033 1262 2071 omni
1284 2032 1501 2071 constituto
1522 2030 1729 2070 sideribus
1748 2040 1890 2081 parem

214 2227 244 2259 4.
270 2228 430 2268 usurpari
453 2231 552 2268 atque
575 2228 738 2269 appellari
761 2229 951 2261 Manutius:
979 2238 1144 2269 usurpare
1168 2233 1266 2269 atque
1289 2228 1458 2269 appellare
1483 2227 1578 2259 CEG
1602 2226 1762 2268 (apellare
1785 2225 1827 2266 A)
1854 2241 1888 2246 —

126 2277 158 2308 2.
194 2280 301 2308 vetere
335 2286 415 2309 nos:
452 2279 556 2310 ueteri
590 2279 720 2310 CEGO
757 2296 792 2300 -
831 2279 861 2311 3.
898 2288 930 2311 se
964 2281 1135 2311 ostendunt
1164 2280 1276 2311 CEG:
1305 2279 1521 2310 ostenduntur
1545 2278 1570 2309 O
1608 2295 1643 2300 —
1681 2276 1895 2308 declarantur

127 2323 262 2358 A²B²Ez
294 2327 470 2359 clar-antur
493 2325 628 2366 A¹B¹V,
654 2329 804 2360 celantur
827 2331 851 2361 G
879 2347 914 2352 —
942 2339 1010 2369 qua
1033 2328 1211 2361 A¹B¹GV1
1239 2337 1303 2367 quo
1338 2328 1459 2360 A2B2E
1494 2345 1528 2349 —
1567 2326 1597 2358 4.
1635 2330 1704 2358 lum
1737 2326 1781 2356 C:
1819 2333 1894 2356 cum

126 2376 166 2415 E,
202 2380 311 2408 tamen
346 2378 389 2415 G,
425 2376 493 2409 del.
532 2377 732 2410 Lambinus.
772 2396 807 2401 —
846 2379 883 2420 is]
919 2380 967 2410 his
1004 2380 1031 2411 A
1058 2397 1092 2401 —
1129 2380 1254 2419 falelur
1278 2378 1339 2409 GV
1366 2395 1400 2400 -
1426 2378 1505 2409 haec
1529 2385 1620 2408 corr.
1648 2385 1689 2407 ex
1713 2375 1773 2406 hae
1796 2376 1822 2407 A
1856 2392 1891 2398 -

127 2426 159 2458 ὅ.
184 2435 254 2462 vos,
281 2427 336 2466 qui
351 2427 486 2458 deorum
502 2444 519 2449 -
535 2444 553 2449 -
569 2436 644 2459 cum
657 2428 897 2468 gignebamini,
922 2429 1067 2469 colliqali
1084 2428 1183 2459 affert
1200 2428 1410 2468 Augustinus
1425 2427 1468 2459 de
1484 2428 1575 2459 civit.
1596 2426 1651 2458 dei
1668 2425 1754 2463 XIII,
1775 2424 1826 2456 46.
1855 2441 1890 2446 -

128 2476 292 2508 adtendite
321 2477 347 2507 A
385 2494 417 2498 —
458 2476 488 2508 6.
513 2485 585 2508 sum
607 2477 686 2508 haec
710 2478 803 2509 CEG
829 2480 863 2509 et
886 2479 1113 2519 Augustinus:
1139 2487 1223 2516 sum,
1249 2486 1334 2517 quae
1362 2486 1423 2517 per
1455 2486 1505 2508 me
1537 2477 1640 2515 facta,
1676 2475 1757 2506 haec
1796 2474 1820 2505 O
1855 2490 1891 2496 —

127 2526 324 2558 indissoluta
348 2526 461 2557 CEG:
488 2526 726 2559 indissolubilia
752 2529 843 2566 (cum
868 2530 1069 2568 Augustino)
1095 2529 1119 2559 O
1138 2529 1330 2568 (indesoluta
1354 2527 1401 2566 13¹)
1431 2546 1464 2550 —
1491 2528 1521 2558 7.
1547 2527 1627 2558 haul
1651 2527 1677 2557 G
1706 2542 1738 2546 —
1766 2525 1798 2557 8.
1823 2525 1898 2556 estis

127 2576 192 2607 orti
227 2576 288 2608 CG
324 2577 358 2607 et
393 2576 624 2616 Augustinus:
662 2580 707 2609 esc
741 2579 806 2609 orti
843 2578 885 2615 E,
922 2579 987 2609 orti
1021 2578 1094 2609 estis
1127 2579 1152 2609 Ο
1191 2596 1224 2600 -
1262 2578 1448 2609 inmortalis
1484 2576 1558 2608 B¹V
1600 2594 1636 2599 —
1675 2575 1897 2607 indisolubiles

132 2627 172 2666 A,
197 2626 423 2658 indesolubiles
446 2635 536 2660 corr.
563 2628 595 2658 in
620 2628 854 2660 indissolubiles
877 2628 905 2657 V
932 2645 964 2649 —
993 2627 1024 2659 9.
1049 2628 1240 2667 neutiquam
1264 2628 1311 2659 C:
1339 2635 1377 2658 ne
1398 2634 1559 2666 umquam
1582 2626 1661 2664 EG,
1686 2634 1896 2666 nequaquam

129 2678 355 2718 Augustinus.
382 2676 433 2709 Cf.
461 2676 582 2707 Handii
608 2676 752 2710 Turseli.
780 2678 833 2710 IV.
855 2686 887 2719 p.
915 2677 988 2708 482.
1024 2694 1057 2698 —
1097 2676 1149 2708 40.
1171 2680 1337 2716 peremerit
1362 2677 1413 2710 C¹.
1440 2675 1490 2708 Cf.
1511 2684 1584 2708 var.
1603 2674 1683 2707 lect.
1704 2675 1748 2706 ad
1767 2683 1799 2716 p,
1818 2674 1893 2712 249,

128 2725 183 2758 24.
208 2743 243 2748 -
277 2726 328 2758 43.
358 2734 481 2767 yenera
503 2725 595 2757 nobis
619 2726 734 2757 CEG:
759 2726 850 2758 nobis
873 2735 994 2767 genera
1018 2727 1043 2758 O
1072 2745 1105 2749 -
1132 2727 1184 2757 45.
1214 2726 1384 2766 oportebat
1404 2724 1456 2764 A¹,
1486 2728 1610 2765 oportet
1628 2724 1829 2756 Lambinus.
1859 2741 1893 2746 —

129 2775 182 2807 45.
201 2783 241 2807 ne
264 2776 334 2814 quit
357 2775 409 2813 V¹,
434 2783 474 2806 ne
498 2775 585 2815 quod
609 2772 688 2805 GV2
707 2793 740 2797 —
768 2775 850 2806 absit
875 2785 965 2807 corr.
994 2785 1032 2807 ex
1056 2776 1124 2807 abit
1147 2778 1173 2807 A
1201 2793 1234 2797 —
1260 2785 1327 2815 qua
1350 2785 1371 2806 a
1395 2784 1446 2807 me
1469 2775 1492 2806 B
1521 2792 1554 2798 -
1582 2774 1633 2806 46.
1659 2775 1686 2805 si
1710 2782 1791 2805 nos:
1825 2781 1895 2805 om.

131 2824 263 2856 CEGO
303 2843 337 2848 —
377 2825 429 2856 47.
461 2825 645 2856 conditione
668 2824 869 2864 (condicione
893 2823 981 2866 EV2)
1005 2828 1202 2866 yenerentur
1225 2825 1342 2856 CEG:
1376 2827 1572 2865 generentur
1602 2824 1784 2855 conditione
1807 2823 1833 2854 Ο
1860 2839 1895 2844 -

129 2873 371 2913 imitaminique
411 2873 576 2906 Orellius:
620 2875 856 2914 imiteminique
887 2875 984 2907 CEG
1023 2893 1057 2897 —
1097 2875 1148 2907 48.
1187 2884 1252 2915 qua
1283 2883 1334 2906 me
1367 2875 1401 2905 in
1434 2877 1540 2905 vestro
1574 2876 1650 2904 ortu
1680 2881 1776 2904 usum
1810 2880 1895 2904 nos:

132 2931 233 2962 quam
265 2927 295 2955 et
325 2924 359 2955 in
393 2927 502 2955 uestro
537 2926 613 2955 ortu
645 2932 741 2954 usum
765 2925 842 2962 AB;
870 2933 936 2964 qua
960 2928 989 2957 ec
1013 2926 1115 2965 (corr.
1144 2926 1176 2956 in
1201 2933 1269 2965 qua
1291 2924 1354 2964 me)
1379 2925 1413 2955 in
1436 2927 1546 2955 uestro
1569 2927 1645 2955 ortu
1666 2923 1701 2954 ui
1723 2930 1819 2953 usum
1849 2920 1894 2958 V;

133 2980 200 3012 qua
234 2975 264 3004 ec
295 2974 332 3004 in
358 2977 469 3005 nostro
497 2982 561 3005 usu
589 2976 699 3004 ortum
735 2973 778 3010 E;
815 2982 884 3014 qua
909 2983 960 3006 me
983 2976 1018 3006 in
1041 2978 1151 3006 nostro
1175 2978 1252 3005 ortu
1273 2982 1369 3005 usum
1393 2975 1438 3010 G;
1476 2982 1544 3013 qua
1566 2974 1601 3004 in
1623 2976 1729 3004 vestro
1752 2975 1827 3003 ortu
1849 2979 1900 3002 me

131 3029 229 3053 usum
265 3022 290 3054 Ο
329 3040 363 3045 —-
401 3022 454 3055 49.
491 3023 694 3054 creabuntur
728 3023 935 3056 Lambinus:
977 3028 1134 3057 creantur
1173 3024 1264 3055 CEG
1301 3040 1335 3044 —
1368 3023 1497 3064 yentilis
1519 3019 1626 3054 AB¹E
1656 3040 1690 3045 -
1721 3022 1775 3054 20.
1807 3021 1900 3060 apel-

134 3070 242 3102 lentur
263 3073 290 3103 A
317 3089 352 3096 —
377 3073 432 3106 24.
457 3076 611 3113 satusque
635 3074 739 3105 Henr.
773 3073 990 3115 Stephanus:
1023 3078 1190 3114 statusque
1221 3073 1319 3105 CEG
1357 3089 1391 3094 —
1433 3073 1585 3104 tradetur
1613 3071 1669 3104 ed.
1702 3072 1900 3104 Bononien-

136 3121 200 3152 sis:
227 3121 374 3153 traditur·
397 3123 490 3154 CEG
519 3141 552 3145 -
587 3123 640 3154 22.
670 3123 850 3154 adtexitole
878 3124 975 3155 AGV
1008 3142 1041 3145 —
1075 3125 1127 3156 25.
1157 3123 1399 3162 superiorisque
1423 3123 1528 3154 Henr.
1558 3122 1770 3163 Stephanus:
1805 3128 1900 3159 supe-

134 3170 247 3211 risque
278 3171 373 3203 CEG
408 3189 442 3194 —
479 3172 533 3204 26.
563 3172 798 3211 per-mintionis
831 3181 922 3205 corr.
960 3182 1002 3205 ex
1024 3173 1262 3213 permixtiones
1284 3172 1312 3202 V
1338 3191 1372 3195 —
1413 3173 1515 3212 ferme
1548 3171 1640 3203 ABE
1671 3172 1775 3212 (erin
1803 3174 1828 3201 A
1858 3177 1899 3200 ex

137 3221 382 3261 correctione):
407 3219 512 3259 forme
535 3222 597 3253 GV
624 3237 658 3244 -
678 3222 732 3254 27.
751 3222 946 3263 incorrupta
963 3223 1074 3255 CEG:
1094 3224 1306 3261 incorruptas
1330 3230 1410 3253 cum
1428 3221 1596 3254 Lambino
1614 3222 1639 3253 O
1659 3238 1693 3243 -
1712 3224 1749 3252 ut
1765 3222 1790 3251 A
1808 3220 1901 3260 (post

137 3276 242 3300 unam
274 3268 426 3302 litteram
450 3271 601 3310 erasam)
625 3271 715 3303 B2E:
742 3275 801 3303 aul
825 3272 934 3304 B¹GV
972 3292 1006 3295 —
1041 3281 1165 3312 semper
1197 3272 1298 3303 isdem
1332 3271 1430 3304 CEG
1468 3290 1502 3294 -
1539 3270 1581 3303 ab
1613 3272 1656 3302 iis
1689 3269 1898 3305 LambinuS:

139 3324 162 3348 α
183 3317 246 3349 diis
269 3318 366 3351 CEG
391 3338 426 3344 —
452 3321 507 3354 28.
532 3323 598 3353 toto
621 3321 733 3353 ABE:
759 3325 827 3354 ceco
860 3323 911 3363 V¹,
940 3326 1026 3356 lecco
1053 3323 1105 3363 V2,
1135 3325 1216 3355 tecto
1244 3323 1269 3354 G
1305 3340 1339 3345 —
1369 3322 1457 3354 omni
1480 3330 1551 3354 om.
1581 3322 1618 3354 G.
