2249 3624
295 139 376 183 450
674 147 745 186 DE
775 146 982 187 FINIBUS
1015 146 1275 188 BONORUM
1303 147 1372 187 ET
1403 146 1672 188 MALORUM

295 259 464 300 vincula
494 262 661 312 putant,
699 258 758 297 sic
788 257 947 298 homini
977 258 1081 298 nibil
1112 259 1214 298 iuris
1246 272 1336 298 esse
1368 271 1461 298 cum
1492 258 1652 298 bestiis.
1702 257 1917 299 Praeclare
1948 260 2058 300 enim

298 320 578 375 Chrysippus,
607 324 744 360 cetera
775 325 872 360 nata
902 334 994 360 esse
1022 322 1237 360 hominum
1260 334 1384 361 causa
1406 325 1446 360 et
1467 320 1660 368 deorum,
1693 334 1764 361 eos
1787 325 1925 361 autem
1948 335 2060 361 com-

296 382 513 422 munitatis
555 387 594 423 et
631 382 840 422 societatis
879 396 999 430 suae,
1042 388 1088 422 ut
1116 383 1262 422 bestiis
1291 383 1481 422 homines
1512 383 1572 422 uti
1603 383 1654 422 ad
1685 382 1909 423 utilitatem
1942 397 2060 423 suam

295 445 458 499 possint
497 444 587 484 sine
628 443 803 492 iniuria3
846 446 1129 499 quoniamque
1173 458 1219 485 ea
1262 450 1408 484 natura
1440 449 1550 484 esset
1579 444 1779 492 hominis,
1822 449 1867 484 ut
1899 445 1935 485 ei
1967 459 2060 485 cum

265 520 449 561 5genere
492 506 674 546 humano
712 508 831 560 quasi
870 508 992 548 civile
1023 508 1087 547 ius
1118 507 1414 554 intercederet,
1458 507 1529 560 qui
1561 507 1603 546 id
1636 511 1924 554 conservaret,
1964 520 2058 547 eum

295 571 473 616 iustum,
515 569 587 622 qui
618 569 831 622 migraret,
871 570 1074 610 iniustum
1114 570 1214 610 fore.
1267 569 1347 609 Sed
1381 583 1504 623 quem
1535 569 1586 609 ad
1618 570 1810 617 modum,
1854 570 2060 610 theatrum

297 646 391 673 cum
422 645 643 671 commune
674 632 746 679 sit,
777 637 889 672 recte
921 638 1059 672 tamen
1090 632 1172 671 dici
1204 637 1343 684 potest
1374 633 1462 672 eius
1495 646 1586 672 esse
1620 646 1714 672 eum
1745 633 1903 680 locum,
1936 647 2061 686 quem

298 694 478 748 quisque
519 695 752 746 occuparit,
796 695 855 734 sic
895 696 937 734 in
975 695 1078 734 urbe
1109 695 1316 734 mundove
1349 695 1559 734 communi
1591 709 1675 735 non
1706 695 1950 735 adversatur
1979 696 2059 742 ius,

298 771 381 811 quo
428 756 565 796 minus
605 769 727 795 suum
771 757 958 810 quidque
999 757 1202 809 cuiusque
1241 757 1305 796 sit.
1365 756 1430 795 68.
1466 757 1566 797 Cum
1605 763 1745 797 autem
1786 758 1837 797 ad
1880 758 2059 798 tuendos

249 831 283 860 ⁴0
299 818 694 871 conservandosque
723 819 917 858 homines
947 819 1161 859 hominem
1188 825 1331 859 natum
1354 833 1443 859 esse
1465 821 1701 867 videamus,
1734 826 2060 861 consentaneum

299 886 362 922 est
390 880 488 920 huic
518 885 714 928 naturae,
752 886 795 920 ut
837 882 1003 934 sapiens
1034 881 1134 921 velit
1164 894 1306 934 gerere
1338 887 1379 921 et
1410 882 1702 922 administrare
1733 897 1819 922 rem
1852 883 2061 935 publicam

297 949 446 997 atque,
475 948 521 983 ut
552 955 574 982 e
605 948 750 983 natura
780 943 910 990 vivat,
943 957 1116 983 uxorem
1149 943 1376 995 adiungere
1409 948 1449 983 et
1479 944 1587 983 velle
1620 958 1672 983 ex
1703 958 1752 984 ea
1781 944 1952 983 liberos.
2000 946 2060 984 Ne

298 1019 460 1047 amores
496 1005 666 1059 quidem
707 1011 872 1045 sanctos
903 1020 926 1046 a
957 1009 1144 1059 sapiente
1176 1006 1335 1045 alienos
1368 1019 1458 1045 esse
1490 1006 1753 1046 arbitrantur.
1811 1006 2061 1060 Cynicorum

298 1075 437 1110 autem
468 1067 673 1108 rationem
705 1075 828 1122 atque
859 1070 985 1109 vitam
1016 1069 1086 1108 alii
1118 1068 1265 1107 cadere
1296 1069 1337 1107 in
1370 1069 1601 1120 sapientem
1624 1068 1786 1116 dicunt,
1820 1070 1852 1108 si
1875 1069 1947 1122 qui
1970 1069 2060 1108 eius

250 1143 284 1171 45
299 1131 411 1174 modi
442 1130 550 1170 forte
581 1143 702 1170 casus
733 1130 946 1180 inciderit,
978 1137 1023 1171 ut
1053 1130 1093 1170 id
1126 1130 1363 1169 faciendum
1396 1131 1467 1177 sit,
1500 1130 1571 1169 alii
1603 1131 1720 1169 nullo
1752 1131 1891 1170 modo.

411 1194 527 1235 XXI.
557 1191 624 1232 69.
656 1194 707 1234 Ut
737 1207 834 1234 vero
866 1199 1133 1234 conservetur
1163 1194 1298 1232 omnis
1328 1192 1487 1232 homini
1508 1206 1604 1245 erga
1634 1192 1843 1233 hominem
1867 1194 2060 1243 societas,

299 1255 556 1303 coniunctio,
600 1255 767 1303 caritas,
810 1261 851 1295 et
890 1257 1170 1296 emolumenta
1201 1262 1241 1295 et
1272 1256 1541 1302 detrimenta,
1583 1268 1692 1308 quae
1724 1251 1989 1311 ὠφελήματα
2020 1262 2061 1298 et

297 1315 538 1372 βλάμματα
571 1317 806 1370 appellant,
838 1320 1073 1359 communia
1105 1333 1195 1358 esse
1226 1319 1469 1358 voluerunt:
1503 1332 1679 1371 quorum
1710 1319 1839 1358 altera
1869 1325 2060 1372 prosunt,

297 1385 452 1423 nocent
481 1379 625 1420 altera.
683 1381 830 1433 Neque
861 1382 994 1422 solum
1026 1395 1074 1421 ea
1105 1382 1361 1429 communia,
1400 1395 1543 1421 verum
1576 1381 1699 1420 etiam
1731 1382 1845 1434 paria
1876 1395 1967 1421 esse
1999 1383 2060 1422 di-

247 1447 460 1485 20xerunt.
521 1442 790 1482 Incommoda
830 1449 969 1484 autem
1011 1450 1049 1484 et
1090 1444 1306 1484 commoda
1345 1466 1397 1471 —
1429 1444 1485 1483 ita
1516 1443 1626 1482 enim
1659 1439 1989 1497 azimus-omjuccm
2021 1450 2061 1485 et

297 1499 666 1560 &volpijorojuccra
705 1506 872 1557 appello
905 1529 958 1534 —
1005 1506 1241 1546 communia
1274 1520 1363 1546 esse
1394 1507 1632 1552 voluerunt,
1671 1505 1787 1558 paria
1816 1506 2058 1547 noluerunt.

293 1567 369 1607 Illa
401 1566 535 1612 enim,
568 1580 675 1620 quae
708 1574 884 1620 prosunt
914 1575 985 1609 aut
1017 1583 1123 1623 quae
1156 1574 1325 1616 nocent,
1357 1575 1427 1609 aut
1447 1569 1558 1608 bona
1581 1575 1676 1608 sunt
1697 1574 1769 1608 aut
1791 1569 1919 1617 mala,
1952 1583 2058 1623 quae

294 1630 378 1670 sint
408 1630 523 1682 paria
554 1642 724 1669 necesse
757 1636 837 1670 est:
872 1633 1089 1672 commoda
1120 1638 1258 1671 autem
1292 1639 1333 1672 et
1353 1631 1615 1672 incommoda
1638 1632 1680 1670 in
1704 1645 1752 1670 eo
1775 1645 1926 1684 genere
1949 1638 2057 1680 sunt,

294 1706 400 1746 quae
442 1692 681 1745 praeposita
720 1698 760 1732 et
798 1694 952 1733 reiecta
993 1695 1195 1734 diximus:
1243 1709 1291 1735 ea
1331 1701 1508 1748 possunt
1549 1695 1663 1748 paria
1694 1708 1778 1734 non
1810 1707 1913 1733 esse.
1975 1694 2056 1734 Sed

240 1767 277 1797 25
293 1754 575 1795 emolumenta
605 1756 841 1796 communia
874 1770 964 1797 esse
997 1758 1209 1805 dicuntur,
1248 1763 1361 1797 recte
1392 1764 1529 1798 autem
1561 1758 1669 1797 facta
1702 1763 1742 1797 et
1772 1761 1942 1810 peccata
1971 1770 2056 1796 non

288 1816 497 1856 habentur
539 1818 787 1857 communia.
859 1817 926 1858 70.
956 1820 1194 1860 Amicitiam
1243 1826 1381 1861 autem
1421 1820 1701 1860 adhibendam
1744 1832 1834 1859 esse
1872 1824 2054 1865 censent,

289 1880 386 1934 quia
416 1880 470 1920 sit
501 1893 552 1919 ex
585 1893 634 1920 eo
667 1894 838 1933 genere,
873 1896 979 1936 quae
1011 1889 1198 1936 prosunt.
1251 1883 1511 1935 Quamquam
1543 1888 1680 1922 autem
1713 1883 1755 1922 in
1781 1882 1961 1921 amicitia
1984 1880 2055 1920 alii

289 1943 429 1982 dicant
469 1955 604 1995 aeque
644 1957 781 1983 caram
824 1958 916 1984 esse
952 1945 1128 1998 sapienti
1162 1946 1367 1986 rationem
1400 1946 1521 1985 amici
1554 1958 1600 1985 ac
1633 1958 1773 1991 suam,
1816 1944 1887 1984 alii
1918 1948 2054 1983 autem

287 2005 365 2045 sibi
396 2007 547 2059 cuique
575 2006 778 2045 cariorem
801 2020 938 2054 suam,
969 2013 1108 2047 tamen
1130 2008 1172 2047 hi
1197 2022 1368 2061 quoque
1391 2008 1645 2061 posteriores
1667 2008 1849 2048 fatentur
1871 2007 2053 2046 alienum

235 2080 272 2110 30
287 2081 378 2108 esse
409 2081 433 2108 a
463 2068 641 2115 iustitia,
680 2069 730 2108 ad
764 2082 888 2123 quam
922 2070 1007 2109 nati
1039 2083 1129 2109 esse
1163 2071 1398 2117 videamur,
1433 2070 1650 2110 detrahere
1683 2070 1785 2123 quid
1818 2070 1869 2109 de
1900 2069 2053 2123 aliquo,

286 2131 401 2185 quod
432 2132 511 2171 sibi
543 2137 738 2172 assumat.
799 2134 969 2172 Minime
1002 2147 1099 2172 vero
1132 2133 1330 2186 probatur
1360 2133 1457 2172 huic
1490 2133 1760 2185 disciplinae,
1796 2132 1846 2171 de
1879 2146 1962 2185 qua
1992 2132 2054 2171 lo-

286 2207 414 2247 quor,
446 2198 518 2233 aut
547 2194 745 2233 iustitiam
777 2200 847 2235 aut
878 2196 1101 2235 amicitiam
1133 2201 1304 2248 propter
1335 2195 1538 2234 utilitates
1571 2193 1747 2234 adscisci
1769 2200 1840 2234 aut
1865 2195 2052 2249 probari;

284 2256 456 2296 eaedem
488 2256 600 2295 enim
630 2257 833 2297 utilitates
856 2263 1054 2310 poterunt
1076 2271 1144 2297 eas
1167 2257 1415 2297 labefactare
1438 2263 1563 2310 atque
1586 2262 1839 2309 pervertere.
1888 2258 2052 2298 Etenim

282 2331 359 2357 nec
388 2318 546 2358 iustitia
577 2331 654 2358 nec
686 2319 869 2359 amicitia
901 2333 991 2359 esse
1025 2320 1195 2360 omnino
1228 2326 1441 2373 poterunt,
1482 2320 1564 2359 nisi
1596 2321 1710 2372 ipsae
1743 2333 1818 2372 per
1850 2333 1893 2359 se
1926 2333 2053 2373 expe-

232 2394 267 2422 35
282 2385 430 2420 tantur.
491 2378 558 2420 71.
589 2382 657 2420 Ius
689 2387 846 2429 autem,
882 2382 994 2436 quod
1026 2383 1082 2422 ita
1114 2383 1193 2423 dici
1216 2384 1502 2437 appellarique
1528 2383 1679 2436 possit,
1712 2382 1753 2422 id
1777 2395 1868 2422 esse
1891 2389 2050 2431 natura,

281 2442 549 2496 alienumque
581 2457 672 2484 esse
704 2458 727 2485 a
758 2446 945 2499 sapiente
976 2459 1060 2486 non
1091 2447 1214 2487 modo
1245 2447 1439 2486 iniuriam
1473 2446 1539 2486 cui
1571 2446 1728 2493 facere,
1760 2459 1904 2486 verum
1928 2446 2051 2486 etiam

366 2617 396 2648 3.
422 2618 470 2648 uti
494 2619 541 2649 A:
565 2621 601 2649 ut
624 2618 687 2649 BE
717 2637 759 2641 -
785 2619 911 2658 possint
934 2627 1030 2650 suam
1054 2620 1116 2650 BE
1145 2635 1178 2642 -
1213 2619 1244 2650 4.
1270 2620 1298 2650 ei
1324 2619 1532 2650 Lambinus:
1567 2622 1595 2650 e!
1618 2620 1702 2655 AB;
1737 2627 1806 2649 om.
1833 2618 1935 2649 codd.
1963 2618 2047 2650 dett.

280 2667 330 2698 Cf.
357 2675 429 2698 var.
456 2666 535 2699 lect.
563 2667 580 2707 g
607 2668 658 2699 73.
682 2686 716 2690 —
745 2668 774 2699 6.
801 2670 963 2708 miyrarec
989 2670 1030 2699 B:
1058 2673 1192 2708 negaret
1216 2671 1239 2700 A
1258 2670 1280 2700 C
1302 2687 1335 2690 ——
1365 2670 1395 2700 7.
1423 2679 1495 2699 cum
1520 2670 1544 2699 A
1561 2670 1605 2699 B:
1634 2672 1668 2698 ut
1693 2668 1802 2699 EMO
1830 2685 1864 2690 —
1893 2668 1923 2699 9.
1951 2669 2050 2709 quid-

278 2725 339 2755 que
361 2716 405 2747 A:
433 2718 581 2756 quodque
605 2719 628 2749 B
644 2719 668 2749 O
689 2735 723 2739 —
753 2717 803 2748 43.
831 2718 970 2758 quidem]
990 2727 1089 2757 quam
1107 2719 1129 2749 B
1151 2737 1185 2740 —
1213 2719 1423 2749 arbitramur
1446 2722 1637 2749 cunctor-'mn
1661 2718 1685 2748 B
1701 2718 1725 2748 E
1747 2735 1780 2739 ——
1808 2717 1860 2749 214.
1887 2719 2051 2750 rationem

277 2770 375 2804 alque
397 2766 501 2796 uitam
527 2770 605 2805 (non
629 2767 734 2798 uitam
759 2770 856 2806 atque
882 2768 1054 2806 ralionem)
1082 2770 1187 2799 etiam
1214 2769 1237 2799 E
1266 2786 1299 2790 —
1328 2768 1454 2808 eadere]
1482 2769 1593 2798 eadem
1618 2768 1641 2798 B
1663 2785 1705 2789 —
1729 2768 1755 2797 si
1779 2768 1834 2806 qui
1858 2769 1901 2799 A:
1928 2768 1955 2798 si
1979 2769 2051 2807 quis

276 2816 300 2847 B
315 2816 346 2847 M
361 2816 385 2846 O
406 2833 440 2837 —
469 2816 519 2846 45.
544 2816 628 2856 forle
651 2826 746 2847 casus
763 2818 845 2855 (non
862 2825 958 2847 casus
972 2817 1066 2856 forle)
1087 2818 1190 2849 etiam
1213 2818 1237 2849 E
1257 2835 1290 2840 —
1318 2818 1370 2849 ⁹20.
1398 2822 1426 2848 et
1454 2819 1542 2856 (ante
1561 2818 1689 2857 comm.)
1709 2826 1777 2848 om.
1798 2818 1822 2848 B
1845 2836 1876 2839 —
1905 2822 1934 2849 et
1958 2816 2048 2852 δυσ-

275 2863 529 2911 χρηστήματα
554 2875 622 2897 om.
643 2868 665 2897 B
686 2868 765 2903 (non
785 2867 819 2905 E)
844 2883 878 2888 —
907 2868 959 2898 ⁶2¹.
986 2876 1050 2898 esse
1072 2867 1247 2897 uoluerunt
1274 2869 1353 2905 (non
1371 2869 1554 2906 noluerunt)
1574 2869 1675 2907 paria¹
1699 2877 1762 2899 esse
1786 2868 1961 2900 uoluerunt
1985 2870 2008 2900 B
2023 2869 2047 2900 E

278 2934 312 2937 —
339 2916 392 2947 ¹023.
419 2919 448 2947 et
471 2924 540 2946 om.
568 2916 591 2945 B
618 2932 652 2937 —
679 2915 732 2947 ⁶24.
760 2916 904 2947 (Iioeimus
927 2917 974 2947 A:
1001 2917 1139 2946 dicimus
1167 2917 1190 2947 B
1207 2917 1275 2948 ΜΟ
1303 2934 1336 2939 -
1365 2919 1511 2948 (lic-imus.
1539 2919 1589 2948 Ea
1606 2936 1653 2940 ——
1670 2928 1733 2948 mm
1762 2927 1846 2955 esse:
1880 2919 1933 2949 scd
1957 2919 1982 2950 O
2009 2935 2044 2940 —-

274 2966 327 2997 25.
354 2964 580 3004 emolumenta]
611 2966 827 2996 emolumenta
851 2970 880 2997 et
904 2967 1097 2997 dclv-imenta
1122 2966 1310 2998 Lambinus
1337 2984 1371 2989 ——
1400 2968 1452 2998 ⁶26.
1479 2968 1676 3009 communia]
1705 2969 1785 3007 quia
1809 2969 1834 2999 E
1856 2985 1890 2990 —
1919 2969 1972 2999 27.
1998 2969 2045 3009 eo]

275 3024 388 3047 eorum
405 3016 449 3051 G·,
476 3015 538 3046 sed
557 3014 599 3045 cf.
619 3015 803 3046 Stuerenb.
821 3016 864 3046 ad
882 3025 931 3046 or.
952 3025 984 3056 p.
1003 3016 1128 3047 Archia
1148 3017 1252 3053 (1832)
1272 3026 1304 3057 p.
1322 3018 1382 3048 ⁴85
1400 3026 1452 3057 sq.
1474 3036 1507 3040 —
1527 3018 1579 3048 ⁶28.
1604 3018 1662 3048 alii
1687 3022 1797 3048 autem
1820 3026 1844 3048 s.
1864 3027 1891 3048 c.
1910 3027 1936 3048 c.
1953 3027 2047 3049 suam

275 3073 344 3096 om.
365 3065 388 3095 B
409 3065 488 3103 (non
507 3064 541 3101 E)
563 3079 598 3085 —
618 3064 670 3094 30.
691 3073 710 3093 a
727 3065 801 3095 iust.
821 3065 901 3095 AB:
923 3064 963 3095 ab
980 3066 1054 3095 iusi.
1075 3066 1112 3096 O.
1140 3066 1188 3097 Ct'.
1208 3066 1378 3098 Addenda
1397 3068 1440 3099 ad
1458 3067 1587 3105 v01.11‚
1608 3078 1640 3109 p.
1657 3069 1751 3105 4079,
1771 3067 1802 3099 4.
1830 3069 1938 3099 Etiam
1957 3069 2042 3108 Epp.

274 3114 318 3145 ad
336 3114 428 3144 Fam.
448 3113 523 3150 X11,
545 3114 595 3150 1¹7,
614 3114 625 3144 4
648 3114 725 3145 cod.
744 3115 920 3146 Medieeus
939 3124 1009 3147 non
1028 3114 1132 3147 habet
1150 3116 1189 3146 ab
1207 3117 1338 3154 iudicio,
1358 3117 1421 3148 sed
1439 3126 1458 3148 a
1478 3118 1544 3148 iud.
1566 3135 1599 3139 —
1621 3118 1672 3149 32.
1695 3119 1857 3149 iusticiam
1881 3121 1940 3149 aut
1963 3118 2046 3148 ami-

274 3165 392 3196 ciciam
415 3165 440 3194 Α
456 3164 499 3194 Β;
526 3164 707 3194 amicitiam
731 3168 789 3195 aut
812 3166 971 3196 iusticiam
988 3166 1012 3195 Ο
1036 3183 1066 3187 -
1096 3165 1145 3195 33.
1169 3166 1280 3196 eadem
1296 3167 1322 3197 A
1343 3184 1375 3188 —
1397 3166 1448 3198 34.
1476 3176 1533 3198 nec
1558 3168 1705 3199 iusticiae
1729 3177 1786 3198 nec
1809 3168 1956 3199 amicicie
1981 3177 2045 3199 esse

273 3214 349 3246 AB.
379 3213 447 3244 «Ex
470 3214 617 3244 amicilia
640 3222 705 3244 csse
730 3214 858 3246 factum
884 3217 936 3246 est
960 3215 1126 3246 amicitiae
1149 3224 1230 3254 csse,
1257 3215 1383 3247 deinde
1408 3216 1452 3247 ad
1478 3216 1510 3247 id
1529 3217 1841 3248 adcommodatum
1866 3217 2042 3248 iustiliae.»

273 3264 417 3297 MAnvrs.
438 3280 473 3285 —
498 3266 652 3304 poterunt
675 3272 739 3296 csse
762 3266 893 3297 omnino
918 3266 941 3297 B
968 3283 1002 3288 -
1030 3268 1229 3305 eoepcluntw·
1251 3267 1311 3297 AB
1338 3283 1372 3288 —
1402 3267 1453 3298 35.
1480 3271 1640 3298 naturam
1664 3268 1871 3307 alienamque
1893 3268 1958 3299 AB
1973 3267 2010 3299 E.
