2249 3624
780 585 835 643 M.
873 584 1058 641 'stitit
1101 581 1406 641 (letitiam

492 736 646 791 DE
731 732 1687 791 DileATiONE

785 898 990 943 LIBER
1021 896 1393 944 SECUNDUS.

317 1215 347 1253 Ι.
386 1211 417 1253 l.
451 1214 678 1262 Quaerenti
712 1216 811 1255 mihi
844 1216 1107 1268 multumque
1140 1221 1179 1255 et
1211 1215 1281 1254 diu
1316 1215 1510 1267 cogitanti
1545 1227 1723 1267 quanam
1747 1228 1789 1253 re
1813 1227 1976 1267 possem

204 1277 407 1331 prodesse
439 1290 561 1329 quam
595 1278 806 1330 plurimis,
849 1292 900 1317 ne
933 1279 1102 1331 quando
1144 1278 1463 1317 intermitterem
1497 1277 1716 1315 consulere
1749 1278 1807 1315 rei
1842 1276 1978 1328 publi-

205 1352 300 1385 cae,
342 1339 456 1378 nulla
490 1340 624 1379 maior
655 1341 901 1380 occurrebat
940 1354 1061 1394 quam
1103 1341 1136 1380 si
1178 1341 1428 1393 optimarum
1470 1340 1619 1379 artium
1654 1340 1740 1378 vias
1772 1339 1976 1378 traderem

204 1403 306 1442 meis
338 1402 520 1441 civibus:
554 1403 669 1455 quod
701 1403 974 1455 conpluribus
1008 1403 1086 1443 iam
1122 1403 1236 1442 libris
1260 1416 1323 1442 me
1346 1404 1524 1442 arbitror
1545 1407 1830 1440 consecutum.
1877 1403 1974 1439 Nam

205 1471 246 1504 et
285 1464 490 1503 cohortati
533 1479 677 1505 sumus
719 1471 762 1505 ut
801 1466 980 1505 maxime
1022 1466 1233 1519 potuimus
1275 1465 1326 1504 ad
1369 1464 1662 1518 philosophiae
1704 1464 1888 1502 studium
1929 1470 2009 1502 e05

203 1527 323 1573 libro,
359 1527 430 1580 qui
464 1532 525 1566 est
556 1527 782 1580 inscriptus
804 1528 1062 1574 Hortensius,
1096 1534 1135 1567 et
1167 1528 1279 1581 quod
1305 1541 1436 1579 genus
1460 1527 1783 1579 philosophandi
1809 1526 1978 1565 minime

204 1591 410 1643 adrogans
444 1591 708 1643 maximeque
741 1597 781 1630 et
813 1597 1008 1630 constans
1041 1597 1081 1630 et
1112 1591 1282 1642 elegans
1322 1591 1618 1630 arbitraremur
1649 1596 1847 1641 quattuor
1877 1590 1980 1626 ,Aca-

205 1652 377 1691 demicis
411 1652 527 1691 libris
561 1653 836 1692 ostendimus.
898 1652 935 1692 ⁶2.
976 1654 1160 1706 Curiique
1194 1654 1508 1693 fundamentum
1542 1659 1651 1691 esset
1686 1650 1978 1703 philosophiae

205 1715 391 1768 positum
425 1716 464 1754 iu
499 1714 650 1754 linibus
682 1716 885 1754 bonorum
911 1722 949 1755 et
976 1717 1199 1761 malorum,
1234 1723 1507 1769 perpurgatus
1533 1722 1595 1754 est
1618 1716 1650 1753 is
1675 1715 1789 1753 locus
1813 1728 1833 1753 a
1860 1712 1978 1753 nobis

207 1777 394 1830 quinque
427 1777 557 1822 libris,
591 1784 635 1817 ut
667 1778 768 1830 quid
802 1791 824 1816 a
856 1792 1025 1831 quoque
1059 1786 1097 1819 et
1131 1779 1230 1832 quid
1264 1786 1406 1817 contra
1441 1792 1653 1830 quemque
1679 1777 1976 1830 philosophum
1998 1784 2029 1812 io

209 1839 418 1879 diceretur
449 1841 636 1893 intellegi
672 1846 825 1893 posset.
887 1842 1077 1880 Totidem
1113 1843 1324 1880 subsecuti
1359 1842 1448 1880 libri
1474 1841 1802 1879 'l'usculanarum
1836 1840 1979 1892 dispu-

205 1904 408 1942 tationum
443 1916 508 1942 res
540 1904 591 1942 ad
623 1904 741 1942 beate
776 1904 997 1943 vivendum
1024 1905 1200 1943 maxime
1226 1905 1480 1943 uccessarias
1504 1910 1770 1952 aperuerunt.
1819 1904 1979 1942 Primus

206 1966 316 2005 enim
351 1971 412 2004 est
444 1966 494 2004 de
526 1966 832 2005 contemnenda
857 1973 1008 2012 morte,
1033 1967 1241 2005 sccundus
1264 1968 1314 2004 (le
1340 1967 1555 2004 tolerando
1580 1966 1744 2011 dolore,
1774 1966 1823 2003 de
1847 1966 1979 2012 aegri-

205 2029 349 2068 tudine
381 2029 575 2068 lenienda
608 2030 768 2074 tertius,
801 2035 972 2081 quartus
1005 2030 1055 2068 de
1088 2030 1262 2082 reliquis
1290 2030 1414 2068 animi
1442 2028 1834 2082 perturbationibus,
1858 2029 1979 2081 quin-

204 2096 271 2130 tus
304 2105 396 2130 eum
430 2091 565 2131 locum
599 2092 832 2144 conplexus
867 2100 946 2138 est,
980 2093 1200 2145 quitotam
1225 2092 1535 2145 philosophiam
1563 2092 1739 2131 maxime
1763 2092 2029 2135 inlusti‘at315

205 2153 328 2193 docet
359 2154 469 2193 enim
501 2155 551 2193 ad
584 2154 704 2193 beate
738 2154 962 2193 vivendum
989 2155 1178 2193 virtutem
1208 2168 1251 2194 se
1274 2156 1362 2206 ipsa
1387 2168 1478 2193 esse
1501 2160 1752 2192 contentam.
1804 2152 1843 2193 3.
1877 2153 1979 2200 Qui-

204 2216 280 2256 bus
315 2213 470 2270 [rebus]
513 2217 635 2256 editis
680 2223 763 2256 tres
795 2217 889 2255 libri
925 2217 1096 2270 perfecti
1129 2224 1226 2257 sunt
1258 2218 1308 2257 de
1340 2224 1488 2256 natura
1521 2217 1717 2263 deorum,
1753 2217 1793 2255 in
1827 2216 1978 2270 quibus

206 2279 341 2318 omnis
375 2280 464 2318 eius
497 2279 577 2318 loci
612 2280 804 2332 quaestio
838 2281 1087 2318 continetur.
1149 2280 1267 2327 Quae
1307 2286 1349 2319 ut
1386 2279 1508 2332 plane
1542 2286 1651 2318 essct
1684 2279 1978 2330 cumulateque

204 2341 402 2394 perfecta,
435 2341 486 2381 de
519 2341 775 2381 divinatione
808 2342 984 2393 ingressi
1019 2356 1162 2381 sumus
1196 2343 1257 2381 bis
1284 2342 1400 2381 libris
1423 2343 1627 2388 scribere,
1653 2342 1827 2394 quibus,
1852 2347 1896 2380 ut
1917 2346 1979 2378 est

205 2405 246 2444 in
279 2405 444 2451 animo,
484 2404 535 2443 de
566 2404 650 2443 fato
691 2405 724 2443 si
763 2404 1104 2449 adiunxerimus,
1150 2406 1228 2443 erit
1259 2404 1425 2443 abunde
1458 2406 1556 2443 satis
1589 2404 1740 2443 sactum
1775 2404 1849 2443 toti
1882 2403 1977 2441 huic
1993 2414 2028 2442 20

207 2468 459 2521 quaestioni.
519 2469 654 2520 Atque
685 2467 751 2506 his
785 2467 897 2506 libris
929 2467 1235 2506 adnumerandi
1269 2473 1365 2505 sunt
1397 2481 1470 2506 sex
1505 2467 1554 2505 de
1587 2481 1630 2505 re
1663 2466 1839 2519 publica,
1872 2478 1977 2518 quos

207 2536 289 2570 tum
324 2530 580 2581 scripsimus,
617 2543 709 2567 cum
742 2529 1023 2580 gubernacula
1057 2530 1116 2568 rei
1143 2530 1334 2581 publicae
1359 2530 1613 2568 tenebamus.
1662 2531 1834 2579 Magnus
1864 2529 1978 2566 locus

205 2592 582 2645 philosophiaeque
631 2593 823 2644 proprius
869 2605 890 2630 a
941 2592 1133 2638 Platone,
1176 2592 1424 2639 Aristotele,
1467 2592 1759 2644 'l'beophrasto
1808 2598 1977 2643 totaque

205 2654 577 2706 Peripateticorum
617 2653 773 2692 familia
811 2660 1008 2693 tractatus
1043 2655 1264 2694 uberrime.
1327 2657 1425 2693 Nam
1459 2654 1558 2707 quid
1593 2668 1669 2706 ego
1703 2654 1753 2693 de
1787 2654 1978 2693 consola-

205 2717 317 2756 tione
349 2717 512 2756 dicam‘?
565 2729 673 2770 quae
705 2716 802 2755 mihi
836 2717 1005 2769 quidem
1040 2718 1117 2770 ipsi
1151 2730 1249 2756 sane
1281 2717 1543 2769 aliquantum
1577 2716 1791 2763 medetur,
1830 2717 2028 2756 ceteris-25

204 2779 304 2818 item
345 2778 518 2817 multum
559 2779 673 2818 illam
707 2779 966 2832 profuturam
1000 2786 1115 2831 puto.
1177 2780 1424 2819 Interiectus
1458 2785 1522 2819 est
1553 2780 1677 2818 etiam
1712 2793 1845 2831 nuper
1876 2779 1980 2818 liber

205 2841 254 2888 is,
286 2855 410 2895 quem
441 2840 491 2880 ad
524 2847 712 2881 nostrum
734 2842 916 2881 Atticum
949 2841 999 2881 de
1032 2847 1248 2881 senectute
1282 2842 1483 2881 misimus.
1545 2842 1840 2895 Inprimisque,
1873 2854 1979 2894 quo-

294 3019 324 3052 4.
350 3019 575 3058 cumpluribus
599 3020 663 3050 BH
698 3037 732 3041 —
765 3018 846 3050 liber
871 3020 897 3050 H
934 3038 966 3042 —
1006 3021 1037 3051 5.
1071 3024 1099 3051 e!
1125 3030 1187 3059 qno
1211 3020 1334 3050 hortati
1358 3022 1383 3050 A
1419 3037 1453 3041 —
1495 3020 1524 3050 6.
1549 3020 1763 3060 filosophandi
1788 3021 1908 3051 inilum
1929 3029 1980 3051 me

206 3079 278 3101 arr.
307 3070 330 3100 Η
360 3087 393 3090 -
429 3069 459 3101 9.
486 3070 574 3100 locus
598 3078 667 3099 oin.
691 3069 714 3099 Η
744 3087 777 3090 -
814 3070 865 3100 40.
890 3070 1072 3110 filosopliim
1100 3070 1138 3101 Η1
1167 3088 1199 3092 -
1242 3072 1288 3100 ll.
1316 3071 1442 3100 dicetur
1468 3071 1491 3101 ll
1523 3088 1553 3092 —-
1583 3071 1837 3109 disputationem
1861 3079 1912 3100 res
1936 3070 1979 3100 ad

206 3119 336 3150 beatum
363 3120 399 3148 V¹
423 3137 450 3142 -
484 3120 535 3150 46.
563 3121 649 3150 decet
675 3119 699 3150 H
727 3136 760 3140 —
796 3120 912 3156 quibus
935 3120 1031 3151 rebus
1056 3121 1101 3151 C:
1130 3120 1244 3150 «rebus
1270 3120 1350 3150 milii
1377 3122 1582 3159 suspectum
1609 3123 1673 3157 est,
1702 3120 1806 3160 idque
1833 3123 1891 3150 aut
1916 3119 1979 3150 (le-

206 3168 349 3201 lendum
376 3162 435 3200 aut
460 3178 522 3210 pro
548 3179 589 3201 eo
613 3169 706 3200 libris
730 3168 958 3201 scribendum
985 3171 1039 3207 sit,
1067 3172 1198 3201 omisso
1219 3174 1293 3210 post
1312 3171 1420 3200 libri».
1442 3171 1519 3201 ΕΓΗ.
1548 3171 1664 3209 quibus
1686 3170 1778 3201 libris
1801 3170 1893 3200 edilis
1917 3175 1980 3200 tres

208 3219 283 3250 libri
307 3221 331 3251 O
358 3237 391 3241 —
420 3220 472 3251 48.
499 3221 602 3250 omnis
627 3228 695 3250 orn.
719 3220 743 3250 ll
774 3235 806 3241 —
833 3220 928 3259 plene
952 3221 1024 3251 ΨΟ
1053 3238 1087 3242 -
1115 3222 1167 3251 ⁰20.
1194 3221 1412 3250 acluaeerimus
1439 3221 1463 3251 Η
1491 3237 1526 3243 -
1555 3222 1607 3252 Ἣ.
1635 3222 1678 3252 ad
1702 3221 1915 3251 numerandis
1937 3228 1980 3250 ear

210 3269 237 3300 H
263 3286 296 3291 -
335 3269 387 3300 ⁶22.
414 3273 483 3300 tum
507 3270 624 3301 ABV:
662 3278 735 3300 cum
762 3270 805 3305 Η,
840 3273 916 3300 lunc
940 3271 964 3301 O
999 3288 1033 3292 —
1070 3271 1257 3301 set-absimus
1280 3273 1307 3301 A
1332 3286 1367 3291 —
1406 3270 1458 3301 ⁶25.
1485 3279 1566 3302 cane
1591 3269 1630 3302 Ηι
1657 3288 1691 3292 -
1731 3271 1977 3312 aliquantulum

209 3317 276 3350 Sal.
303 3336 338 3341 —
366 3319 416 3350 26.
444 3319 525 3351 liber
546 3320 575 3350 is
597 3321 636 3358 A,
662 3319 726 3351 sed
750 3328 786 3351 er
808 3321 835 3351 is
860 3320 894 3351 in
918 3328 1007 3361 ras,
1032 3320 1124 3351 libris
1149 3320 1186 3351 V.
