<?xml version="1.0" encoding="UTF-8"?>
<!DOCTYPE html PUBLIC "-//W3C//DTD XHTML 1.0 Transitional//EN"
    "http://www.w3.org/TR/xhtml1/DTD/xhtml1-transitional.dtd">
<html xmlns="http://www.w3.org/1999/xhtml" xml:lang="en" lang="en">
 <head>
  <title>
</title>
<meta http-equiv="Content-Type" content="text/html;charset=utf-8" />
  <meta name='ocr-system' content='tesseract 3.04.00' />
  <meta name='ocr-capabilities' content='ocr_page ocr_carea ocr_par ocr_line ocrx_word'/>
</head>
<body>
  <div class='ocr_page' id='page_1' title='image "./operaquaesupersu04ciceuoft_0019.png"; bbox 0 0 2249 3624; ppageno 0'>
   <div class='ocr_carea' id='block_1_1' title="bbox 646 128 1924 191">
    <p class='ocr_par' dir='ltr' id='par_1_1' title="bbox 646 128 1924 191">
     <span class='ocr_line' id='line_1_1' title="bbox 646 128 1924 191; baseline -0.01 -9"><span class='ocrx_word' id='word_1_1' title='bbox 646 141 735 182; x_wconf 85' lang='lat' dir='ltr'>Lm.</span> <span class='ocrx_word' id='word_1_2' title='bbox 767 140 818 180; x_wconf 89' lang='lat' dir='ltr'>II.</span> <span class='ocrx_word' id='word_1_3' title='bbox 859 138 956 181; x_wconf 58' lang='lat' dir='ltr'>Car.</span> <span class='ocrx_word' id='word_1_4' title='bbox 986 137 1170 179; x_wconf 87' lang='lat'>11—111.</span> <span class='ocrx_word' id='word_1_5' title='bbox 1208 135 1268 191; x_wconf 79' lang='lat'>§§</span> <span class='ocrx_word' id='word_1_6' title='bbox 1299 134 1438 178; x_wconf 69' lang='lat'>2—7.</span> <span class='ocrx_word' id='word_1_7' title='bbox 1899 128 1924 169; x_wconf 90' lang='grc'><strong>3</strong></span> 
     </span>
    </p>
   </div>
   <div class='ocr_carea' id='block_1_2' title="bbox 159 245 2009 2314">
    <p class='ocr_par' dir='ltr' id='par_1_2' title="bbox 159 245 2009 2249">
     <span class='ocr_line' id='line_1_2' title="bbox 161 245 1928 308; baseline -0.006 -11"><span class='ocrx_word' id='word_1_8' title='bbox 161 261 294 299; x_wconf 88' lang='lat' dir='ltr'>aetate</span> <span class='ocrx_word' id='word_1_9' title='bbox 333 255 490 303; x_wconf 84' lang='lat' dir='ltr'>solum,</span> <span class='ocrx_word' id='word_1_10' title='bbox 528 254 602 295; x_wconf 90' lang='lat' dir='ltr'>sed</span> <span class='ocrx_word' id='word_1_11' title='bbox 641 258 682 294; x_wconf 91' lang='lat' dir='ltr'>et</span> <span class='ocrx_word' id='word_1_12' title='bbox 720 268 794 308; x_wconf 89' lang='lat' dir='ltr'>pro</span> <span class='ocrx_word' id='word_1_13' title='bbox 835 257 1056 308; x_wconf 74' lang='lat' dir='ltr'>quaestore</span> <span class='ocrx_word' id='word_1_14' title='bbox 1097 252 1262 306; x_wconf 84' lang='lat' dir='ltr'>aliquot</span> <span class='ocrx_word' id='word_1_15' title='bbox 1291 264 1422 291; x_wconf 87' lang='lat' dir='ltr'>annos</span> <span class='ocrx_word' id='word_1_16' title='bbox 1454 252 1494 290; x_wconf 85' lang='lat' dir='ltr'>et</span> <span class='ocrx_word' id='word_1_17' title='bbox 1523 248 1567 289; x_wconf 91' lang='lat' dir='ltr'>in</span> <span class='ocrx_word' id='word_1_18' title='bbox 1598 248 1689 302; x_wconf 92' lang='lat' dir='ltr'>ipso</span> <span class='ocrx_word' id='word_1_19' title='bbox 1719 245 1852 295; x_wconf 89' lang='lat' dir='ltr'>bello,</span> <span class='ocrx_word' id='word_1_20' title='bbox 1884 247 1928 286; x_wconf 92' lang='lat' dir='ltr'>in</span> 
     </span>
     <span class='ocr_line' id='line_1_3' title="bbox 162 310 1930 375; baseline -0.007 -15"><span class='ocrx_word' id='word_1_21' title='bbox 162 335 245 375; x_wconf 91' lang='lat' dir='ltr'>quo</span> <span class='ocrx_word' id='word_1_22' title='bbox 276 321 332 360; x_wconf 88' lang='lat' dir='ltr'>ita</span> <span class='ocrx_word' id='word_1_23' title='bbox 364 332 512 371; x_wconf 90' lang='lat' dir='ltr'>magna</span> <span class='ocrx_word' id='word_1_24' title='bbox 541 318 600 359; x_wconf 87' lang='lat' dir='ltr'>rei</span> <span class='ocrx_word' id='word_1_25' title='bbox 634 317 822 357; x_wconf 89' lang='lat' dir='ltr'>militaris</span> <span class='ocrx_word' id='word_1_26' title='bbox 855 331 946 357; x_wconf 83' lang='lat' dir='ltr'>esse</span> <span class='ocrx_word' id='word_1_27' title='bbox 979 316 1198 369; x_wconf 83' lang='lat' dir='ltr'>occupatio</span> <span class='ocrx_word' id='word_1_28' title='bbox 1231 314 1357 362; x_wconf 89' lang='lat' dir='ltr'>solet,</span> <span class='ocrx_word' id='word_1_29' title='bbox 1397 319 1442 355; x_wconf 91' lang='lat' dir='ltr'>ut</span> <span class='ocrx_word' id='word_1_30' title='bbox 1477 326 1561 353; x_wconf 91' lang='lat' dir='ltr'>non</span> <span class='ocrx_word' id='word_1_31' title='bbox 1593 312 1769 352; x_wconf 92' lang='lat' dir='ltr'>multum</span> <span class='ocrx_word' id='word_1_32' title='bbox 1800 310 1930 362; x_wconf 89' lang='lat' dir='ltr'>impe-</span> 
     </span>
     <span class='ocr_line' id='line_1_4' title="bbox 163 374 1930 435; baseline -0.005 -13"><span class='ocrx_word' id='word_1_33' title='bbox 163 382 289 422; x_wconf 88' lang='lat' dir='ltr'>ratori</span> <span class='ocrx_word' id='word_1_34' title='bbox 321 382 397 422; x_wconf 90' lang='lat' dir='ltr'>sub</span> <span class='ocrx_word' id='word_1_35' title='bbox 430 382 529 435; x_wconf 85' lang='lat' dir='ltr'>ipsis</span> <span class='ocrx_word' id='word_1_36' title='bbox 560 381 740 434; x_wconf 86' lang='lat' dir='ltr'>pellibus</span> <span class='ocrx_word' id='word_1_37' title='bbox 773 381 847 420; x_wconf 88' lang='lat' dir='ltr'>otii</span> <span class='ocrx_word' id='word_1_38' title='bbox 881 380 1152 433; x_wconf 72' lang='lat' dir='ltr'>relinquatur.</span> <span class='ocrx_word' id='word_1_39' title='bbox 1215 378 1317 417; x_wconf 82' lang='lat' dir='ltr'>Cum</span> <span class='ocrx_word' id='word_1_40' title='bbox 1349 382 1487 418; x_wconf 89' lang='lat' dir='ltr'>autem</span> <span class='ocrx_word' id='word_1_41' title='bbox 1520 389 1542 416; x_wconf 86' lang='lat' dir='ltr'>e</span> <span class='ocrx_word' id='word_1_42' title='bbox 1572 374 1836 429; x_wconf 89' lang='lat' dir='ltr'>philosophis</span> <span class='ocrx_word' id='word_1_43' title='bbox 1868 374 1930 413; x_wconf 88' lang='lat' dir='ltr'>in-</span> 
     </span>
     <span class='ocr_line' id='line_1_5' title="bbox 162 437 1928 498; baseline -0.005 -14"><span class='ocrx_word' id='word_1_44' title='bbox 162 446 283 497; x_wconf 87' lang='lat' dir='ltr'>genio</span> <span class='ocrx_word' id='word_1_45' title='bbox 315 445 573 498; x_wconf 68' lang='lat' dir='ltr'>scientiaque</span> <span class='ocrx_word' id='word_1_46' title='bbox 606 448 822 496; x_wconf 89' lang='lat' dir='ltr'>putaretur</span> <span class='ocrx_word' id='word_1_47' title='bbox 853 442 1106 488; x_wconf 76' lang='lat' dir='ltr'>Antiochus,</span> <span class='ocrx_word' id='word_1_48' title='bbox 1140 440 1329 480; x_wconf 92' lang='lat' dir='ltr'>Philonis</span> <span class='ocrx_word' id='word_1_49' title='bbox 1361 439 1548 487; x_wconf 86' lang='lat' dir='ltr'>auditor,</span> <span class='ocrx_word' id='word_1_50' title='bbox 1581 437 1802 484; x_wconf 86' lang='lat' dir='ltr'>excellere,</span> <span class='ocrx_word' id='word_1_51' title='bbox 1834 449 1928 476; x_wconf 90' lang='lat' dir='ltr'>eum</span> 
     </span>
     <span class='ocr_line' id='line_1_6' title="bbox 163 502 1960 560; baseline -0.006 -12"><span class='ocrx_word' id='word_1_52' title='bbox 163 522 301 548; x_wconf 89' lang='lat' dir='ltr'>secum</span> <span class='ocrx_word' id='word_1_53' title='bbox 334 512 372 546; x_wconf 82' lang='lat' dir='ltr'>et</span> <span class='ocrx_word' id='word_1_54' title='bbox 403 512 599 560; x_wconf 84' lang='lat' dir='ltr'>quaestor</span> <span class='ocrx_word' id='word_1_55' title='bbox 628 506 771 546; x_wconf 89' lang='lat' dir='ltr'>habuit</span> <span class='ocrx_word' id='word_1_56' title='bbox 803 512 842 545; x_wconf 90' lang='lat' dir='ltr'>et</span> <span class='ocrx_word' id='word_1_57' title='bbox 880 511 974 558; x_wconf 84' lang='lat' dir='ltr'>post</span> <span class='ocrx_word' id='word_1_58' title='bbox 1003 504 1163 556; x_wconf 85' lang='lat' dir='ltr'>aliquot</span> <span class='ocrx_word' id='word_1_59' title='bbox 1195 516 1328 543; x_wconf 85' lang='lat' dir='ltr'>annos</span> <span class='ocrx_word' id='word_1_60' title='bbox 1360 503 1598 556; x_wconf 89' lang='lat' dir='ltr'>imperator,</span> <span class='ocrx_word' id='word_1_61' title='bbox 1631 502 1789 555; x_wconf 88' lang='lat' dir='ltr'>quique</span> <span class='ocrx_word' id='word_1_62' title='bbox 1822 503 1960 540; x_wconf 79' lang='lat' dir='ltr'>esset5</span> 
     </span>
     <span class='ocr_line' id='line_1_7' title="bbox 163 563 1931 622; baseline -0.006 -12"><span class='ocrx_word' id='word_1_63' title='bbox 163 584 211 610; x_wconf 89' lang='lat' dir='ltr'>ea</span> <span class='ocrx_word' id='word_1_64' title='bbox 254 569 475 615; x_wconf 90' lang='lat' dir='ltr'>memoria,</span> <span class='ocrx_word' id='word_1_65' title='bbox 517 582 599 622; x_wconf 90' lang='lat' dir='ltr'>qua</span> <span class='ocrx_word' id='word_1_66' title='bbox 638 574 732 608; x_wconf 87' lang='lat' dir='ltr'>ante</span> <span class='ocrx_word' id='word_1_67' title='bbox 776 568 885 615; x_wconf 76' lang='lat' dir='ltr'>dixi,</span> <span class='ocrx_word' id='word_1_68' title='bbox 926 581 973 607; x_wconf 86' lang='lat' dir='ltr'>ea</span> <span class='ocrx_word' id='word_1_69' title='bbox 1013 580 1137 619; x_wconf 84' lang='lat' dir='ltr'>saepe</span> <span class='ocrx_word' id='word_1_70' title='bbox 1168 564 1380 605; x_wconf 85' lang='lat' dir='ltr'>audiendo</span> <span class='ocrx_word' id='word_1_71' title='bbox 1412 565 1533 605; x_wconf 86' lang='lat' dir='ltr'>facile</span> <span class='ocrx_word' id='word_1_72' title='bbox 1565 563 1782 618; x_wconf 86' lang='lat' dir='ltr'>cognovit,</span> <span class='ocrx_word' id='word_1_73' title='bbox 1823 574 1931 615; x_wconf 88' lang='lat' dir='ltr'>quae</span> 
     </span>
     <span class='ocr_line' id='line_1_8' title="bbox 160 624 1931 683; baseline -0.005 -11"><span class='ocrx_word' id='word_1_74' title='bbox 160 633 227 672; x_wconf 81' lang='lat' dir='ltr'>vel</span> <span class='ocrx_word' id='word_1_75' title='bbox 251 632 378 673; x_wconf 79' lang='lat' dir='ltr'>semel</span> <span class='ocrx_word' id='word_1_76' title='bbox 402 631 544 671; x_wconf 89' lang='lat' dir='ltr'>audita</span> <span class='ocrx_word' id='word_1_77' title='bbox 567 631 806 670; x_wconf 85' lang='lat' dir='ltr'>meminisse.</span> <span class='ocrx_word' id='word_1_78' title='bbox 830 630 1047 683; x_wconf 82' lang='lat' dir='ltr'>potuisset.</span> <span class='ocrx_word' id='word_1_79' title='bbox 1086 628 1378 668; x_wconf 71' lang='lat' dir='ltr'>Delectabatur</span> <span class='ocrx_word' id='word_1_80' title='bbox 1398 633 1534 667; x_wconf 88' lang='lat' dir='ltr'>autem</span> <span class='ocrx_word' id='word_1_81' title='bbox 1558 624 1729 667; x_wconf 87' lang='lat' dir='ltr'>mirifice</span> <span class='ocrx_word' id='word_1_82' title='bbox 1751 625 1931 665; x_wconf 88' lang='lat' dir='ltr'>lectione</span> 
     </span>
     <span class='ocr_line' id='line_1_9' title="bbox 161 689 1933 747; baseline -0.004 -13"><span class='ocrx_word' id='word_1_83' title='bbox 161 696 382 741; x_wconf 87' lang='lat' dir='ltr'>libroruin,</span> <span class='ocrx_word' id='word_1_84' title='bbox 414 694 464 734; x_wconf 84' lang='lat' dir='ltr'>de</span> <span class='ocrx_word' id='word_1_85' title='bbox 497 694 649 747; x_wconf 86' lang='lat' dir='ltr'>quibus</span> <span class='ocrx_word' id='word_1_86' title='bbox 681 693 887 732; x_wconf 87' lang='lat' dir='ltr'>audiebat.</span> <span class='ocrx_word' id='word_1_87' title='bbox 949 690 986 731; x_wconf 70' lang='grc' dir='ltr'>ὅ.</span> <span class='ocrx_word' id='word_1_88' title='bbox 1020 692 1077 731; x_wconf 80' lang='lat' dir='ltr'>Ac</span> <span class='ocrx_word' id='word_1_89' title='bbox 1110 703 1255 731; x_wconf 86' lang='lat' dir='ltr'>vereor</span> <span class='ocrx_word' id='word_1_90' title='bbox 1290 690 1499 730; x_wconf 90' lang='lat' dir='ltr'>interdum</span> <span class='ocrx_word' id='word_1_91' title='bbox 1530 703 1582 730; x_wconf 89' lang='lat' dir='ltr'>ne</span> <span class='ocrx_word' id='word_1_92' title='bbox 1614 689 1758 730; x_wconf 90' lang='lat' dir='ltr'>talium</span> <span class='ocrx_word' id='word_1_93' title='bbox 1788 700 1933 742; x_wconf 87' lang='lat' dir='ltr'>perso-</span> 
     </span>
     <span class='ocr_line' id='line_1_10' title="bbox 160 750 1933 808; baseline -0.003 -12"><span class='ocrx_word' id='word_1_94' title='bbox 160 771 327 805; x_wconf 89' lang='lat' dir='ltr'>narum,</span> <span class='ocrx_word' id='word_1_95' title='bbox 362 771 455 796; x_wconf 80' lang='lat' dir='ltr'>cum</span> <span class='ocrx_word' id='word_1_96' title='bbox 487 755 740 808; x_wconf 75' lang='lat' dir='ltr'>amplificare,</span> <span class='ocrx_word' id='word_1_97' title='bbox 772 755 919 801; x_wconf 82' lang='lat' dir='ltr'>velim,</span> <span class='ocrx_word' id='word_1_98' title='bbox 951 754 1135 792; x_wconf 88' lang='lat' dir='ltr'>minuam</span> <span class='ocrx_word' id='word_1_99' title='bbox 1163 753 1285 792; x_wconf 88' lang='lat' dir='ltr'>etiam</span> <span class='ocrx_word' id='word_1_100' title='bbox 1310 753 1498 805; x_wconf 82' lang='lat' dir='ltr'>gloriam.</span> <span class='ocrx_word' id='word_1_101' title='bbox 1542 753 1648 792; x_wconf 80' lang='lat' dir='ltr'>Sunt</span> <span class='ocrx_word' id='word_1_102' title='bbox 1670 753 1778 792; x_wconf 90' lang='lat' dir='ltr'>enim</span> <span class='ocrx_word' id='word_1_103' title='bbox 1799 750 1933 798; x_wconf 89' lang='lat' dir='ltr'>multi,</span> 
     </span>
     <span class='ocr_line' id='line_1_11' title="bbox 161 813 1983 873; baseline -0.003 -16"><span class='ocrx_word' id='word_1_104' title='bbox 161 820 232 873; x_wconf 93' lang='lat' dir='ltr'>qui</span> <span class='ocrx_word' id='word_1_105' title='bbox 266 819 437 859; x_wconf 89' lang='lat' dir='ltr'>omnino</span> <span class='ocrx_word' id='word_1_106' title='bbox 471 818 648 858; x_wconf 82' lang='lat' dir='ltr'>Graecas</span> <span class='ocrx_word' id='word_1_107' title='bbox 679 831 761 857; x_wconf 91' lang='lat' dir='ltr'>non</span> <span class='ocrx_word' id='word_1_108' title='bbox 794 822 932 857; x_wconf 91' lang='lat' dir='ltr'>ament</span> <span class='ocrx_word' id='word_1_109' title='bbox 963 816 1144 862; x_wconf 74' lang='lat' dir='ltr'>litteras,</span> <span class='ocrx_word' id='word_1_110' title='bbox 1177 816 1343 868; x_wconf 86' lang='lat' dir='ltr'>plures,</span> <span class='ocrx_word' id='word_1_111' title='bbox 1375 816 1447 869; x_wconf 89' lang='lat' dir='ltr'>qui</span> <span class='ocrx_word' id='word_1_112' title='bbox 1478 816 1807 869; x_wconf 88' lang='lat' dir='ltr'>philosophiam,</span> <span class='ocrx_word' id='word_1_113' title='bbox 1837 813 1983 854; x_wconf 31' lang='lat' dir='ltr'>reli-*10</span> 
     </span>
     <span class='ocr_line' id='line_1_12' title="bbox 163 878 1933 935; baseline -0.002 -15"><span class='ocrx_word' id='word_1_114' title='bbox 163 882 258 935; x_wconf 87' lang='lat' dir='ltr'>qui,</span> <span class='ocrx_word' id='word_1_115' title='bbox 290 882 362 935; x_wconf 92' lang='lat' dir='ltr'>qui</span> <span class='ocrx_word' id='word_1_116' title='bbox 396 881 519 922; x_wconf 89' lang='lat' dir='ltr'>etiam</span> <span class='ocrx_word' id='word_1_117' title='bbox 552 881 585 920; x_wconf 88' lang='lat' dir='ltr'>si</span> <span class='ocrx_word' id='word_1_118' title='bbox 608 880 710 920; x_wconf 83' lang='lat' dir='ltr'>haee</span> <span class='ocrx_word' id='word_1_119' title='bbox 735 894 815 919; x_wconf 85' lang='lat' dir='ltr'>non</span> <span class='ocrx_word' id='word_1_120' title='bbox 841 880 1085 933; x_wconf 78' lang='lat' dir='ltr'>inprobent,</span> <span class='ocrx_word' id='word_1_121' title='bbox 1119 884 1257 918; x_wconf 89' lang='lat' dir='ltr'>tamen</span> <span class='ocrx_word' id='word_1_122' title='bbox 1280 892 1422 918; x_wconf 88' lang='lat' dir='ltr'>earum</span> <span class='ocrx_word' id='word_1_123' title='bbox 1444 892 1581 919; x_wconf 88' lang='lat' dir='ltr'>rerum</span> <span class='ocrx_word' id='word_1_124' title='bbox 1604 878 1933 932; x_wconf 90' lang='lat' dir='ltr'>disputationem</span> 
     </span>
     <span class='ocr_line' id='line_1_13' title="bbox 160 940 1934 996; baseline -0.002 -13"><span class='ocrx_word' id='word_1_125' title='bbox 160 943 420 996; x_wconf 88' lang='lat' dir='ltr'>principibus</span> <span class='ocrx_word' id='word_1_126' title='bbox 453 943 632 983; x_wconf 82' lang='lat' dir='ltr'>civitatis</span> <span class='ocrx_word' id='word_1_127' title='bbox 665 956 748 982; x_wconf 87' lang='lat' dir='ltr'>non</span> <span class='ocrx_word' id='word_1_128' title='bbox 780 943 838 983; x_wconf 86' lang='lat' dir='ltr'>ita</span> <span class='ocrx_word' id='word_1_129' title='bbox 870 943 1065 983; x_wconf 86' lang='lat' dir='ltr'>decoram</span> <span class='ocrx_word' id='word_1_130' title='bbox 1098 946 1260 994; x_wconf 87' lang='lat' dir='ltr'>putent.</span> <span class='ocrx_word' id='word_1_131' title='bbox 1320 941 1409 994; x_wconf 88' lang='lat' dir='ltr'>Ego</span> <span class='ocrx_word' id='word_1_132' title='bbox 1441 947 1595 990; x_wconf 90' lang='lat' dir='ltr'>autem,</span> <span class='ocrx_word' id='word_1_133' title='bbox 1630 955 1722 981; x_wconf 88' lang='lat' dir='ltr'>cum</span> <span class='ocrx_word' id='word_1_134' title='bbox 1755 940 1934 980; x_wconf 87' lang='lat' dir='ltr'>Graecas</span> 
     </span>
     <span class='ocr_line' id='line_1_14' title="bbox 161 1002 1934 1057; baseline -0.001 -13"><span class='ocrx_word' id='word_1_135' title='bbox 161 1006 319 1046; x_wconf 83' lang='lat' dir='ltr'>litteras</span> <span class='ocrx_word' id='word_1_136' title='bbox 352 1006 406 1044; x_wconf 85' lang='lat' dir='ltr'>M.</span> <span class='ocrx_word' id='word_1_137' title='bbox 440 1006 638 1045; x_wconf 76' lang='lat' dir='ltr'>Catonem</span> <span class='ocrx_word' id='word_1_138' title='bbox 669 1006 709 1044; x_wconf 92' lang='lat' dir='ltr'>in</span> <span class='ocrx_word' id='word_1_139' title='bbox 743 1010 956 1045; x_wconf 85' lang='lat' dir='ltr'>senectute</span> <span class='ocrx_word' id='word_1_140' title='bbox 989 1005 1187 1044; x_wconf 88' lang='lat' dir='ltr'>didicisse</span> <span class='ocrx_word' id='word_1_141' title='bbox 1219 1003 1474 1057; x_wconf 87' lang='lat' dir='ltr'>acceperim,</span> <span class='ocrx_word' id='word_1_142' title='bbox 1505 1004 1547 1043; x_wconf 87' lang='lat' dir='ltr'>P.</span> <span class='ocrx_word' id='word_1_143' title='bbox 1579 1008 1719 1043; x_wconf 89' lang='lat' dir='ltr'>antem</span> <span class='ocrx_word' id='word_1_144' title='bbox 1750 1002 1934 1043; x_wconf 77' lang='lat' dir='ltr'>Africani</span> 
     </span>
     <span class='ocr_line' id='line_1_15' title="bbox 160 1066 1936 1121; baseline -0.002 -14"><span class='ocrx_word' id='word_1_145' title='bbox 160 1068 358 1109; x_wconf 84' lang='lat' dir='ltr'>historiae</span> <span class='ocrx_word' id='word_1_146' title='bbox 397 1068 624 1121; x_wconf 88' lang='lat' dir='ltr'>loquantur</span> <span class='ocrx_word' id='word_1_147' title='bbox 662 1068 704 1107; x_wconf 92' lang='lat' dir='ltr'>in</span> <span class='ocrx_word' id='word_1_148' title='bbox 744 1068 953 1120; x_wconf 83' lang='lat' dir='ltr'>legatione</span> <span class='ocrx_word' id='word_1_149' title='bbox 985 1067 1057 1107; x_wconf 90' lang='lat' dir='ltr'>illa</span> <span class='ocrx_word' id='word_1_150' title='bbox 1088 1066 1244 1113; x_wconf 90' lang='lat' dir='ltr'>nobili,</span> <span class='ocrx_word' id='word_1_151' title='bbox 1282 1079 1409 1119; x_wconf 90' lang='lat' dir='ltr'>quam</span> <span class='ocrx_word' id='word_1_152' title='bbox 1440 1071 1536 1106; x_wconf 89' lang='lat' dir='ltr'>ante</span> <span class='ocrx_word' id='word_1_153' title='bbox 1568 1079 1788 1106; x_wconf 85' lang='lat' dir='ltr'>censuram</span> <span class='ocrx_word' id='word_1_154' title='bbox 1820 1066 1936 1113; x_wconf 90' lang='lat' dir='ltr'>obiit,</span> 
     </span>
     <span class='ocr_line' id='line_1_16' title="bbox 161 1129 2009 1176; baseline -0.002 -6"><span class='ocrx_word' id='word_1_155' title='bbox 161 1131 401 1172; x_wconf 87' lang='lat' dir='ltr'>Panaetium</span> <span class='ocrx_word' id='word_1_156' title='bbox 433 1144 562 1170; x_wconf 90' lang='lat' dir='ltr'>unum</span> <span class='ocrx_word' id='word_1_157' title='bbox 595 1131 766 1170; x_wconf 89' lang='lat' dir='ltr'>omnino</span> <span class='ocrx_word' id='word_1_158' title='bbox 800 1131 992 1170; x_wconf 80' lang='lat' dir='ltr'>comitem</span> <span class='ocrx_word' id='word_1_159' title='bbox 1023 1130 1177 1176; x_wconf 83' lang='lat' dir='ltr'>fnisse,</span> <span class='ocrx_word' id='word_1_160' title='bbox 1210 1143 1287 1168; x_wconf 88' lang='lat' dir='ltr'>nec</span> <span class='ocrx_word' id='word_1_161' title='bbox 1318 1129 1552 1169; x_wconf 88' lang='lat' dir='ltr'>litterarum</span> <span class='ocrx_word' id='word_1_162' title='bbox 1579 1129 1830 1169; x_wconf 89' lang='lat' dir='ltr'>Graecarum</span> <span class='ocrx_word' id='word_1_163' title='bbox 1857 1136 2009 1167; x_wconf 73' lang='lat' dir='ltr'>necl5·</span> 
     </span>
     <span class='ocr_line' id='line_1_17' title="bbox 161 1190 1935 1246; baseline -0.001 -15"><span class='ocrx_word' id='word_1_164' title='bbox 161 1193 455 1246; x_wconf 88' lang='lat' dir='ltr'>philosophiae</span> <span class='ocrx_word' id='word_1_165' title='bbox 487 1193 568 1232; x_wconf 92' lang='lat' dir='ltr'>iam</span> <span class='ocrx_word' id='word_1_166' title='bbox 599 1193 730 1232; x_wconf 92' lang='lat' dir='ltr'>ullum</span> <span class='ocrx_word' id='word_1_167' title='bbox 763 1200 974 1233; x_wconf 86' lang='lat' dir='ltr'>auctorem</span> <span class='ocrx_word' id='word_1_168' title='bbox 1004 1193 1188 1246; x_wconf 89' lang='lat' dir='ltr'>requiro.</span> <span class='ocrx_word' id='word_1_169' title='bbox 1237 1190 1276 1231; x_wconf 83' lang='grc'>6.</span> <span class='ocrx_word' id='word_1_170' title='bbox 1307 1193 1452 1232; x_wconf 88' lang='lat' dir='ltr'>Restat</span> <span class='ocrx_word' id='word_1_171' title='bbox 1482 1196 1529 1232; x_wconf 89' lang='lat' dir='ltr'>ut</span> <span class='ocrx_word' id='word_1_172' title='bbox 1559 1192 1609 1232; x_wconf 94' lang='lat' dir='ltr'>iis</span> <span class='ocrx_word' id='word_1_173' title='bbox 1640 1191 1935 1245; x_wconf 88' lang='lat' dir='ltr'>respondeam,</span> 
     </span>
     <span class='ocr_line' id='line_1_18' title="bbox 163 1253 1936 1309; baseline -0.002 -14"><span class='ocrx_word' id='word_1_174' title='bbox 163 1257 234 1308; x_wconf 93' lang='lat' dir='ltr'>qui</span> <span class='ocrx_word' id='word_1_175' title='bbox 278 1255 542 1295; x_wconf 87' lang='lat' dir='ltr'>sermonibus</span> <span class='ocrx_word' id='word_1_176' title='bbox 582 1256 671 1295; x_wconf 88' lang='lat' dir='ltr'>eins</span> <span class='ocrx_word' id='word_1_177' title='bbox 714 1254 823 1295; x_wconf 87' lang='lat' dir='ltr'>modi</span> <span class='ocrx_word' id='word_1_178' title='bbox 863 1256 998 1296; x_wconf 89' lang='lat' dir='ltr'>nolint</span> <span class='ocrx_word' id='word_1_179' title='bbox 1034 1268 1238 1309; x_wconf 88' lang='lat' dir='ltr'>personas</span> <span class='ocrx_word' id='word_1_180' title='bbox 1271 1260 1354 1295; x_wconf 83' lang='lat' dir='ltr'>tam</span> <span class='ocrx_word' id='word_1_181' title='bbox 1386 1268 1533 1308; x_wconf 86' lang='lat' dir='ltr'>graves</span> <span class='ocrx_word' id='word_1_182' title='bbox 1564 1254 1745 1308; x_wconf 82' lang='lat' dir='ltr'>inligari.</span> <span class='ocrx_word' id='word_1_183' title='bbox 1806 1253 1936 1302; x_wconf 88' lang='lat' dir='ltr'>Quasi</span> 
     </span>
     <span class='ocr_line' id='line_1_19' title="bbox 163 1315 1935 1371; baseline -0.002 -13"><span class='ocrx_word' id='word_1_184' title='bbox 163 1334 260 1358; x_wconf 77' lang='lat' dir='ltr'>vero</span> <span class='ocrx_word' id='word_1_185' title='bbox 293 1320 499 1359; x_wconf 84' lang='lat' dir='ltr'>clarorum</span> <span class='ocrx_word' id='word_1_186' title='bbox 531 1318 717 1359; x_wconf 87' lang='lat' dir='ltr'>virorum</span> <span class='ocrx_word' id='word_1_187' title='bbox 749 1324 819 1358; x_wconf 89' lang='lat' dir='ltr'>aut</span> <span class='ocrx_word' id='word_1_188' title='bbox 852 1319 996 1358; x_wconf 89' lang='lat' dir='ltr'>tacitos</span> <span class='ocrx_word' id='word_1_189' title='bbox 1029 1331 1277 1370; x_wconf 82' lang='lat' dir='ltr'>congressus</span> <span class='ocrx_word' id='word_1_190' title='bbox 1309 1331 1400 1357; x_wconf 92' lang='lat' dir='ltr'>esse</span> <span class='ocrx_word' id='word_1_191' title='bbox 1423 1322 1618 1371; x_wconf 89' lang='lat' dir='ltr'>oporteat</span> <span class='ocrx_word' id='word_1_192' title='bbox 1648 1320 1719 1357; x_wconf 84' lang='lat' dir='ltr'>aut</span> <span class='ocrx_word' id='word_1_193' title='bbox 1749 1315 1935 1356; x_wconf 86' lang='lat' dir='ltr'>ludicros</span> 
     </span>
     <span class='ocr_line' id='line_1_20' title="bbox 162 1378 1934 1435; baseline -0.002 -14"><span class='ocrx_word' id='word_1_194' title='bbox 162 1395 373 1421; x_wconf 78' lang='lat' dir='ltr'>sermones</span> <span class='ocrx_word' id='word_1_195' title='bbox 416 1386 487 1421; x_wconf 91' lang='lat' dir='ltr'>aut</span> <span class='ocrx_word' id='word_1_196' title='bbox 528 1394 665 1421; x_wconf 90' lang='lat' dir='ltr'>rerum</span> <span class='ocrx_word' id='word_1_197' title='bbox 708 1381 935 1435; x_wconf 90' lang='lat' dir='ltr'>conloquia</span> <span class='ocrx_word' id='word_1_198' title='bbox 965 1380 1192 1420; x_wconf 86' lang='lat' dir='ltr'>leviorum!</span> <span class='ocrx_word' id='word_1_199' title='bbox 1245 1380 1433 1428; x_wconf 89' lang='lat' dir='ltr'>Etenim,</span> <span class='ocrx_word' id='word_1_200' title='bbox 1471 1381 1505 1420; x_wconf 92' lang='lat' dir='ltr'>si</span> <span class='ocrx_word' id='word_1_201' title='bbox 1538 1379 1721 1434; x_wconf 91' lang='lat' dir='ltr'>quodam</span> <span class='ocrx_word' id='word_1_202' title='bbox 1752 1379 1796 1418; x_wconf 91' lang='lat' dir='ltr'>in</span> <span class='ocrx_word' id='word_1_203' title='bbox 1826 1378 1934 1418; x_wconf 91' lang='lat' dir='ltr'>libro</span> 
     </span>
     <span class='ocr_line' id='line_1_21' title="bbox 160 1442 1985 1497; baseline -0.002 -13"><span class='ocrx_word' id='word_1_204' title='bbox 160 1458 256 1484; x_wconf 79' lang='lat' dir='ltr'>vere</span> <span class='ocrx_word' id='word_1_205' title='bbox 288 1450 351 1484; x_wconf 88' lang='lat' dir='ltr'>est</span> <span class='ocrx_word' id='word_1_206' title='bbox 382 1457 406 1484; x_wconf 94' lang='lat' dir='ltr'>a</span> <span class='ocrx_word' id='word_1_207' title='bbox 436 1444 556 1483; x_wconf 91' lang='lat' dir='ltr'>nobis</span> <span class='ocrx_word' id='word_1_208' title='bbox 588 1443 855 1497; x_wconf 87' lang='lat' dir='ltr'>philosophia</span> <span class='ocrx_word' id='word_1_209' title='bbox 884 1443 1076 1491; x_wconf 87' lang='lat' dir='ltr'>laudata,</span> <span class='ocrx_word' id='word_1_210' title='bbox 1117 1443 1305 1496; x_wconf 83' lang='lat' dir='ltr'>profecto</span> <span class='ocrx_word' id='word_1_211' title='bbox 1338 1443 1430 1483; x_wconf 90' lang='lat' dir='ltr'>eius</span> <span class='ocrx_word' id='word_1_212' title='bbox 1460 1443 1648 1484; x_wconf 87' lang='lat' dir='ltr'>tractatio</span> <span class='ocrx_word' id='word_1_213' title='bbox 1682 1442 1843 1496; x_wconf 89' lang='lat' dir='ltr'>optimo</span> <span class='ocrx_word' id='word_1_214' title='bbox 1875 1446 1935 1481; x_wconf 90' lang='lat' dir='ltr'>at·</span> <span class='ocrx_word' id='word_1_215' title='bbox 1948 1451 1985 1480; x_wconf 75' lang='lat'>20</span> 
     </span>
     <span class='ocr_line' id='line_1_22' title="bbox 161 1504 1935 1562; baseline -0.002 -15"><span class='ocrx_word' id='word_1_216' title='bbox 161 1521 242 1562; x_wconf 92' lang='lat' dir='ltr'>que</span> <span class='ocrx_word' id='word_1_217' title='bbox 282 1507 537 1561; x_wconf 89' lang='lat' dir='ltr'>amplissimo</span> <span class='ocrx_word' id='word_1_218' title='bbox 578 1520 747 1560; x_wconf 90' lang='lat' dir='ltr'>quoque</span> <span class='ocrx_word' id='word_1_219' title='bbox 788 1507 1033 1560; x_wconf 88' lang='lat' dir='ltr'>dignissima</span> <span class='ocrx_word' id='word_1_220' title='bbox 1068 1511 1154 1552; x_wconf 88' lang='lat' dir='ltr'>est,</span> <span class='ocrx_word' id='word_1_221' title='bbox 1198 1520 1274 1546; x_wconf 86' lang='lat' dir='ltr'>nec</span> <span class='ocrx_word' id='word_1_222' title='bbox 1304 1507 1531 1560; x_wconf 86' lang='lat' dir='ltr'>quicquam</span> <span class='ocrx_word' id='word_1_223' title='bbox 1561 1505 1677 1546; x_wconf 91' lang='lat' dir='ltr'>aliud</span> <span class='ocrx_word' id='word_1_224' title='bbox 1708 1504 1935 1547; x_wconf 89' lang='lat' dir='ltr'>videndum</span> 
     </span>
     <span class='ocr_line' id='line_1_23' title="bbox 161 1566 1935 1623; baseline -0.002 -13"><span class='ocrx_word' id='word_1_225' title='bbox 161 1576 222 1610; x_wconf 90' lang='lat' dir='ltr'>est</span> <span class='ocrx_word' id='word_1_226' title='bbox 252 1570 393 1618; x_wconf 91' lang='lat' dir='ltr'>nobis,</span> <span class='ocrx_word' id='word_1_227' title='bbox 426 1583 533 1623; x_wconf 91' lang='lat' dir='ltr'>quos</span> <span class='ocrx_word' id='word_1_228' title='bbox 565 1570 745 1622; x_wconf 86' lang='lat' dir='ltr'>populus</span> <span class='ocrx_word' id='word_1_229' title='bbox 777 1570 989 1610; x_wconf 85' lang='lat' dir='ltr'>Romanus</span> <span class='ocrx_word' id='word_1_230' title='bbox 1021 1570 1100 1609; x_wconf 87' lang='lat' dir='ltr'>hoc</span> <span class='ocrx_word' id='word_1_231' title='bbox 1131 1569 1174 1609; x_wconf 92' lang='lat' dir='ltr'>in</span> <span class='ocrx_word' id='word_1_232' title='bbox 1206 1568 1337 1622; x_wconf 87' lang='lat' dir='ltr'>gradu</span> <span class='ocrx_word' id='word_1_233' title='bbox 1363 1568 1622 1616; x_wconf 86' lang='lat' dir='ltr'>conlocavit,</span> <span class='ocrx_word' id='word_1_234' title='bbox 1654 1568 1735 1608; x_wconf 90' lang='lat' dir='ltr'>nisi</span> <span class='ocrx_word' id='word_1_235' title='bbox 1760 1582 1812 1607; x_wconf 92' lang='lat' dir='ltr'>ne</span> <span class='ocrx_word' id='word_1_236' title='bbox 1835 1566 1935 1620; x_wconf 89' lang='lat' dir='ltr'>quid</span> 
     </span>
     <span class='ocr_line' id='line_1_24' title="bbox 159 1630 1936 1687; baseline -0.001 -15"><span class='ocrx_word' id='word_1_237' title='bbox 159 1633 329 1687; x_wconf 85' lang='lat' dir='ltr'>privatis</span> <span class='ocrx_word' id='word_1_238' title='bbox 361 1632 509 1672; x_wconf 90' lang='lat' dir='ltr'>studiis</span> <span class='ocrx_word' id='word_1_239' title='bbox 542 1632 592 1671; x_wconf 89' lang='lat' dir='ltr'>de</span> <span class='ocrx_word' id='word_1_240' title='bbox 625 1644 748 1684; x_wconf 88' lang='lat' dir='ltr'>opera</span> <span class='ocrx_word' id='word_1_241' title='bbox 781 1631 947 1684; x_wconf 88' lang='lat' dir='ltr'>publica</span> <span class='ocrx_word' id='word_1_242' title='bbox 979 1631 1259 1672; x_wconf 88' lang='lat' dir='ltr'>detrahamus.</span> <span class='ocrx_word' id='word_1_243' title='bbox 1322 1630 1445 1678; x_wconf 86' lang='lat' dir='ltr'>Quod</span> <span class='ocrx_word' id='word_1_244' title='bbox 1479 1631 1539 1678; x_wconf 90' lang='lat' dir='ltr'>si,</span> <span class='ocrx_word' id='word_1_245' title='bbox 1572 1644 1663 1671; x_wconf 87' lang='lat' dir='ltr'>cum</span> <span class='ocrx_word' id='word_1_246' title='bbox 1694 1631 1813 1684; x_wconf 87' lang='lat' dir='ltr'>fungi</span> <span class='ocrx_word' id='word_1_247' title='bbox 1844 1644 1936 1670; x_wconf 91' lang='lat' dir='ltr'>mu-</span> 
     </span>
     <span class='ocr_line' id='line_1_25' title="bbox 161 1694 1934 1748; baseline -0.001 -13"><span class='ocrx_word' id='word_1_248' title='bbox 161 1709 259 1735; x_wconf 89' lang='lat' dir='ltr'>nere</span> <span class='ocrx_word' id='word_1_249' title='bbox 292 1695 567 1741; x_wconf 85' lang='lat' dir='ltr'>debebamus,</span> <span class='ocrx_word' id='word_1_250' title='bbox 598 1707 680 1734; x_wconf 90' lang='lat' dir='ltr'>non</span> <span class='ocrx_word' id='word_1_251' title='bbox 714 1694 838 1734; x_wconf 90' lang='lat' dir='ltr'>modo</span> <span class='ocrx_word' id='word_1_252' title='bbox 869 1707 1035 1748; x_wconf 89' lang='lat' dir='ltr'>operam</span> <span class='ocrx_word' id='word_1_253' title='bbox 1067 1698 1253 1734; x_wconf 89' lang='lat' dir='ltr'>nostram</span> <span class='ocrx_word' id='word_1_254' title='bbox 1283 1707 1512 1747; x_wconf 89' lang='lat' dir='ltr'>numquam</span> <span class='ocrx_word' id='word_1_255' title='bbox 1543 1707 1566 1734; x_wconf 92' lang='lat' dir='ltr'>a</span> <span class='ocrx_word' id='word_1_256' title='bbox 1594 1695 1790 1747; x_wconf 90' lang='lat' dir='ltr'>populari</span> <span class='ocrx_word' id='word_1_257' title='bbox 1812 1698 1934 1735; x_wconf 87' lang='lat' dir='ltr'>coetu</span> 
     </span>
     <span class='ocr_line' id='line_1_26' title="bbox 162 1756 1984 1811; baseline -0.003 -13"><span class='ocrx_word' id='word_1_258' title='bbox 162 1759 435 1806; x_wconf 89' lang='lat' dir='ltr'>removimus,</span> <span class='ocrx_word' id='word_1_259' title='bbox 473 1757 546 1797; x_wconf 87' lang='lat' dir='ltr'>sed</span> <span class='ocrx_word' id='word_1_260' title='bbox 586 1771 638 1797; x_wconf 89' lang='lat' dir='ltr'>ne</span> <span class='ocrx_word' id='word_1_261' title='bbox 669 1757 848 1796; x_wconf 87' lang='lat' dir='ltr'>litteram</span> <span class='ocrx_word' id='word_1_262' title='bbox 881 1756 1053 1810; x_wconf 87' lang='lat' dir='ltr'>quidem</span> <span class='ocrx_word' id='word_1_263' title='bbox 1083 1757 1212 1796; x_wconf 89' lang='lat' dir='ltr'>ullam</span> <span class='ocrx_word' id='word_1_264' title='bbox 1242 1756 1418 1797; x_wconf 82' lang='lat' dir='ltr'>fecimus</span> <span class='ocrx_word' id='word_1_265' title='bbox 1450 1756 1530 1797; x_wconf 90' lang='lat' dir='ltr'>nisi</span> <span class='ocrx_word' id='word_1_266' title='bbox 1562 1756 1797 1805; x_wconf 90' lang='lat' dir='ltr'>forensem,</span> <span class='ocrx_word' id='word_1_267' title='bbox 1838 1756 1932 1811; x_wconf 91' lang='lat' dir='ltr'>quis</span> <span class='ocrx_word' id='word_1_268' title='bbox 1945 1765 1984 1797; x_wconf 79' lang='lat'>25</span> 
     </span>
     <span class='ocr_line' id='line_1_27' title="bbox 161 1820 1934 1874; baseline -0.001 -14"><span class='ocrx_word' id='word_1_269' title='bbox 161 1822 386 1874; x_wconf 87' lang='lat' dir='ltr'>reprendet</span> <span class='ocrx_word' id='word_1_270' title='bbox 417 1820 546 1861; x_wconf 89' lang='lat' dir='ltr'>otium</span> <span class='ocrx_word' id='word_1_271' title='bbox 577 1826 787 1868; x_wconf 88' lang='lat' dir='ltr'>nostrum,</span> <span class='ocrx_word' id='word_1_272' title='bbox 834 1820 907 1873; x_wconf 92' lang='lat' dir='ltr'>qui</span> <span class='ocrx_word' id='word_1_273' title='bbox 942 1820 984 1859; x_wconf 92' lang='lat' dir='ltr'>in</span> <span class='ocrx_word' id='word_1_274' title='bbox 1016 1833 1065 1860; x_wconf 91' lang='lat' dir='ltr'>eo</span> <span class='ocrx_word' id='word_1_275' title='bbox 1096 1833 1181 1859; x_wconf 91' lang='lat' dir='ltr'>non</span> <span class='ocrx_word' id='word_1_276' title='bbox 1214 1820 1336 1860; x_wconf 89' lang='lat' dir='ltr'>modo</span> <span class='ocrx_word' id='word_1_277' title='bbox 1367 1825 1533 1860; x_wconf 87' lang='lat' dir='ltr'>nosmet</span> <span class='ocrx_word' id='word_1_278' title='bbox 1562 1820 1676 1874; x_wconf 91' lang='lat' dir='ltr'>ipsos</span> <span class='ocrx_word' id='word_1_279' title='bbox 1706 1820 1934 1861; x_wconf 85' lang='lat' dir='ltr'>hebescere</span> 
     </span>
     <span class='ocr_line' id='line_1_28' title="bbox 161 1882 1933 1936; baseline -0.001 -13"><span class='ocrx_word' id='word_1_280' title='bbox 161 1887 201 1923; x_wconf 86' lang='lat' dir='ltr'>et</span> <span class='ocrx_word' id='word_1_281' title='bbox 232 1883 430 1936; x_wconf 84' lang='lat' dir='ltr'>languere</span> <span class='ocrx_word' id='word_1_282' title='bbox 461 1883 674 1931; x_wconf 89' lang='lat' dir='ltr'>nolumus,</span> <span class='ocrx_word' id='word_1_283' title='bbox 707 1882 780 1923; x_wconf 90' lang='lat' dir='ltr'>sed</span> <span class='ocrx_word' id='word_1_284' title='bbox 813 1883 938 1921; x_wconf 90' lang='lat' dir='ltr'>etiam</span> <span class='ocrx_word' id='word_1_285' title='bbox 971 1886 1016 1921; x_wconf 90' lang='lat' dir='ltr'>ut</span> <span class='ocrx_word' id='word_1_286' title='bbox 1046 1882 1234 1935; x_wconf 89' lang='lat' dir='ltr'>plurimis</span> <span class='ocrx_word' id='word_1_287' title='bbox 1257 1882 1462 1936; x_wconf 87' lang='lat' dir='ltr'>prosimus</span> <span class='ocrx_word' id='word_1_288' title='bbox 1486 1882 1716 1923; x_wconf 74' lang='lat' dir='ltr'>enitimur?</span> <span class='ocrx_word' id='word_1_289' title='bbox 1749 1882 1933 1923; x_wconf 87' lang='lat' dir='ltr'>Gloriam</span> 
     </span>
     <span class='ocr_line' id='line_1_29' title="bbox 161 1945 1934 2000; baseline -0.001 -15"><span class='ocrx_word' id='word_1_290' title='bbox 161 1959 258 1986; x_wconf 89' lang='lat' dir='ltr'>vero</span> <span class='ocrx_word' id='word_1_291' title='bbox 290 1960 374 1986; x_wconf 92' lang='lat' dir='ltr'>non</span> <span class='ocrx_word' id='word_1_292' title='bbox 406 1946 530 1986; x_wconf 91' lang='lat' dir='ltr'>modo</span> <span class='ocrx_word' id='word_1_293' title='bbox 561 1959 645 1985; x_wconf 92' lang='lat' dir='ltr'>non</span> <span class='ocrx_word' id='word_1_294' title='bbox 677 1945 826 1992; x_wconf 90' lang='lat' dir='ltr'>minui,</span> <span class='ocrx_word' id='word_1_295' title='bbox 859 1945 932 1984; x_wconf 89' lang='lat' dir='ltr'>sed</span> <span class='ocrx_word' id='word_1_296' title='bbox 965 1945 1089 1984; x_wconf 83' lang='lat' dir='ltr'>etiam</span> <span class='ocrx_word' id='word_1_297' title='bbox 1120 1945 1264 1997; x_wconf 90' lang='lat' dir='ltr'>augeri</span> <span class='ocrx_word' id='word_1_298' title='bbox 1286 1945 1535 1985; x_wconf 85' lang='lat' dir='ltr'>arbitramur</span> <span class='ocrx_word' id='word_1_299' title='bbox 1556 1958 1720 1995; x_wconf 89' lang='lat' dir='ltr'>eorum,</span> <span class='ocrx_word' id='word_1_300' title='bbox 1753 1958 1934 2000; x_wconf 90' lang='lat' dir='ltr'>quorum</span> 
     </span>
     <span class='ocr_line' id='line_1_30' title="bbox 162 2005 1935 2062; baseline -0.001 -14"><span class='ocrx_word' id='word_1_301' title='bbox 162 2007 213 2047; x_wconf 90' lang='lat' dir='ltr'>ad</span> <span class='ocrx_word' id='word_1_302' title='bbox 258 2008 470 2062; x_wconf 90' lang='lat' dir='ltr'>popularis</span> <span class='ocrx_word' id='word_1_303' title='bbox 512 2007 787 2061; x_wconf 87' lang='lat' dir='ltr'>inlustrisque</span> <span class='ocrx_word' id='word_1_304' title='bbox 828 2005 972 2047; x_wconf 90' lang='lat' dir='ltr'>laudes</span> <span class='ocrx_word' id='word_1_305' title='bbox 1002 2007 1078 2047; x_wconf 90' lang='lat' dir='ltr'>has</span> <span class='ocrx_word' id='word_1_306' title='bbox 1110 2008 1233 2047; x_wconf 92' lang='lat' dir='ltr'>etiam</span> <span class='ocrx_word' id='word_1_307' title='bbox 1264 2007 1403 2047; x_wconf 89' lang='lat' dir='ltr'>minus</span> <span class='ocrx_word' id='word_1_308' title='bbox 1434 2013 1555 2048; x_wconf 91' lang='lat' dir='ltr'>notas</span> <span class='ocrx_word' id='word_1_309' title='bbox 1586 2009 1811 2062; x_wconf 90' lang='lat' dir='ltr'>minusque</span> <span class='ocrx_word' id='word_1_310' title='bbox 1842 2020 1935 2061; x_wconf 89' lang='lat' dir='ltr'>per-</span> 
     </span>
     <span class='ocr_line' id='line_1_31' title="bbox 161 2068 1984 2125; baseline 0 -16"><span class='ocrx_word' id='word_1_311' title='bbox 161 2071 349 2123; x_wconf 82' lang='lat' dir='ltr'>volgatas</span> <span class='ocrx_word' id='word_1_312' title='bbox 391 2070 671 2123; x_wconf 86' lang='lat' dir='ltr'>adiungimus.</span> <span class='ocrx_word' id='word_1_313' title='bbox 732 2068 770 2108; x_wconf 90' lang='lat'>7.</span> <span class='ocrx_word' id='word_1_314' title='bbox 802 2069 909 2110; x_wconf 90' lang='lat' dir='ltr'>Sunt</span> <span class='ocrx_word' id='word_1_315' title='bbox 946 2070 1070 2110; x_wconf 88' lang='lat' dir='ltr'>etiam</span> <span class='ocrx_word' id='word_1_316' title='bbox 1110 2070 1183 2124; x_wconf 91' lang='lat' dir='ltr'>qui</span> <span class='ocrx_word' id='word_1_317' title='bbox 1216 2076 1370 2123; x_wconf 87' lang='lat' dir='ltr'>negent</span> <span class='ocrx_word' id='word_1_318' title='bbox 1400 2070 1443 2110; x_wconf 92' lang='lat' dir='ltr'>in</span> <span class='ocrx_word' id='word_1_319' title='bbox 1473 2070 1562 2119; x_wconf 87' lang='lat' dir='ltr'>his,</span> <span class='ocrx_word' id='word_1_320' title='bbox 1600 2071 1674 2125; x_wconf 92' lang='lat' dir='ltr'>qui</span> <span class='ocrx_word' id='word_1_321' title='bbox 1703 2071 1748 2111; x_wconf 92' lang='lat' dir='ltr'>in</span> <span class='ocrx_word' id='word_1_322' title='bbox 1777 2069 1933 2111; x_wconf 92' lang='lat' dir='ltr'>nostris</span> <span class='ocrx_word' id='word_1_323' title='bbox 1948 2080 1984 2110; x_wconf 90' lang='lat'>30</span> 
     </span>
     <span class='ocr_line' id='line_1_32' title="bbox 161 2132 1933 2187; baseline -0.001 -15"><span class='ocrx_word' id='word_1_324' title='bbox 161 2133 277 2174; x_wconf 90' lang='lat' dir='ltr'>libris</span> <span class='ocrx_word' id='word_1_325' title='bbox 310 2134 548 2187; x_wconf 87' lang='lat' dir='ltr'>disputent,</span> <span class='ocrx_word' id='word_1_326' title='bbox 584 2132 715 2173; x_wconf 86' lang='lat' dir='ltr'>fuisse</span> <span class='ocrx_word' id='word_1_327' title='bbox 748 2145 891 2172; x_wconf 90' lang='lat' dir='ltr'>earum</span> <span class='ocrx_word' id='word_1_328' title='bbox 920 2146 1084 2181; x_wconf 87' lang='lat' dir='ltr'>rerum,</span> <span class='ocrx_word' id='word_1_329' title='bbox 1126 2133 1178 2172; x_wconf 92' lang='lat' dir='ltr'>de</span> <span class='ocrx_word' id='word_1_330' title='bbox 1210 2133 1364 2186; x_wconf 91' lang='lat' dir='ltr'>quibus</span> <span class='ocrx_word' id='word_1_331' title='bbox 1395 2133 1651 2187; x_wconf 88' lang='lat' dir='ltr'>disputatur,</span> <span class='ocrx_word' id='word_1_332' title='bbox 1690 2132 1933 2174; x_wconf 86' lang='lat' dir='ltr'>scientiam:</span> 
     </span>
     <span class='ocr_line' id='line_1_33' title="bbox 161 2194 1732 2249; baseline 0.001 -14"><span class='ocrx_word' id='word_1_333' title='bbox 161 2195 234 2249; x_wconf 94' lang='lat' dir='ltr'>qui</span> <span class='ocrx_word' id='word_1_334' title='bbox 268 2196 368 2236; x_wconf 90' lang='lat' dir='ltr'>mihi</span> <span class='ocrx_word' id='word_1_335' title='bbox 400 2195 593 2236; x_wconf 88' lang='lat' dir='ltr'>videntur</span> <span class='ocrx_word' id='word_1_336' title='bbox 624 2209 708 2235; x_wconf 88' lang='lat' dir='ltr'>non</span> <span class='ocrx_word' id='word_1_337' title='bbox 739 2196 872 2235; x_wconf 89' lang='lat' dir='ltr'>solum</span> <span class='ocrx_word' id='word_1_338' title='bbox 905 2195 1030 2243; x_wconf 87' lang='lat' dir='ltr'>vivis,</span> <span class='ocrx_word' id='word_1_339' title='bbox 1062 2194 1135 2235; x_wconf 90' lang='lat' dir='ltr'>sed</span> <span class='ocrx_word' id='word_1_340' title='bbox 1167 2197 1291 2236; x_wconf 89' lang='lat' dir='ltr'>etiam</span> <span class='ocrx_word' id='word_1_341' title='bbox 1322 2197 1497 2236; x_wconf 87' lang='lat' dir='ltr'>mortuis</span> <span class='ocrx_word' id='word_1_342' title='bbox 1529 2197 1732 2237; x_wconf 87' lang='lat' dir='ltr'>invidere.</span> 
     </span>
    </p>

    <p class='ocr_par' dir='ltr' id='par_1_3' title="bbox 244 2258 1936 2314">
     <span class='ocr_line' id='line_1_34' title="bbox 244 2258 1936 2314; baseline 0.002 -17"><span class='ocrx_word' id='word_1_343' title='bbox 244 2258 314 2297; x_wconf 84' lang='grc' dir='ltr'><strong>ΙΙΙ.</strong></span> <span class='ocrx_word' id='word_1_344' title='bbox 354 2260 492 2300; x_wconf 87' lang='lat' dir='ltr'>Restat</span> <span class='ocrx_word' id='word_1_345' title='bbox 522 2272 652 2299; x_wconf 89' lang='lat' dir='ltr'>unum</span> <span class='ocrx_word' id='word_1_346' title='bbox 683 2272 814 2312; x_wconf 87' lang='lat' dir='ltr'>genus</span> <span class='ocrx_word' id='word_1_347' title='bbox 846 2258 1220 2312; x_wconf 87' lang='lat' dir='ltr'>reprehensorum,</span> <span class='ocrx_word' id='word_1_348' title='bbox 1255 2259 1409 2314; x_wconf 88' lang='lat' dir='ltr'>quibus</span> <span class='ocrx_word' id='word_1_349' title='bbox 1429 2259 1683 2301; x_wconf 83' lang='lat' dir='ltr'>Academiae</span> <span class='ocrx_word' id='word_1_350' title='bbox 1713 2259 1818 2300; x_wconf 90' lang='lat' dir='ltr'>ratio</span> <span class='ocrx_word' id='word_1_351' title='bbox 1849 2272 1936 2300; x_wconf 93' lang='lat' dir='ltr'>non</span> 
     </span>
    </p>
   </div>
   <div class='ocr_carea' id='block_1_3' title="bbox 161 2426 1948 2918">
    <p class='ocr_par' dir='ltr' id='par_1_4' title="bbox 161 2426 1948 2918">
     <span class='ocr_line' id='line_1_35' title="bbox 250 2426 1935 2469; baseline 0 -9"><span class='ocrx_word' id='word_1_352' title='bbox 250 2428 282 2460; x_wconf 91' lang='grc'>4.</span> <span class='ocrx_word' id='word_1_353' title='bbox 308 2430 336 2459; x_wconf 82' lang='lat' dir='ltr'>el</span> <span class='ocrx_word' id='word_1_354' title='bbox 366 2436 435 2459; x_wconf 83' lang='lat'>0111.</span> <span class='ocrx_word' id='word_1_355' title='bbox 463 2427 487 2458; x_wconf 90' lang='lat' dir='ltr'>B</span> <span class='ocrx_word' id='word_1_356' title='bbox 519 2444 554 2449; x_wconf 84' lang='lat'>—</span> <span class='ocrx_word' id='word_1_357' title='bbox 593 2430 622 2459; x_wconf 87' lang='lat' dir='ltr'>et</span> <span class='ocrx_word' id='word_1_358' title='bbox 652 2430 825 2466; x_wconf 76' lang='lat' dir='ltr'>quaestore</span> <span class='ocrx_word' id='word_1_359' title='bbox 854 2429 898 2465; x_wconf 80' lang='lat' dir='ltr'>G3</span> <span class='ocrx_word' id='word_1_360' title='bbox 937 2429 966 2458; x_wconf 78' lang='lat' dir='ltr'>et</span> <span class='ocrx_word' id='word_1_361' title='bbox 991 2429 1144 2466; x_wconf 78' lang='lat' dir='ltr'>quaestor</span> <span class='ocrx_word' id='word_1_362' title='bbox 1176 2426 1288 2459; x_wconf 82' lang='lat' dir='ltr'>Faber</span> <span class='ocrx_word' id='word_1_363' title='bbox 1312 2444 1348 2450; x_wconf 89' lang='lat'>—-</span> <span class='ocrx_word' id='word_1_364' title='bbox 1385 2428 1522 2469; x_wconf 77' lang='lat' dir='ltr'>aliquod</span> <span class='ocrx_word' id='word_1_365' title='bbox 1549 2426 1645 2468; x_wconf 90' lang='lat' dir='ltr'>AB¹,</span> <span class='ocrx_word' id='word_1_366' title='bbox 1682 2429 1810 2469; x_wconf 81' lang='lat' dir='ltr'>aliquid</span> <span class='ocrx_word' id='word_1_367' title='bbox 1831 2427 1873 2460; x_wconf 78' lang='lat' dir='ltr'>V¹</span> <span class='ocrx_word' id='word_1_368' title='bbox 1899 2444 1935 2451; x_wconf 90' lang='lat'>—</span> 
     </span>
     <span class='ocr_line' id='line_1_36' title="bbox 163 2476 1941 2519; baseline 0 -9"><span class='ocrx_word' id='word_1_369' title='bbox 163 2479 193 2510; x_wconf 82' lang='lat'>5.</span> <span class='ocrx_word' id='word_1_370' title='bbox 220 2478 354 2517; x_wconf 76' lang='lat' dir='ltr'>aliquod</span> <span class='ocrx_word' id='word_1_371' title='bbox 378 2480 404 2510; x_wconf 81' lang='lat' dir='ltr'><strong>A</strong></span> <span class='ocrx_word' id='word_1_372' title='bbox 420 2476 456 2509; x_wconf 67' lang='grc' dir='ltr'>Β1</span> <span class='ocrx_word' id='word_1_373' title='bbox 485 2496 519 2500; x_wconf 96' lang='grc'><strong>-</strong></span> <span class='ocrx_word' id='word_1_374' title='bbox 549 2478 668 2517; x_wconf 81' lang='lat' dir='ltr'>quique</span> <span class='ocrx_word' id='word_1_375' title='bbox 692 2477 747 2509; x_wconf 78' lang='lat' dir='ltr'>B¹z</span> <span class='ocrx_word' id='word_1_376' title='bbox 776 2478 913 2517; x_wconf 77' lang='lat' dir='ltr'>quicque</span> <span class='ocrx_word' id='word_1_377' title='bbox 937 2477 991 2515; x_wconf 72' lang='lat' dir='ltr'>Vl,</span> <span class='ocrx_word' id='word_1_378' title='bbox 1019 2486 1157 2516; x_wconf 81' lang='lat' dir='ltr'>cumque</span> <span class='ocrx_word' id='word_1_379' title='bbox 1172 2478 1271 2515; x_wconf 58' lang='grc' dir='ltr'>ΨΑ,</span> <span class='ocrx_word' id='word_1_380' title='bbox 1297 2477 1360 2509; x_wconf 87' lang='lat' dir='ltr'>sed</span> <span class='ocrx_word' id='word_1_381' title='bbox 1384 2480 1411 2510; x_wconf 95' lang='lat' dir='ltr'><strong>A</strong></span> <span class='ocrx_word' id='word_1_382' title='bbox 1435 2487 1510 2510; x_wconf 85' lang='lat' dir='ltr'>cum</span> <span class='ocrx_word' id='word_1_383' title='bbox 1534 2487 1581 2510; x_wconf 90' lang='lat' dir='ltr'>m.</span> <span class='ocrx_word' id='word_1_384' title='bbox 1600 2480 1619 2510; x_wconf 60' lang='grc' dir='ltr'>ἵ),</span> <span class='ocrx_word' id='word_1_385' title='bbox 1644 2479 1677 2510; x_wconf 90' lang='lat' dir='ltr'>in</span> <span class='ocrx_word' id='word_1_386' title='bbox 1702 2488 1792 2517; x_wconf 86' lang='lat' dir='ltr'>ras.;</span> <span class='ocrx_word' id='word_1_387' title='bbox 1820 2488 1941 2519; x_wconf 85' lang='lat' dir='ltr'>quum-</span> 
     </span>
     <span class='ocr_line' id='line_1_37' title="bbox 163 2526 1939 2569; baseline 0.001 -9"><span class='ocrx_word' id='word_1_388' title='bbox 163 2538 224 2569; x_wconf 85' lang='lat' dir='ltr'>que</span> <span class='ocrx_word' id='word_1_389' title='bbox 248 2527 325 2560; x_wconf 73' lang='lat' dir='ltr'>B²O</span> <span class='ocrx_word' id='word_1_390' title='bbox 352 2546 386 2550; x_wconf 95' lang='lat'>—-</span> <span class='ocrx_word' id='word_1_391' title='bbox 416 2529 446 2560; x_wconf 83' lang='lat'>6.</span> <span class='ocrx_word' id='word_1_392' title='bbox 474 2537 573 2567; x_wconf 83' lang='lat' dir='ltr'>quam</span> <span class='ocrx_word' id='word_1_393' title='bbox 599 2529 622 2559; x_wconf 82' lang='lat' dir='ltr'>C</span> <span class='ocrx_word' id='word_1_394' title='bbox 639 2528 681 2563; x_wconf 84' lang='lat' dir='ltr'>O;</span> <span class='ocrx_word' id='word_1_395' title='bbox 716 2537 781 2566; x_wconf 83' lang='lat' dir='ltr'>qua</span> <span class='ocrx_word' id='word_1_396' title='bbox 806 2527 1008 2559; x_wconf 64' lang='lat' dir='ltr'>eniendaxit</span> <span class='ocrx_word' id='word_1_397' title='bbox 1032 2526 1196 2567; x_wconf 84' lang='lat' dir='ltr'>Bentley;</span> <span class='ocrx_word' id='word_1_398' title='bbox 1232 2529 1259 2560; x_wconf 90' lang='lat' dir='ltr'>is</span> <span class='ocrx_word' id='word_1_399' title='bbox 1285 2530 1379 2560; x_wconf 87' lang='lat' dir='ltr'>enim</span> <span class='ocrx_word' id='word_1_400' title='bbox 1410 2528 1516 2561; x_wconf 86' lang='lat' dir='ltr'>fuisse</span> <span class='ocrx_word' id='word_1_401' title='bbox 1541 2529 1689 2560; x_wconf 85' lang='lat' dir='ltr'>traditur</span> <span class='ocrx_word' id='word_1_402' title='bbox 1712 2528 1766 2561; x_wconf 91' lang='lat' dir='ltr'>ille</span> <span class='ocrx_word' id='word_1_403' title='bbox 1792 2530 1939 2569; x_wconf 86' lang='lat' dir='ltr'>amicus,</span> 
     </span>
     <span class='ocr_line' id='line_1_38' title="bbox 164 2577 1940 2620; baseline 0.001 -11"><span class='ocrx_word' id='word_1_404' title='bbox 164 2579 263 2610; x_wconf 85' lang='lat' dir='ltr'>cuius</span> <span class='ocrx_word' id='word_1_405' title='bbox 288 2577 417 2619; x_wconf 86' lang='lat' dir='ltr'>aliquot</span> <span class='ocrx_word' id='word_1_406' title='bbox 442 2578 644 2619; x_wconf 84' lang='lat' dir='ltr'>praeclaras</span> <span class='ocrx_word' id='word_1_407' title='bbox 670 2578 936 2610; x_wconf 83' lang='lat' dir='ltr'>emendationes</span> <span class='ocrx_word' id='word_1_408' title='bbox 962 2578 1121 2609; x_wconf 77' lang='lat' dir='ltr'>Davisius</span> <span class='ocrx_word' id='word_1_409' title='bbox 1145 2578 1178 2609; x_wconf 90' lang='lat' dir='ltr'>in</span> <span class='ocrx_word' id='word_1_410' title='bbox 1196 2577 1376 2610; x_wconf 85' lang='lat' dir='ltr'>Addendis</span> <span class='ocrx_word' id='word_1_411' title='bbox 1394 2578 1449 2610; x_wconf 87' lang='lat' dir='ltr'>ed.</span> <span class='ocrx_word' id='word_1_412' title='bbox 1469 2580 1482 2609; x_wconf 92' lang='lat'><em>1</em></span> <span class='ocrx_word' id='word_1_413' title='bbox 1507 2588 1540 2620; x_wconf 92' lang='lat' dir='ltr'>p.</span> <span class='ocrx_word' id='word_1_414' title='bbox 1560 2579 1623 2610; x_wconf 87' lang='grc'>336</span> <span class='ocrx_word' id='word_1_415' title='bbox 1640 2588 1719 2620; x_wconf 88' lang='lat' dir='ltr'>sqq.</span> <span class='ocrx_word' id='word_1_416' title='bbox 1738 2578 1940 2620; x_wconf 86' lang='lat' dir='ltr'>publicavit.</span> 
     </span>
     <span class='ocr_line' id='line_1_39' title="bbox 164 2627 1945 2667; baseline 0.001 -8"><span class='ocrx_word' id='word_1_417' title='bbox 164 2628 214 2659; x_wconf 75' lang='lat' dir='ltr'>Cf.</span> <span class='ocrx_word' id='word_1_418' title='bbox 242 2627 285 2659; x_wconf 89' lang='lat' dir='ltr'>de</span> <span class='ocrx_word' id='word_1_419' title='bbox 311 2630 485 2660; x_wconf 76' lang='lat' dir='ltr'>structura</span> <span class='ocrx_word' id='word_1_420' title='bbox 511 2628 621 2661; x_wconf 79' lang='lat' dir='ltr'>Bentl.</span> <span class='ocrx_word' id='word_1_421' title='bbox 650 2629 692 2659; x_wconf 84' lang='lat' dir='ltr'>ad</span> <span class='ocrx_word' id='word_1_422' title='bbox 720 2630 800 2660; x_wconf 84' lang='lat' dir='ltr'>llor.</span> <span class='ocrx_word' id='word_1_423' title='bbox 828 2630 940 2660; x_wconf 84' lang='lat' dir='ltr'>Serm.</span> <span class='ocrx_word' id='word_1_424' title='bbox 967 2629 999 2667; x_wconf 91' lang='lat'>1,</span> <span class='ocrx_word' id='word_1_425' title='bbox 1027 2628 1058 2667; x_wconf 83' lang='lat'>6,</span> <span class='ocrx_word' id='word_1_426' title='bbox 1086 2628 1125 2659; x_wconf 83' lang='grc'>45</span> <span class='ocrx_word' id='word_1_427' title='bbox 1152 2630 1186 2659; x_wconf 87' lang='lat' dir='ltr'>et·</span> <span class='ocrx_word' id='word_1_428' title='bbox 1210 2628 1253 2659; x_wconf 87' lang='lat' dir='ltr'>ad</span> <span class='ocrx_word' id='word_1_429' title='bbox 1272 2628 1343 2659; x_wconf 88' lang='lat' dir='ltr'>Cic.</span> <span class='ocrx_word' id='word_1_430' title='bbox 1363 2629 1465 2660; x_wconf 85' lang='lat' dir='ltr'>Tuse.</span> <span class='ocrx_word' id='word_1_431' title='bbox 1484 2629 1525 2667; x_wconf 87' lang='lat' dir='ltr'>V,</span> <span class='ocrx_word' id='word_1_432' title='bbox 1545 2637 1575 2660; x_wconf 87' lang='lat' dir='ltr'>c.</span> <span class='ocrx_word' id='word_1_433' title='bbox 1595 2628 1648 2661; x_wconf 70' lang='lat' dir='ltr'>lli.</span> <span class='ocrx_word' id='word_1_434' title='bbox 1669 2647 1703 2651; x_wconf 95' lang='lat'><em>-</em></span> <span class='ocrx_word' id='word_1_435' title='bbox 1731 2630 1763 2661; x_wconf 87' lang='lat'>8.</span> <span class='ocrx_word' id='word_1_436' title='bbox 1789 2630 1945 2661; x_wconf 73' lang='lat' dir='ltr'>audierat</span> 
     </span>
     <span class='ocr_line' id='line_1_40' title="bbox 163 2676 1945 2719; baseline 0.001 -10"><span class='ocrx_word' id='word_1_437' title='bbox 163 2678 321 2715; x_wconf 80' lang='lat' dir='ltr'>Ernesti3</span> <span class='ocrx_word' id='word_1_438' title='bbox 349 2680 384 2709; x_wconf 87' lang='lat' dir='ltr'>at</span> <span class='ocrx_word' id='word_1_439' title='bbox 409 2681 463 2710; x_wconf 81' lang='lat' dir='ltr'>est</span> <span class='ocrx_word' id='word_1_440' title='bbox 488 2680 546 2710; x_wconf 87' lang='lat' dir='ltr'>«de</span> <span class='ocrx_word' id='word_1_441' title='bbox 569 2679 687 2717; x_wconf 79' lang='lat' dir='ltr'>quibus</span> <span class='ocrx_word' id='word_1_442' title='bbox 711 2679 884 2709; x_wconf 61' lang='lat' dir='ltr'>audiebat»</span> <span class='ocrx_word' id='word_1_443' title='bbox 911 2678 1005 2710; x_wconf 84' lang='lat' dir='ltr'>idem</span> <span class='ocrx_word' id='word_1_444' title='bbox 1031 2676 1126 2718; x_wconf 89' lang='lat' dir='ltr'>quod</span> <span class='ocrx_word' id='word_1_445' title='bbox 1152 2677 1216 2709; x_wconf 81' lang='lat' dir='ltr'>«de</span> <span class='ocrx_word' id='word_1_446' title='bbox 1243 2679 1282 2709; x_wconf 87' lang='lat' dir='ltr'>iis</span> <span class='ocrx_word' id='word_1_447' title='bbox 1306 2678 1426 2717; x_wconf 80' lang='lat' dir='ltr'>rebus,</span> <span class='ocrx_word' id='word_1_448' title='bbox 1454 2679 1498 2710; x_wconf 84' lang='lat' dir='ltr'>de</span> <span class='ocrx_word' id='word_1_449' title='bbox 1523 2679 1652 2719; x_wconf 89' lang='lat' dir='ltr'>quibus</span> <span class='ocrx_word' id='word_1_450' title='bbox 1675 2678 1882 2717; x_wconf 84' lang='lat' dir='ltr'>audiebat,»</span> <span class='ocrx_word' id='word_1_451' title='bbox 1907 2681 1945 2710; x_wconf 82' lang='lat' dir='ltr'>ut</span> 
     </span>
     <span class='ocr_line' id='line_1_41' title="bbox 163 2728 1941 2769; baseline 0.001 -11"><span class='ocrx_word' id='word_1_452' title='bbox 163 2728 298 2759; x_wconf 84' lang='lat' dir='ltr'>monuit</span> <span class='ocrx_word' id='word_1_453' title='bbox 322 2728 514 2769; x_wconf 71' lang='lat' dir='ltr'>Madvigius</span> <span class='ocrx_word' id='word_1_454' title='bbox 540 2729 572 2760; x_wconf 92' lang='lat' dir='ltr'>in</span> <span class='ocrx_word' id='word_1_455' title='bbox 597 2729 887 2760; x_wconf 71' lang='lat' dir='ltr'>Emendationibus</span> <span class='ocrx_word' id='word_1_456' title='bbox 911 2728 946 2758; x_wconf 77' lang='lat' dir='ltr'>iu</span> <span class='ocrx_word' id='word_1_457' title='bbox 972 2728 1036 2759; x_wconf 79' lang='lat' dir='ltr'>Cic.</span> <span class='ocrx_word' id='word_1_458' title='bbox 1064 2728 1163 2758; x_wconf 77' lang='lat' dir='ltr'>libros</span> <span class='ocrx_word' id='word_1_459' title='bbox 1183 2728 1422 2767; x_wconf 73' lang='lat' dir='ltr'>philosophicos</span> <span class='ocrx_word' id='word_1_460' title='bbox 1445 2728 1476 2766; x_wconf 83' lang='grc' dir='ltr'>Ι,</span> <span class='ocrx_word' id='word_1_461' title='bbox 1502 2737 1537 2768; x_wconf 89' lang='lat' dir='ltr'>p.</span> <span class='ocrx_word' id='word_1_462' title='bbox 1564 2729 1637 2760; x_wconf 72' lang='lat'>4⁶24.</span> <span class='ocrx_word' id='word_1_463' title='bbox 1658 2745 1693 2750; x_wconf 87' lang='lat'>-—</span> <span class='ocrx_word' id='word_1_464' title='bbox 1722 2728 1752 2760; x_wconf 80' lang='lat'>9.</span> <span class='ocrx_word' id='word_1_465' title='bbox 1778 2729 1831 2760; x_wconf 86' lang='lat' dir='ltr'>uel</span> <span class='ocrx_word' id='word_1_466' title='bbox 1854 2728 1941 2759; x_wconf 89' lang='lat' dir='ltr'>V¹-</span> 
     </span>
     <span class='ocr_line' id='line_1_42' title="bbox 164 2775 1941 2819; baseline 0.002 -12"><span class='ocrx_word' id='word_1_467' title='bbox 164 2777 215 2808; x_wconf 89' lang='grc'>40.</span> <span class='ocrx_word' id='word_1_468' title='bbox 238 2778 357 2817; x_wconf 82' lang='lat' dir='ltr'>pluras</span> <span class='ocrx_word' id='word_1_469' title='bbox 381 2778 423 2809; x_wconf 69' lang='lat' dir='ltr'>V¹</span> <span class='ocrx_word' id='word_1_470' title='bbox 450 2797 484 2801; x_wconf 60' lang='lat'>-›-</span> <span class='ocrx_word' id='word_1_471' title='bbox 512 2779 632 2819; x_wconf 82' lang='lat' dir='ltr'>reliqui</span> <span class='ocrx_word' id='word_1_472' title='bbox 658 2779 713 2818; x_wconf 89' lang='lat' dir='ltr'>qui</span> <span class='ocrx_word' id='word_1_473' title='bbox 737 2779 760 2810; x_wconf 88' lang='lat' dir='ltr'>B</span> <span class='ocrx_word' id='word_1_474' title='bbox 776 2779 801 2808; x_wconf 80' lang='lat' dir='ltr'>V</span> <span class='ocrx_word' id='word_1_475' title='bbox 818 2775 874 2810; x_wconf 70' lang='lat' dir='ltr'>A‘·&#39;:</span> <span class='ocrx_word' id='word_1_476' title='bbox 901 2779 1021 2819; x_wconf 82' lang='lat' dir='ltr'>reliqui</span> <span class='ocrx_word' id='word_1_477' title='bbox 1046 2781 1071 2810; x_wconf 85' lang='lat' dir='ltr'>A</span> <span class='ocrx_word' id='word_1_478' title='bbox 1087 2779 1131 2816; x_wconf 71' lang='lat'>03</span> <span class='ocrx_word' id='word_1_479' title='bbox 1158 2778 1263 2819; x_wconf 88' lang='lat' dir='ltr'>aliqui</span> <span class='ocrx_word' id='word_1_480' title='bbox 1288 2778 1344 2818; x_wconf 90' lang='lat' dir='ltr'>qui</span> <span class='ocrx_word' id='word_1_481' title='bbox 1369 2777 1515 2818; x_wconf 84' lang='lat' dir='ltr'>Bentley</span> <span class='ocrx_word' id='word_1_482' title='bbox 1541 2796 1576 2802; x_wconf 85' lang='lat'>-</span> <span class='ocrx_word' id='word_1_483' title='bbox 1604 2779 1656 2810; x_wconf 71' lang='grc'>42.</span> <span class='ocrx_word' id='word_1_484' title='bbox 1683 2780 1829 2811; x_wconf 81' lang='lat' dir='ltr'>decorem</span> <span class='ocrx_word' id='word_1_485' title='bbox 1855 2776 1941 2810; x_wconf 77' lang='lat'>13¹—-</span> 
     </span>
     <span class='ocr_line' id='line_1_43' title="bbox 161 2827 1944 2870; baseline 0.002 -13"><span class='ocrx_word' id='word_1_486' title='bbox 161 2830 274 2865; x_wconf 77' lang='lat' dir='ltr'>pulent</span> <span class='ocrx_word' id='word_1_487' title='bbox 300 2828 344 2859; x_wconf 90' lang='lat' dir='ltr'>C:</span> <span class='ocrx_word' id='word_1_488' title='bbox 378 2832 497 2868; x_wconf 76' lang='lat' dir='ltr'>putant</span> <span class='ocrx_word' id='word_1_489' title='bbox 526 2830 545 2860; x_wconf 69' lang='lat'><strong>2</strong></span> <span class='ocrx_word' id='word_1_490' title='bbox 577 2828 680 2859; x_wconf 77' lang='lat' dir='ltr'>codd.</span> <span class='ocrx_word' id='word_1_491' title='bbox 707 2829 836 2860; x_wconf 78' lang='lat' dir='ltr'>Davisii</span> <span class='ocrx_word' id='word_1_492' title='bbox 863 2830 897 2859; x_wconf 86' lang='lat' dir='ltr'>ot</span> <span class='ocrx_word' id='word_1_493' title='bbox 921 2829 946 2860; x_wconf 94' lang='lat' dir='ltr'>O</span> <span class='ocrx_word' id='word_1_494' title='bbox 975 2846 1009 2850; x_wconf 81' lang='lat'>—-</span> <span class='ocrx_word' id='word_1_495' title='bbox 1044 2828 1096 2860; x_wconf 73' lang='grc'>44.</span> <span class='ocrx_word' id='word_1_496' title='bbox 1122 2829 1246 2869; x_wconf 67' lang='lat' dir='ltr'>legione</span> <span class='ocrx_word' id='word_1_497' title='bbox 1269 2827 1307 2858; x_wconf 67' lang='lat' dir='ltr'>A&#39;</span> <span class='ocrx_word' id='word_1_498' title='bbox 1324 2828 1350 2857; x_wconf 91' lang='lat' dir='ltr'>V</span> <span class='ocrx_word' id='word_1_499' title='bbox 1378 2843 1413 2850; x_wconf 93' lang='lat'><em>-</em></span> <span class='ocrx_word' id='word_1_500' title='bbox 1454 2828 1531 2859; x_wconf 70' lang='lat' dir='ltr'>obiit</span> <span class='ocrx_word' id='word_1_501' title='bbox 1554 2829 1588 2859; x_wconf 94' lang='lat' dir='ltr'>in</span> <span class='ocrx_word' id='word_1_502' title='bbox 1612 2830 1639 2860; x_wconf 90' lang='lat' dir='ltr'>A</span> <span class='ocrx_word' id='word_1_503' title='bbox 1664 2837 1711 2860; x_wconf 90' lang='lat' dir='ltr'>m.</span> <span class='ocrx_word' id='word_1_504' title='bbox 1737 2830 1756 2860; x_wconf 74' lang='lat'><strong>2</strong></span> <span class='ocrx_word' id='word_1_505' title='bbox 1781 2838 1858 2870; x_wconf 88' lang='lat' dir='ltr'>sup.</span> <span class='ocrx_word' id='word_1_506' title='bbox 1885 2828 1944 2860; x_wconf 86' lang='lat' dir='ltr'>lin.</span> 
     </span>
     <span class='ocr_line' id='line_1_44' title="bbox 165 2876 1948 2918; baseline 0.002 -11"><span class='ocrx_word' id='word_1_507' title='bbox 165 2876 245 2908; x_wconf 87' lang='lat' dir='ltr'>add.</span> <span class='ocrx_word' id='word_1_508' title='bbox 272 2894 314 2900; x_wconf 85' lang='lat'>—-</span> <span class='ocrx_word' id='word_1_509' title='bbox 339 2878 391 2910; x_wconf 83' lang='grc'>45.</span> <span class='ocrx_word' id='word_1_510' title='bbox 420 2879 599 2918; x_wconf 80' lang='lat' dir='ltr'>quomilem</span> <span class='ocrx_word' id='word_1_511' title='bbox 623 2877 660 2909; x_wconf 89' lang='lat' dir='ltr'>B¹</span> <span class='ocrx_word' id='word_1_512' title='bbox 688 2896 722 2900; x_wconf 88' lang='lat'>—</span> <span class='ocrx_word' id='word_1_513' title='bbox 751 2888 790 2910; x_wconf 68' lang='lat' dir='ltr'>ite</span> <span class='ocrx_word' id='word_1_514' title='bbox 810 2879 891 2918; x_wconf 79' lang='lat' dir='ltr'>phil.</span> <span class='ocrx_word' id='word_1_515' title='bbox 918 2876 1013 2909; x_wconf 84' lang='lat' dir='ltr'><strong>A¹V¹</strong></span> <span class='ocrx_word' id='word_1_516' title='bbox 1040 2896 1075 2900; x_wconf 96' lang='lat'><strong>—</strong></span> <span class='ocrx_word' id='word_1_517' title='bbox 1110 2879 1162 2909; x_wconf 88' lang='grc'>46.</span> <span class='ocrx_word' id='word_1_518' title='bbox 1188 2879 1354 2918; x_wconf 74' lang='lat' dir='ltr'>fautorem</span> <span class='ocrx_word' id='word_1_519' title='bbox 1377 2877 1523 2918; x_wconf 81' lang='lat' dir='ltr'>Bentley</span> <span class='ocrx_word' id='word_1_520' title='bbox 1550 2896 1585 2901; x_wconf 89' lang='lat'>—</span> <span class='ocrx_word' id='word_1_521' title='bbox 1611 2879 1672 2909; x_wconf 84' lang='lat' dir='ltr'>hiis</span> <span class='ocrx_word' id='word_1_522' title='bbox 1696 2879 1724 2910; x_wconf 93' lang='lat' dir='ltr'>V</span> <span class='ocrx_word' id='word_1_523' title='bbox 1750 2896 1783 2902; x_wconf 94' lang='lat'><em>—</em></span> <span class='ocrx_word' id='word_1_524' title='bbox 1813 2880 1866 2910; x_wconf 91' lang='grc'>48.</span> <span class='ocrx_word' id='word_1_525' title='bbox 1893 2882 1948 2910; x_wconf 78' lang='lat' dir='ltr'>ta-</span> 
     </span>
    </p>
   </div>
   <div class='ocr_carea' id='block_1_4' title="bbox 164 2926 1950 3068">
    <p class='ocr_par' dir='ltr' id='par_1_5' title="bbox 164 2926 1950 3068">
     <span class='ocr_line' id='line_1_45' title="bbox 164 2926 1947 2969; baseline 0.001 -13"><span class='ocrx_word' id='word_1_526' title='bbox 164 2926 246 2957; x_wconf 77' lang='lat' dir='ltr'>citas</span> <span class='ocrx_word' id='word_1_527' title='bbox 268 2926 309 2957; x_wconf 87' lang='lat' dir='ltr'>V¹</span> <span class='ocrx_word' id='word_1_528' title='bbox 336 2945 372 2950; x_wconf 92' lang='lat'><strong>—</strong></span> <span class='ocrx_word' id='word_1_529' title='bbox 406 2936 594 2968; x_wconf 64' lang='lat' dir='ltr'>congressos</span> <span class='ocrx_word' id='word_1_530' title='bbox 617 2930 642 2959; x_wconf 85' lang='grc' dir='ltr'>Α</span> <span class='ocrx_word' id='word_1_531' title='bbox 671 2945 706 2950; x_wconf 97' lang='grc'><strong>-</strong></span> <span class='ocrx_word' id='word_1_532' title='bbox 741 2930 795 2960; x_wconf 71' lang='lat'>⁶21.</span> <span class='ocrx_word' id='word_1_533' title='bbox 827 2929 919 2959; x_wconf 82' lang='lat' dir='ltr'>aliud</span> <span class='ocrx_word' id='word_1_534' title='bbox 948 2928 1005 2959; x_wconf 73' lang='lat' dir='ltr'>V2:</span> <span class='ocrx_word' id='word_1_535' title='bbox 1030 2928 1137 2959; x_wconf 66' lang='lat' dir='ltr'>aliud</span> <span class='ocrx_word' id='word_1_536' title='bbox 1170 2930 1206 2958; x_wconf 80' lang='lat' dir='ltr'>ut</span> <span class='ocrx_word' id='word_1_537' title='bbox 1229 2930 1253 2959; x_wconf 86' lang='lat' dir='ltr'>A</span> <span class='ocrx_word' id='word_1_538' title='bbox 1270 2928 1293 2958; x_wconf 90' lang='grc' dir='ltr'>Β</span> <span class='ocrx_word' id='word_1_539' title='bbox 1309 2927 1360 2966; x_wconf 65' lang='lat' dir='ltr'>W,</span> <span class='ocrx_word' id='word_1_540' title='bbox 1399 2929 1436 2959; x_wconf 89' lang='lat' dir='ltr'>ut</span> <span class='ocrx_word' id='word_1_541' title='bbox 1459 2928 1492 2958; x_wconf 90' lang='lat' dir='ltr'>in</span> <span class='ocrx_word' id='word_1_542' title='bbox 1517 2928 1710 2969; x_wconf 81' lang='lat' dir='ltr'>archetypo</span> <span class='ocrx_word' id='word_1_543' title='bbox 1735 2928 1818 2960; x_wconf 77' lang='lat' dir='ltr'>aliut</span> <span class='ocrx_word' id='word_1_544' title='bbox 1841 2928 1947 2960; x_wconf 82' lang='lat' dir='ltr'>fuisse</span> 
     </span>
     <span class='ocr_line' id='line_1_46' title="bbox 165 2975 1949 3018; baseline 0.001 -13"><span class='ocrx_word' id='word_1_545' title='bbox 165 2975 328 3007; x_wconf 67' lang='lat' dir='ltr'>videatur</span> <span class='ocrx_word' id='word_1_546' title='bbox 353 2993 388 2998; x_wconf 95' lang='lat'>—</span> <span class='ocrx_word' id='word_1_547' title='bbox 423 2978 600 3009; x_wconf 80' lang='lat' dir='ltr'>uitandum</span> <span class='ocrx_word' id='word_1_548' title='bbox 624 2977 666 3008; x_wconf 70' lang='lat' dir='ltr'>V2</span> <span class='ocrx_word' id='word_1_549' title='bbox 693 2995 727 3000; x_wconf 92' lang='lat'><strong>—</strong></span> <span class='ocrx_word' id='word_1_550' title='bbox 760 2979 813 3010; x_wconf 76' lang='lat'>22.</span> <span class='ocrx_word' id='word_1_551' title='bbox 841 2980 1006 3009; x_wconf 65' lang='lat' dir='ltr'>liomanus</span> <span class='ocrx_word' id='word_1_552' title='bbox 1040 2986 1110 3008; x_wconf 87' lang='lat' dir='ltr'>om.</span> <span class='ocrx_word' id='word_1_553' title='bbox 1137 2978 1175 3008; x_wconf 79' lang='grc' dir='ltr'>Βι</span> <span class='ocrx_word' id='word_1_554' title='bbox 1202 2994 1236 2999; x_wconf 93' lang='lat'>—</span> <span class='ocrx_word' id='word_1_555' title='bbox 1264 2977 1316 3008; x_wconf 71' lang='lat'>⁶23.</span> <span class='ocrx_word' id='word_1_556' title='bbox 1345 2978 1384 3008; x_wconf 91' lang='lat' dir='ltr'>de</span> <span class='ocrx_word' id='word_1_557' title='bbox 1407 2986 1478 3009; x_wconf 88' lang='lat' dir='ltr'>om.</span> <span class='ocrx_word' id='word_1_558' title='bbox 1504 2978 1541 3009; x_wconf 86' lang='lat' dir='ltr'>B¹</span> <span class='ocrx_word' id='word_1_559' title='bbox 1570 2995 1605 3000; x_wconf 86' lang='lat'>—</span> <span class='ocrx_word' id='word_1_560' title='bbox 1635 2987 1710 3010; x_wconf 85' lang='lat' dir='ltr'>cum</span> <span class='ocrx_word' id='word_1_561' title='bbox 1733 2979 1778 3018; x_wconf 87' lang='lat' dir='ltr'>B,</span> <span class='ocrx_word' id='word_1_562' title='bbox 1804 2978 1868 3009; x_wconf 89' lang='lat' dir='ltr'>sed</span> <span class='ocrx_word' id='word_1_563' title='bbox 1891 2986 1949 3008; x_wconf 86' lang='lat' dir='ltr'>um</span> 
     </span>
     <span class='ocr_line' id='line_1_47' title="bbox 165 3026 1950 3068; baseline 0.001 -13"><span class='ocrx_word' id='word_1_564' title='bbox 165 3026 199 3056; x_wconf 93' lang='lat' dir='ltr'>in</span> <span class='ocrx_word' id='word_1_565' title='bbox 225 3034 293 3057; x_wconf 88' lang='lat' dir='ltr'>ras.</span> <span class='ocrx_word' id='word_1_566' title='bbox 328 3045 363 3050; x_wconf 90' lang='lat'>—-</span> <span class='ocrx_word' id='word_1_567' title='bbox 388 3027 442 3060; x_wconf 72' lang='lat'>24.</span> <span class='ocrx_word' id='word_1_568' title='bbox 470 3028 641 3060; x_wconf 83' lang='lat' dir='ltr'>debeamus</span> <span class='ocrx_word' id='word_1_569' title='bbox 665 3028 692 3058; x_wconf 85' lang='lat' dir='ltr'>V</span> <span class='ocrx_word' id='word_1_570' title='bbox 717 3029 749 3059; x_wconf 93' lang='lat' dir='ltr'>in</span> <span class='ocrx_word' id='word_1_571' title='bbox 776 3037 886 3068; x_wconf 74' lang='lat' dir='ltr'>marg.</span> <span class='ocrx_word' id='word_1_572' title='bbox 915 3038 961 3060; x_wconf 86' lang='lat' dir='ltr'>ni.</span> <span class='ocrx_word' id='word_1_573' title='bbox 983 3029 1003 3059; x_wconf 71' lang='lat'>2</span> <span class='ocrx_word' id='word_1_574' title='bbox 1029 3029 1063 3059; x_wconf 85' lang='lat' dir='ltr'>et</span> <span class='ocrx_word' id='word_1_575' title='bbox 1087 3028 1112 3059; x_wconf 89' lang='grc' dir='ltr'>Ο</span> <span class='ocrx_word' id='word_1_576' title='bbox 1140 3044 1174 3049; x_wconf 83' lang='grc'><strong>-</strong></span> <span class='ocrx_word' id='word_1_577' title='bbox 1202 3036 1384 3066; x_wconf 68' lang='lat' dir='ltr'>numquam</span> <span class='ocrx_word' id='word_1_578' title='bbox 1409 3030 1486 3059; x_wconf 80' lang='lat' dir='ltr'>Gv:</span> <span class='ocrx_word' id='word_1_579' title='bbox 1515 3036 1675 3066; x_wconf 83' lang='lat' dir='ltr'>umquam</span> <span class='ocrx_word' id='word_1_580' title='bbox 1691 3028 1774 3067; x_wconf 90' lang='lat' dir='ltr'>AB,</span> <span class='ocrx_word' id='word_1_581' title='bbox 1799 3035 1950 3067; x_wconf 81' lang='lat' dir='ltr'>unquam</span> 
     </span>
    </p>
   </div>
   <div class='ocr_carea' id='block_1_5' title="bbox 166 3075 1951 3315">
    <p class='ocr_par' dir='ltr' id='par_1_6' title="bbox 166 3075 1951 3315">
     <span class='ocr_line' id='line_1_48' title="bbox 166 3075 1951 3118; baseline 0.001 -13"><span class='ocrx_word' id='word_1_582' title='bbox 166 3075 194 3105; x_wconf 89' lang='lat' dir='ltr'>V</span> <span class='ocrx_word' id='word_1_583' title='bbox 211 3076 233 3106; x_wconf 76' lang='lat' dir='ltr'>E</span> <span class='ocrx_word' id='word_1_584' title='bbox 263 3093 297 3097; x_wconf 89' lang='lat'>—</span> <span class='ocrx_word' id='word_1_585' title='bbox 324 3081 419 3109; x_wconf 77' lang='lat' dir='ltr'>caelu</span> <span class='ocrx_word' id='word_1_586' title='bbox 442 3078 480 3109; x_wconf 73' lang='grc' dir='ltr'>Βι</span> <span class='ocrx_word' id='word_1_587' title='bbox 508 3094 543 3100; x_wconf 86' lang='grc'><strong>-</strong></span> <span class='ocrx_word' id='word_1_588' title='bbox 571 3078 624 3110; x_wconf 72' lang='lat'>⁶25.</span> <span class='ocrx_word' id='word_1_589' title='bbox 651 3080 850 3109; x_wconf 81' lang='lat' dir='ltr'>remouimus</span> <span class='ocrx_word' id='word_1_590' title='bbox 874 3079 898 3108; x_wconf 76' lang='lat' dir='ltr'><strong>A</strong></span> <span class='ocrx_word' id='word_1_591' title='bbox 927 3078 972 3117; x_wconf 88' lang='lat' dir='ltr'>(re</span> <span class='ocrx_word' id='word_1_592' title='bbox 997 3079 1029 3109; x_wconf 91' lang='lat' dir='ltr'>in</span> <span class='ocrx_word' id='word_1_593' title='bbox 1054 3078 1155 3117; x_wconf 86' lang='lat' dir='ltr'>ras.):</span> <span class='ocrx_word' id='word_1_594' title='bbox 1184 3086 1387 3109; x_wconf 82' lang='lat' dir='ltr'>remouemus</span> <span class='ocrx_word' id='word_1_595' title='bbox 1410 3078 1516 3109; x_wconf 88' lang='lat' dir='ltr'>BVO</span> <span class='ocrx_word' id='word_1_596' title='bbox 1537 3096 1571 3100; x_wconf 87' lang='lat'>—</span> <span class='ocrx_word' id='word_1_597' title='bbox 1598 3078 1756 3118; x_wconf 70' lang='lat' dir='ltr'>saec-imus</span> <span class='ocrx_word' id='word_1_598' title='bbox 1779 3078 1837 3114; x_wconf 72' lang='lat' dir='ltr'>A‘23</span> <span class='ocrx_word' id='word_1_599' title='bbox 1863 3076 1951 3117; x_wconf 81' lang='lat' dir='ltr'>faci-</span> 
     </span>
     <span class='ocr_line' id='line_1_49' title="bbox 166 3124 1949 3167; baseline -0.001 -10"><span class='ocrx_word' id='word_1_600' title='bbox 166 3135 241 3158; x_wconf 80' lang='lat' dir='ltr'>mus</span> <span class='ocrx_word' id='word_1_601' title='bbox 265 3128 343 3158; x_wconf 80' lang='lat' dir='ltr'>A1B</span> <span class='ocrx_word' id='word_1_602' title='bbox 358 3127 443 3165; x_wconf 88' lang='lat' dir='ltr'>VO;</span> <span class='ocrx_word' id='word_1_603' title='bbox 479 3127 764 3160; x_wconf 83' lang='lat' dir='ltr'>emendationem</span> <span class='ocrx_word' id='word_1_604' title='bbox 790 3127 945 3160; x_wconf 84' lang='lat' dir='ltr'>Durandi</span> <span class='ocrx_word' id='word_1_605' title='bbox 971 3128 1170 3159; x_wconf 77' lang='lat' dir='ltr'>removimus</span> <span class='ocrx_word' id='word_1_606' title='bbox 1185 3145 1233 3150; x_wconf 95' lang='lat'>--</span> <span class='ocrx_word' id='word_1_607' title='bbox 1251 3127 1388 3167; x_wconf 80' lang='lat' dir='ltr'>fecimus</span> <span class='ocrx_word' id='word_1_608' title='bbox 1412 3126 1674 3159; x_wconf 81' lang='lat' dir='ltr'>commendavit</span> <span class='ocrx_word' id='word_1_609' title='bbox 1697 3126 1834 3167; x_wconf 75' lang='lat' dir='ltr'>Madvig</span> <span class='ocrx_word' id='word_1_610' title='bbox 1859 3125 1903 3157; x_wconf 88' lang='lat' dir='ltr'>ad</span> <span class='ocrx_word' id='word_1_611' title='bbox 1927 3124 1949 3157; x_wconf 93' lang='lat' dir='ltr'>l.</span> 
     </span>
     <span class='ocr_line' id='line_1_50' title="bbox 169 3175 1949 3218; baseline -0.001 -12"><span class='ocrx_word' id='word_1_612' title='bbox 169 3176 211 3207; x_wconf 90' lang='lat' dir='ltr'>de</span> <span class='ocrx_word' id='word_1_613' title='bbox 241 3175 325 3208; x_wconf 81' lang='lat' dir='ltr'>finil.</span> <span class='ocrx_word' id='word_1_614' title='bbox 352 3186 386 3218; x_wconf 89' lang='lat' dir='ltr'>p.</span> <span class='ocrx_word' id='word_1_615' title='bbox 413 3178 467 3209; x_wconf 65' lang='lat'>20.</span> <span class='ocrx_word' id='word_1_616' title='bbox 496 3196 531 3201; x_wconf 88' lang='lat'>—</span> <span class='ocrx_word' id='word_1_617' title='bbox 559 3178 611 3209; x_wconf 68' lang='lat'>26.</span> <span class='ocrx_word' id='word_1_618' title='bbox 637 3179 847 3218; x_wconf 75' lang='lat' dir='ltr'>reprehendet</span> <span class='ocrx_word' id='word_1_619' title='bbox 874 3182 1022 3209; x_wconf 78' lang='lat' dir='ltr'>uestrum</span> <span class='ocrx_word' id='word_1_620' title='bbox 1046 3179 1148 3209; x_wconf 78' lang='lat' dir='ltr'>olium</span> <span class='ocrx_word' id='word_1_621' title='bbox 1172 3178 1196 3209; x_wconf 96' lang='lat' dir='ltr'>O</span> <span class='ocrx_word' id='word_1_622' title='bbox 1220 3194 1255 3198; x_wconf 91' lang='lat'>—</span> <span class='ocrx_word' id='word_1_623' title='bbox 1282 3177 1336 3208; x_wconf 69' lang='lat'>27.</span> <span class='ocrx_word' id='word_1_624' title='bbox 1361 3177 1462 3208; x_wconf 85' lang='lat' dir='ltr'>etiam</span> <span class='ocrx_word' id='word_1_625' title='bbox 1486 3185 1556 3208; x_wconf 89' lang='lat' dir='ltr'>om.</span> <span class='ocrx_word' id='word_1_626' title='bbox 1577 3178 1641 3208; x_wconf 91' lang='lat' dir='ltr'>GO</span> <span class='ocrx_word' id='word_1_627' title='bbox 1670 3194 1703 3199; x_wconf 81' lang='lat'>-</span> <span class='ocrx_word' id='word_1_628' title='bbox 1730 3177 1867 3209; x_wconf 75' lang='lat' dir='ltr'>enititur</span> <span class='ocrx_word' id='word_1_629' title='bbox 1885 3175 1949 3213; x_wconf 84' lang='lat' dir='ltr'><strong>·V¹;</strong></span> 
     </span>
     <span class='ocr_line' id='line_1_51' title="bbox 169 3226 1948 3266; baseline 0.001 -10"><span class='ocrx_word' id='word_1_630' title='bbox 169 3226 392 3257; x_wconf 76' lang='lat' dir='ltr'>enitimur—-</span> <span class='ocrx_word' id='word_1_631' title='bbox 408 3228 514 3259; x_wconf 73' lang='lat' dir='ltr'>mimli</span> <span class='ocrx_word' id='word_1_632' title='bbox 538 3236 607 3259; x_wconf 90' lang='lat' dir='ltr'>om.</span> <span class='ocrx_word' id='word_1_633' title='bbox 633 3228 672 3259; x_wconf 87' lang='lat' dir='ltr'>B¹</span> <span class='ocrx_word' id='word_1_634' title='bbox 702 3246 735 3250; x_wconf 94' lang='lat'><strong>—</strong></span> <span class='ocrx_word' id='word_1_635' title='bbox 775 3228 828 3260; x_wconf 65' lang='lat'>28,</span> <span class='ocrx_word' id='word_1_636' title='bbox 853 3229 1006 3259; x_wconf 77' lang='lat' dir='ltr'>minuisel</span> <span class='ocrx_word' id='word_1_637' title='bbox 1035 3228 1078 3259; x_wconf 76' lang='lat' dir='ltr'>V¹</span> <span class='ocrx_word' id='word_1_638' title='bbox 1115 3245 1149 3250; x_wconf 93' lang='lat'>—-</span> <span class='ocrx_word' id='word_1_639' title='bbox 1187 3227 1240 3258; x_wconf 74' lang='lat'>29.</span> <span class='ocrx_word' id='word_1_640' title='bbox 1264 3226 1442 3266; x_wconf 79' lang='lat' dir='ltr'>populares</span> <span class='ocrx_word' id='word_1_641' title='bbox 1466 3227 1530 3258; x_wconf 90' lang='lat' dir='ltr'>CO</span> <span class='ocrx_word' id='word_1_642' title='bbox 1558 3243 1593 3248; x_wconf 84' lang='lat'>—-</span> <span class='ocrx_word' id='word_1_643' title='bbox 1632 3226 1684 3258; x_wconf 88' lang='lat'>30.</span> <span class='ocrx_word' id='word_1_644' title='bbox 1710 3227 1746 3259; x_wconf 79' lang='lat' dir='ltr'>in</span> <span class='ocrx_word' id='word_1_645' title='bbox 1769 3227 1809 3259; x_wconf 86' lang='lat' dir='ltr'>iis</span> <span class='ocrx_word' id='word_1_646' title='bbox 1831 3226 1886 3258; x_wconf 90' lang='lat' dir='ltr'>rO</span> <span class='ocrx_word' id='word_1_647' title='bbox 1914 3242 1948 3246; x_wconf 87' lang='lat'><em>-</em></span> 
     </span>
     <span class='ocr_line' id='line_1_52' title="bbox 171 3276 1687 3315; baseline 0 -7"><span class='ocrx_word' id='word_1_648' title='bbox 171 3276 227 3315; x_wconf 76' lang='lat' dir='ltr'>qui</span> <span class='ocrx_word' id='word_1_649' title='bbox 250 3277 370 3311; x_wconf 76' lang='lat' dir='ltr'>nostris</span> <span class='ocrx_word' id='word_1_650' title='bbox 393 3278 422 3312; x_wconf 89' lang='lat' dir='ltr'>A</span> <span class='ocrx_word' id='word_1_651' title='bbox 449 3294 484 3302; x_wconf 91' lang='lat'>—</span> <span class='ocrx_word' id='word_1_652' title='bbox 512 3277 565 3310; x_wconf 74' lang='lat'>32.</span> <span class='ocrx_word' id='word_1_653' title='bbox 591 3277 695 3310; x_wconf 85' lang='lat' dir='ltr'>solum</span> <span class='ocrx_word' id='word_1_654' title='bbox 718 3286 788 3310; x_wconf 89' lang='lat' dir='ltr'>om.</span> <span class='ocrx_word' id='word_1_655' title='bbox 817 3280 842 3309; x_wconf 92' lang='lat' dir='ltr'>G</span> <span class='ocrx_word' id='word_1_656' title='bbox 870 3296 905 3301; x_wconf 88' lang='lat'>—</span> <span class='ocrx_word' id='word_1_657' title='bbox 931 3279 1064 3311; x_wconf 81' lang='lat' dir='ltr'>uiuissec</span> <span class='ocrx_word' id='word_1_658' title='bbox 1087 3278 1189 3311; x_wconf 80' lang='lat' dir='ltr'>etiam</span> <span class='ocrx_word' id='word_1_659' title='bbox 1212 3277 1252 3308; x_wconf 82' lang='grc' dir='ltr'>Β1</span> <span class='ocrx_word' id='word_1_660' title='bbox 1271 3294 1306 3300; x_wconf 93' lang='lat'>—</span> <span class='ocrx_word' id='word_1_661' title='bbox 1333 3276 1386 3309; x_wconf 86' lang='lat'>33.</span> <span class='ocrx_word' id='word_1_662' title='bbox 1412 3276 1624 3309; x_wconf 83' lang='lat' dir='ltr'>achademiae</span> <span class='ocrx_word' id='word_1_663' title='bbox 1648 3276 1687 3308; x_wconf 92' lang='lat' dir='ltr'>V.</span> 
     </span>
    </p>
   </div>
  </div>
 </body>
</html>
