2249 3624
397 184 478 227 354
833 185 1263 235 TUSCULANARUM
1292 186 1730 229 DISPUTATIONUM

397 300 510 336 recte
539 294 804 349 posiverunt,
842 293 1030 336 confecta
1059 307 1126 335 res
1158 298 1242 334 est:
1281 305 1455 333 necesse
1487 297 1550 334 est
1580 306 1747 347 semper
1775 292 1943 334 beatum
1973 286 2066 336 esse
2096 308 2160 337 sa-

393 359 592 412 pientem.
645 355 711 397 84.
744 358 826 398 Sed
857 371 1107 411 quaeramus
1137 369 1266 397 unam
1297 368 1511 409 quamque
1539 355 1800 409 reliquorum
1831 357 2095 406 sententiam,
2125 358 2160 398 si

391 420 482 463 fieri
511 426 666 476 potest,
696 426 744 461 ut
761 421 841 462 hoc
862 420 1123 475 praeclarum
1144 419 1266 473 quasi
1288 419 1503 460 decretum
1523 419 1672 460 beatae
1692 420 1801 461 vitae
1822 420 1957 473 possit
1976 421 2160 462 omnium

391 485 609 526 sententiis
641 488 683 524 et
710 484 944 537 disciplinis
974 483 1212 524 convenire.

357 556 374 583 5
502 547 637 586 XXX.
670 547 776 587 Sunt
804 552 943 587 autem
973 546 1078 585 haec
1107 545 1158 584 de
1188 542 1362 592 finibus,
1392 550 1438 585 ut
1467 545 1628 599 opinol,
1658 550 1846 587 retentae
1877 546 2161 602 defensaeque

388 611 644 658 sententiae3
683 610 861 663 primum
892 608 1117 662 simplices
1133 612 1354 661 quattuor:
1394 607 1500 647 nihil
1529 609 1686 649 honum
1716 609 1799 649 nisi
1829 609 2076 658 honestum,
2115 615 2163 651 ut

387 673 541 724 Stoici3
574 672 681 713 nihil
709 673 869 712 bonum
897 671 979 710 nisi
1011 670 1292 723 voluptatem,
1322 674 1370 710 ut
1397 670 1625 724 Epicurus;
1655 671 1763 712 nihil
1792 672 1950 713 bonum
1979 673 2062 713 nisi
2092 686 2162 715 va-

385 735 580 776 cuitatem
610 735 782 783 doloris,
813 738 858 773 ut
886 733 1190 787 Hieronymus;
1220 731 1328 772 nihil
1357 733 1515 773 bonum
1545 734 1627 774 nisi
1657 739 1833 775 naturae
1864 736 2009 789 primis
2038 736 2161 777 bonis

384 803 458 838 aut
487 798 684 838 omnibus
714 801 786 837 aut
816 795 1022 836 maxumis
1052 795 1156 844 frui,
1195 800 1241 836 ut
1273 795 1511 837 Carneades
1542 800 1689 838 contra
1720 797 1882 839 Stoicos
1914 798 2161 840 disserebat.

333 868 369 898 ⁴0
383 857 451 900 85.
481 860 596 900 Haec
633 860 763 913 igitur
799 858 1031 912 simplicia;
1077 858 1150 899 illa
1188 858 1337 900 mixta:
1382 859 1460 900 tria
1498 872 1653 912 genera
1691 859 1917 909 honorum,
1963 873 2162 902 maxuma

382 923 528 971 animi,
567 922 755 963 secunda
785 922 992 975 corporis,
1030 926 1203 961 externa
1233 922 1372 969 tertia,
1415 926 1461 962 ut
1491 922 1776 975 Peripatetici,
1816 936 1895 962 nec
1925 924 2058 964 multo
2089 938 2162 965 ve-

380 990 491 1026 teres
512 985 753 1026 Academici
786 998 929 1033 secus;
960 984 1220 1037 voluptatem
1243 996 1334 1024 cum
1356 984 1578 1024 honestate
1599 984 1882 1026 Dinomachus
1905 990 1947 1025 et
1969 985 2158 1040 Callipho

379 1047 614 1102 copulavit;
655 1047 934 1088 indolentiam
966 1052 1107 1087 autem
1137 1047 1348 1087 honestati
1378 1047 1682 1100 Peripateticus
1713 1046 1921 1088 Diodorus
1952 1048 2158 1091 adiunxit.

377 1110 466 1150 Hae
498 1115 595 1151 sunt
635 1110 888 1158 sententiae,
931 1123 1038 1165 quae
1076 1109 1315 1149 stabilitatis
1355 1109 1515 1163 aliquid
1551 1109 1755 1158 habeant;
1800 1123 1896 1150 nam
1937 1111 2158 1161 Aristonis,

328 1181 364 1211 45
377 1172 628 1226 Pyrrhonis,
658 1173 778 1212 Erilli
809 1185 896 1213 non
926 1173 1224 1225 nullorumque
1255 1172 1434 1212 aliorum
1457 1178 1732 1213 evanuerunt.
1777 1172 1831 1212 Hi
1862 1173 1964 1226 quid
1994 1175 2159 1228 possint

377 1236 568 1288 optinere
599 1235 816 1275 videamus
859 1235 1024 1275 omissis
1067 1235 1238 1282 Stoicis,
1274 1247 1454 1288 quorum
1487 1235 1584 1275 satis
1615 1234 1762 1275 videor
1792 1234 2032 1277 defendisse
2062 1250 2158 1278 sen-

376 1299 563 1338 tentiam.
607 1299 661 1337 Et
700 1298 1072 1352 Peripateticorum
1103 1297 1274 1351 quidem
1306 1297 1515 1351 explicata
1544 1310 1670 1337 causa
1702 1302 1784 1337 est:
1825 1304 1993 1351 praeter
2023 1300 2157 1341 Theo-

374 1361 591 1414 phrastum
624 1365 665 1400 et
696 1361 730 1400 si
761 1361 833 1415 qui
865 1360 984 1400 illum
1016 1360 1148 1400 secuti
1188 1360 1440 1400 imbecillius
1472 1360 1646 1400 horrent
1677 1359 1867 1401 dolorem
1898 1366 1940 1401 et
1968 1361 2158 1402 reformi-

376 1422 497 1471 dant,
540 1422 716 1476 reliquis
749 1422 920 1476 quidem
952 1423 1051 1463 licet
1080 1422 1217 1462 facere
1246 1423 1311 1470 id,
1353 1423 1465 1476 quod
1495 1422 1582 1462 fere
1613 1421 1793 1471 faciunt,
1833 1429 1879 1464 ut
1910 1424 2156 1477 gravitatem

323 1496 360 1527 20
375 1486 703 1539 dignitatemque
730 1486 895 1525 virtutis
918 1490 1186 1538 exaggerent.
1231 1485 1366 1533 Quam
1390 1499 1484 1525 cum
1505 1486 1556 1525 ad
1580 1485 1740 1525 caelum
1763 1487 2017 1534 extulerunt,
2041 1486 2156 1540 quod

373 1549 512 1589 facere
552 1549 799 1602 eloquentes
838 1549 1032 1588 homines
1070 1549 1241 1601 copiose
1281 1548 1442 1596 solent,
1485 1547 1649 1601 reliqua
1680 1562 1733 1588 ex
1764 1549 2001 1589 conlatione
2031 1548 2155 1589 facile

373 1616 438 1652 est
476 1617 690 1652 conterere
732 1616 858 1665 atque
900 1616 1184 1651 contemnere.
1239 1612 1324 1651 Nec
1362 1610 1473 1650 enim
1510 1610 1611 1650 licet
1641 1611 1714 1658 iis,
1755 1611 1828 1664 qui
1860 1610 2026 1651 laudem
2058 1625 2153 1652 cum

373 1673 520 1714 dolore
550 1673 776 1728 petendam
807 1688 899 1714 esse
931 1674 1101 1721 dicunt,
1144 1686 1298 1726 negare
1330 1687 1402 1713 eos
1434 1686 1526 1712 esse
1557 1673 1723 1721 beatos,
1762 1674 1834 1726 qui
1865 1674 1980 1713 illam
2011 1673 2155 1727 adepti

372 1737 481 1785 sint;
517 1750 771 1790 quamquam
804 1737 915 1777 enim
947 1736 1031 1776 sint
1060 1736 1104 1776 in
1136 1736 1386 1789 quibusdam
1409 1735 1550 1783 malis,
1582 1740 1723 1775 tamen
1751 1735 1833 1776 hoc
1855 1750 2010 1777 nomen
2039 1737 2153 1777 beati

320 1808 358 1839 25
371 1797 493 1852 longe
524 1804 567 1839 et
595 1799 677 1839 late
708 1804 835 1853 patet.

485 1863 642 1902 XXXI.
674 1861 742 1902 86.
782 1864 887 1902 Nam
918 1866 964 1902 ut
993 1866 1249 1916 quaestuosa
1279 1865 1535 1908 mercatura,
1574 1859 1789 1900 fructuosa
1820 1861 1953 1901 aratio
1986 1862 2150 1910 dicitur,

371 1938 456 1965 non
500 1926 535 1965 si
573 1926 706 1966 altera
746 1938 913 1978 semper
951 1925 1066 1965 omni
1099 1924 1273 1971 damno,
1315 1924 1446 1964 altera
1477 1923 1590 1963 omni
1621 1925 1881 1977 tempestatis
1911 1924 2150 1965 calamitate

371 2001 537 2041 semper
568 1993 703 2036 vacat,
746 1988 819 2028 sed
852 1987 887 2027 si
918 1987 1049 2027 multo
1082 1987 1240 2026 maiore
1273 2000 1325 2025 ex
1356 1991 1474 2039 parte
1507 1991 1644 2026 exstat
1673 1987 1716 2026 in
1747 1991 1926 2040 utraque
1956 1986 2150 2036 felicitas,

371 2051 432 2091 sic
473 2051 556 2091 vita
594 2064 679 2091 non
722 2051 860 2090 solum
899 2050 935 2090 si
973 2049 1161 2103 undique
1200 2048 1352 2089 referta
1382 2050 1504 2089 bonis
1536 2055 1616 2097 est,
1657 2048 1732 2089 sed
1764 2049 1799 2089 si
1829 2050 1961 2090 multo
1993 2051 2150 2090 maiore

321 2123 358 2154 30
373 2119 413 2154 et
443 2114 634 2167 graviore
666 2127 718 2153 ex
749 2118 866 2166 parte
896 2112 1007 2152 bona
1038 2112 1324 2166 propendent,
1356 2111 1479 2151 beata
1509 2117 1622 2151 recte
1653 2112 1737 2151 dici
1768 2118 1921 2165 potest.
1977 2111 2044 2153 87.
2077 2114 2152 2154 Se-

372 2183 523 2232 quetur
552 2177 681 2230 igitur
710 2176 862 2215 horum
891 2176 1054 2215 ratione
1086 2175 1153 2215 vel
1184 2175 1236 2215 ad
1268 2174 1518 2227 supplicium
1549 2174 1672 2214 beata
1703 2174 1788 2215 vita
1809 2175 2004 2216 virtutem
2037 2190 2152 2217 cum-

375 2254 456 2294 que
489 2254 537 2280 ea
560 2239 787 2280 descendet
816 2239 859 2278 in
890 2243 1055 2278 taurum
1078 2237 1322 2284 Aristotele,
1354 2237 1614 2283 Xenocrate,
1648 2237 1899 2291 Speusippo,
1923 2238 2151 2280 Polemone

372 2303 632 2351 auctoribus,
673 2316 750 2342 nec
791 2315 882 2342 eam
922 2301 1046 2341 minis
1083 2305 1157 2340 aut
1193 2299 1493 2340 blandimentis
1533 2305 1728 2353 corrupta
1760 2299 1939 2340 deseret.
1992 2302 2151 2342 Eadem

372 2402 461 2433 lecta
486 2400 539 2432 illa
564 2401 750 2438 sententia,
780 2401 867 2439 quod
889 2400 1077 2439 quidem--
1094 2408 1173 2430 eia
1177 2402 1285 2437 ·s·emt,
1312 2399 1435 2429 Cicero
1463 2397 1582 2429 dicere
1612 2398 1740 2438 potuit:
1772 2399 1806 2429 id
1829 2407 1964 2439 ememus
1986 2399 2152 2440 (disputa-

372 2452 507 2492 bimus)
535 2460 628 2482 nunc
653 2451 821 2491 quoniam
847 2450 1029 2491 praecedit
1051 2449 1078 2479 is
1102 2453 1136 2480 ut
1163 2454 1280 2480 corma
1303 2449 1491 2480 Stoicos--
1508 2451 1702 2487 exat-,serat
1729 2450 1943 2481 contrarium
1970 2458 2045 2481 cum
2067 2459 2153 2490 pace

373 2502 524 2540 addidit,
557 2503 591 2533 et
622 2499 725 2533 simul
758 2500 989 2540 oppositionis
1022 2498 1231 2530 indicandae
1262 2507 1368 2530 causa
1399 2507 1458 2529 nos
1488 2499 1629 2537 quidem.
1662 2499 1713 2530 De
1738 2499 1869 2539 quidem
1893 2500 1942 2530 sic
1966 2500 2080 2539 posito
2104 2498 2148 2531 cf.

373 2555 391 2595 ἓ
417 2554 476 2585 85:
500 2555 636 2592 praeter
661 2551 917 2590 Theophrastum
934 2567 983 2573 -—
1000 2549 1135 2589 reliquis
1158 2550 1297 2588 quidem.
1335 2549 1352 2589 ἓ
1379 2548 1435 2579 421
1453 2557 1458 2578 :
1486 2548 1601 2579 ceteris
1616 2565 1633 2570 -
1647 2565 1664 2570 -
1682 2549 1802 2579 nostris
1823 2549 1965 2588 quidem.
1991 2550 2016 2588 1,
2035 2549 2087 2581 99.
2108 2549 2150 2580 67

371 2603 436 2634 al.»
464 2603 519 2634 W.
548 2619 583 2623 —
613 2602 642 2632 4.
665 2602 878 2641 possiuerunt
903 2600 944 2638 C;
975 2603 1157 2639 posuerunt
1182 2600 1206 2630 O
1234 2617 1267 2621 -—
1302 2599 1332 2629 P..
1360 2598 1499 2628 sentiam
1523 2598 1548 2628 R
1576 2614 1610 2619 —-
1638 2598 1668 2628 5.
1695 2598 1774 2628 haec
1800 2598 1843 2629 C:
1869 2598 1931 2629 hae
1955 2598 1992 2629 Ο.
2028 2598 2078 2630 Cf.
2105 2599 2150 2631 111

371 2654 389 2694 ἓ
415 2653 467 2686 84.
498 2671 531 2676 —
559 2653 590 2684 8.
618 2652 740 2683 doloris
763 2660 833 2682 om.
862 2651 886 2682 C
915 2668 949 2672 —
975 2650 1179 2681 hieronimus
1203 2649 1267 2679 GR
1298 2665 1330 2670 -—
1361 2647 1471 2678 «bonis
1495 2655 1558 2686 ego
1584 2655 1666 2677 cum
1691 2646 1861 2686 Madvigio
1879 2646 1924 2677 ad
1943 2646 2012 2678 Fin.
2031 2646 2087 2686 IV,
2108 2647 2149 2679 45

372 2704 415 2744 (ρ.
436 2703 509 2742 509)
536 2712 578 2735 ex
604 2702 787 2734 Goerenzii
811 2701 1013 2732 coniectura
1039 2700 1138 2731 uncis
1162 2697 1316 2736 includo,
1344 2706 1460 2739 neque
1484 2705 1569 2728 vero
1596 2697 1651 2735 iis,
1679 2705 1769 2736 quae
1795 2697 1875 2728 sunt
1897 2695 1940 2728 de
1960 2697 2029 2728 Fin.
2050 2697 2089 2736 V,
2107 2696 2149 2729 45

370 2753 469 2793 (bona
494 2752 650 2791 naturae)
674 2751 728 2782 58.
759 2750 867 2782 Acad.
895 2750 935 2786 11,
962 2749 1024 2781 438
1048 2749 1175 2789 (prima
1198 2752 1342 2780 natm-ae
1363 2747 1548 2788 commoda)
1572 2747 1654 2778 satis
1680 2745 1821 2778 defendi
1850 2747 2001 2787 potest.»
2026 2747 2083 2779 W.
2111 2764 2147 2770 -

371 2803 422 2833 42.
451 2801 653 2832 achademici
676 2802 700 2831 G
717 2801 740 2832 R
765 2817 798 2822 ——
826 2799 996 2838 Calliphon
1015 2799 1039 2829 O
1061 2817 1094 2820 —
1123 2799 1175 2829 43.
1198 2798 1403 2837 pompaticus
1421 2798 1445 2828 G
1465 2814 1500 2819 —-
1529 2797 1579 2828 45.
1603 2797 1746 2835 pyrroni
1768 2796 1870 2836 ferilli
1887 2796 1930 2833 C3
1957 2796 2148 2836 Pyrrhonis,

369 2852 486 2883 Herilli
509 2852 546 2882 O.
574 2851 625 2882 Cf.
652 2851 696 2882 de
723 2849 830 2881 Finib.
857 2850 884 2880 11
909 2849 927 2889 ἓ
953 2848 1006 2880 35.
1034 2847 1117 2879 Plin.
1141 2848 1181 2879 N.
1203 2848 1241 2878 ll.
1260 2846 1378 2878 XXXV
1403 2846 1421 2887 g
1447 2846 1499 2877 60.
1522 2864 1556 2868 -—
1588 2846 1636 2877 48,
1662 2845 1845 2876 imbecilius
1869 2846 1933 2876 GR
1952 2861 1986 2866 —
2013 2845 2067 2877 20.
2087 2854 2150 2877 ex-

370 2903 515 2933 tulerunt
539 2901 675 2941 Madvig
698 2900 758 2939 (ad
784 2900 855 2931 Cio.
883 2899 926 2930 de
952 2899 1022 2930 Fin.
1049 2907 1084 2939 p.
1111 2898 1203 2936 690J:
1229 2897 1410 2928 eaetnlerint
1435 2896 1458 2927 C
1475 2896 1499 2926 O
1521 2912 1554 2917 ——
1582 2895 1635 2925 ⁵32.
1662 2894 1711 2925 his
1736 2896 1759 2926 C
1789 2912 1824 2917 —
1852 2894 1905 2925 23.
1933 2895 2150 2933 expetendam

369 2952 461 2983 Bake
486 2949 507 2981 l.
528 2950 547 2981 l.
567 2959 600 2990 p.
622 2950 695 2981 444.
727 2967 760 2972 —-
789 2949 902 2980 dicunt
918 2965 965 2970 —-
981 2949 1047 2979 sint
1070 2947 1160 2978 Bake
1185 2946 1359 2986 (ibidem):
1388 2946 1499 2976 dicant
1515 2961 1562 2967 --
1578 2947 1653 2975 sunt
1671 2945 1694 2975 C
1711 2944 1747 2975 O.
1775 2945 1965 2984 «Loquitur
1981 2943 2025 2976 de
2044 2945 2148 2977 certis

369 3000 599 3043 philosophis,
625 3008 693 3030 nou
718 2998 911 3037 indefinite,
939 2998 998 3038 qui
1023 2998 1153 3035 dicunt,
1180 2998 1217 3026 ut
1240 2997 1337 3026 recte
1362 2994 1461 3025 multi
1486 2993 1589 3025 codd.
1610 2993 1760 3025 habent:
1788 2995 1875 3033 tum,
1895 2994 2062 3033 quoniam
2079 2994 2148 3026 hoc

370 3052 534 3082 universe
561 3052 595 3080 et
619 3051 800 3088 tamquam
825 3049 857 3079 in
875 3047 1077 3079 definitione
1096 3046 1248 3087 ponitur,
1269 3045 1323 3084 [ex
1342 3044 1491 3075 Ernestii
1513 3044 1727 3084 coniectura]
1747 3044 1804 3084 qui
1820 3044 1931 3082 adepti
1946 3044 2032 3074 sint
2048 3043 2148 3084 [con-

368 3102 543 3132 iunctivus
568 3098 760 3139 obliquus],
788 3107 857 3129 non
881 3101 989 3129 sunt.»
1017 3114 1052 3118 —
1079 3097 1132 3127 26.
1156 3096 1332 3136 fructuosa
1356 3095 1443 3125 ratio
1469 3095 1493 3126 C
1517 3112 1550 3116 —-
1578 3095 1630 3126 ⁰27.
1650 3095 1737 3125 omni
1761 3093 1958 3133 tempestatis
1981 3093 2144 3126 Ursinus:

369 3152 474 3183 omnis
497 3149 696 3188 tempestatis
721 3150 744 3179 C
765 3165 800 3170 -
827 3148 880 3179 28.
906 3150 1070 3187 etz-partae
1094 3147 1118 3177 R
1138 3162 1172 3166 —
1200 3145 1252 3176 34.
1279 3144 1408 3184 horum]
1437 3144 1598 3175 bonorum
1622 3144 1646 3175 C
1668 3161 1703 3165 —
1731 3143 1783 3175 33.
1810 3144 1910 3175 minis
1932 3145 1993 3174 aut
2015 3143 2146 3175 blandi—

367 3200 484 3231 mentis
511 3198 674 3237 Bentley:
709 3198 853 3228 minimis
877 3196 1107 3228 blandimentis
1131 3195 1173 3231 C;
1201 3194 1342 3225 nominis
1366 3196 1428 3234 (sc.
1456 3202 1525 3234 quo
1550 3193 1663 3225 beatus
1686 3192 1891 3234 appellatur)
1917 3192 2146 3225 blandimentis

368 3250 460 3281 Bake
485 3247 505 3279 l.
524 3247 545 3279 l.
564 3256 598 3288 p.
618 3248 696 3284 412;
726 3247 841 3277 «rninis
870 3244 1120 3287 [blandimentis]
1146 3243 1356 3284 Tregderus.
1388 3245 1431 3274 At
1454 3244 1551 3274 minis
1567 3245 1737 3283 corrumpi
1761 3244 1880 3275 Latine
1906 3251 1976 3274 non
2002 3243 2140 3275 dicitur.

368 3298 497 3337 Quare,
523 3296 551 3329 si
568 3295 717 3328 alterum
733 3298 852 3327 utrum
872 3295 1033 3337 spurium
1050 3295 1158 3335 esset,
1182 3293 1280 3325 minis
1297 3293 1411 3335 potius
1429 3291 1622 3325 delendum
1638 3294 1732 3333 erat3
1758 3292 1824 3325 sed
1840 3293 1915 3325 sine
1933 3291 2041 3325 dubio
2058 3300 2142 3325 vera
