2249 3624
542 166 629 204 ιω.
662 165 711 204 11.
752 165 847 205 cst.
879 164 1149 204 LVI—le.
1188 162 1246 216 §5
1280 160 1528 203 tiis—1221.
1835 163 1913 202 557

149 286 278 328 prope
312 275 518 312 trecentos
550 270 638 317 fuit,
671 270 751 311 iam
785 278 870 310 tum
903 275 1166 321 φιλιππίζειν
1189 270 1376 324 Pythiam
1409 270 1584 317 dicebat,
1617 269 1657 308 id
1690 275 1764 316 est,
1798 271 1915 322 quasi

150 350 241 376 cum
274 334 466 386 Philippo
497 333 649 372 sarcre.
709 334 795 372 IIoc
829 340 966 372 autem
999 348 1048 373 eo
1082 334 1318 386 spectabat,
1352 340 1394 372 ut
1426 347 1515 372 eam
1548 347 1571 372 a
1604 332 1795 384 Philippo
1828 346 1916 371 cor-

150 403 312 450 ruptam
344 395 522 442 diceret;
556 409 640 448 quo
674 396 771 435 licct.
803 397 1055 435 existumare.
1089 397 1128 435 in
1160 396 1250 435 aliis
1274 410 1443 449 quoque
1467 396 1645 434 oraculis
1671 391 1914 447 [Delphicis]

149 459 307 513 aliquid
340 472 421 497 non
453 458 605 497 sinceri
639 458 781 496 fuisse.
840 459 920 497 Sed
953 459 1094 497 nescio
1127 472 1210 511 quo
1244 458 1365 497 modo
1397 459 1463 497 isti
1499 457 1740 510 philosophi
1774 470 1918 508 super—

149 521 300 562 stitiosi
343 526 382 559 et
422 533 553 572 paene
594 520 761 559 fanatici
801 521 967 572 quidvis
1009 521 1129 559 malle
1170 521 1364 559 videntur
1395 534 1517 573 quum
1551 534 1594 559 se
1628 534 1707 558 non
1740 520 1948 572 ineptos.5

147 583 375 624 Evanuisse
408 582 601 621 mavultis
634 588 673 634 ct
705 583 931 621 extinctum
965 596 1055 621 esse
1089 582 1143 627 id,
1177 582 1292 635 quod
1325 583 1357 621 si
1391 596 1590 635 umquam
1623 582 1783 628 fuisset,
1807 586 1918 620 certe

148 651 357 685 aeternum
392 650 521 690 esset,
554 635 677 696 quain
711 658 779 691 ea,
814 658 921 697 quae
955 658 1038 683 non
1071 651 1167 683 sunt
1198 645 1429 692 credenda,
1463 660 1545 684 non
1578 646 1761 684 credere.

260 709 401 747 LVIII.
442 704 457 745 ‘l
478 704 535 745 IS).
575 707 730 745 Similis
763 712 825 745 est
856 720 971 745 error
1002 707 1043 744 in
1076 707 1273 753 somniis,
1314 722 1491 760 quorum
1525 708 1695 760 quidem
1730 707 1918 746 defensio

147 770 319 824 repetita
360 782 483 822 quam
525 769 646 821 longe
681 769 771 808 est!
835 769 1009 807 Divinos
1041 769 1203 808 animos
1236 777 1405 808 censent
1438 783 1529 808 esse
1563 776 1725 809 nostros
1758 783 1919 821 eosque

147 846 237 873 esse
280 838 432 872 tractos
471 832 729 871 extrinsecus
770 831 1091 884 animorumque
1132 832 1486 871 consentientium
1526 832 1790 871 multitudine
1823 842 1969 870 con-10

145 896 302 949 pletum
345 908 434 935 esse
468 894 696 939 mundum;
740 893 817 932 hac
852 894 976 944 igitur
1008 894 1158 933 mentis
1191 899 1231 933 et
1264 894 1394 946 ipsius
1426 895 1643 934 divinitate
1676 900 1715 933 et
1746 894 1920 933 coniun—

146 958 282 997 ctione
321 971 413 996 cum
452 957 634 996 externis
676 956 883 995 mentibus
923 956 1036 994 cerni
1078 969 1182 1009 quae
1223 956 1305 995 sint
1336 956 1487 996 futura.
1551 957 1746 996 Contrahi
1780 962 1919 995 autem

145 1020 329 1060 animum
361 1022 472 1058 Zeno
513 1025 553 1058 et
593 1019 713 1072 quasi
754 1018 832 1057 labi
867 1023 982 1071 putat
1016 1024 1142 1071 atque
1186 1018 1407 1058 concidere
1454 1025 1493 1058 et
1535 1020 1670 1072 ipsum
1702 1032 1793 1057 esse
1826 1019 1921 1058 dor-

147 1083 263 1123 mire.
327 1082 411 1122 Iam
444 1081 700 1135 Pythagoras
733 1086 773 1119 et
804 1081 939 1127 Plato,
978 1080 1297 1132 locupletissimi
1328 1086 1541 1129 auctores,
1573 1095 1656 1134 quo
1689 1081 1730 1120 in
1762 1081 1920 1121 somnis

146 1144 322 1184 certiora
353 1144 592 1190 videamus,
634 1148 904 1195 praeparatos
948 1142 1128 1196 quodam
1168 1142 1281 1182 cultu
1319 1149 1446 1196 atque
1485 1144 1595 1183 victu
1626 1144 1835 1196 proficisci
1869 1143 1919 1182 ad
1936 1155 1971 1183 15

147 1206 435 1247 dormiendum
477 1206 650 1254 iuhent3
696 1205 789 1245 faba
834 1204 1003 1258 quidem
1048 1206 1294 1257 Pythagorei
1337 1207 1482 1259 utique
1522 1206 1755 1253 abstinere,
1799 1207 1920 1260 quasi

145 1283 243 1309 vero
284 1282 334 1309 eo
377 1269 469 1309 cibo
510 1282 654 1315 mens,
697 1282 781 1307 non
820 1272 965 1307 venter
1003 1267 1186 1306 inlletur.
1257 1267 1340 1308 Sed
1371 1269 1515 1308 nescio
1549 1282 1631 1322 quo
1663 1269 1786 1309 modo
1818 1268 1921 1309 nihil

146 1337 227 1372 tam
269 1331 448 1372 absurde
490 1331 570 1371 dici
616 1336 776 1383 potest,
820 1330 935 1384 quod
974 1343 1057 1369 non
1098 1330 1261 1370 dicatur
1297 1331 1347 1370 ab
1379 1330 1522 1384 aliquo
1556 1331 1922 1384 philosophorum.

146 1391 240 1434 4⁶20.
272 1395 416 1434 Utrum
448 1394 574 1446 igitur
607 1406 827 1433 censemus
859 1392 1154 1432 dormientium
1186 1392 1349 1432 animos
1382 1406 1455 1446 per
1488 1406 1587 1432 sene
1610 1393 1726 1445 ipsos
1747 1393 1788 1432 in
1813 1407 1922 1433 som-

145 1455 298 1496 niando
331 1457 509 1503 moveri,
542 1470 617 1504 an,
650 1462 696 1496 ut
726 1456 987 1495 Democritus
1019 1460 1182 1502 censet,
1215 1461 1390 1495 externa
1421 1461 1462 1495 et
1492 1455 1727 1495 adventicia
1759 1456 1921 1495 visione
1935 1468 1971 1496 ⁶20

146 1518 336 1571 pulsari?
369 1520 464 1559 Sive
498 1519 607 1559 enim
640 1520 699 1559 sic
732 1525 793 1558 est
824 1519 911 1558 sive
947 1518 1018 1558 illo
1050 1518 1186 1565 modo,
1218 1518 1350 1557 videri
1384 1523 1559 1570 possunt
1580 1518 1788 1570 permulta
1811 1531 1922 1557 som-

146 1581 359 1620 niantibus
390 1581 494 1621 falsa
526 1595 599 1635 pro
632 1582 753 1621 veris.
796 1582 899 1620 Nam
931 1586 971 1620 et
1002 1580 1297 1633 navigantibus
1321 1581 1479 1620 moveri
1505 1580 1701 1620 videntur
1722 1594 1791 1627 ea,
1815 1594 1921 1634 quae

146 1648 280 1691 stant,
313 1648 352 1683 et
384 1643 566 1697 quodam
599 1645 748 1683 obtutu
780 1643 995 1683 oculorum
1030 1643 1114 1682 duo
1146 1656 1223 1695 pro
1255 1656 1340 1682 uno
1372 1643 1567 1682 lucernae
1600 1642 1776 1681 lumina:
1817 1642 1921 1696 quid

147 1704 279 1744 dicam
314 1705 493 1754 insanis,
533 1707 634 1759 quid
669 1706 796 1745 ebriis
830 1718 956 1758 quam
989 1705 1117 1745 multa
1149 1704 1254 1744 falsa
1287 1705 1549 1746 videantur?
1603 1704 1727 1752 Quod
1768 1705 1801 1744 si
1832 1706 1922 1744 eius

147 1767 259 1807 modi
292 1768 391 1808 visis
424 1768 679 1808 credendum
711 1782 792 1808 non
827 1773 910 1814 est,
955 1782 1029 1808 cur
1060 1767 1232 1807 somniis
1264 1768 1459 1808 credatur
1490 1767 1643 1808 nescio.
1705 1770 1807 1808 Nam
1840 1776 1922 1808 tam
1936 1782 1972 1810 25

148 1830 245 1870 licet
274 1830 325 1870 de
356 1831 422 1871 his
454 1831 680 1877 erroribus,
713 1832 746 1870 si
778 1831 895 1877 velis,
929 1843 1053 1883 quam
1088 1829 1138 1869 de
1171 1831 1344 1870 somniis
1376 1830 1605 1884 disputare,
1639 1836 1682 1870 ut
1702 1830 1782 1879 'ea‚
1815 1844 1921 1884 quae

147 1899 269 1940 stant,
303 1894 336 1933 si
369 1894 526 1933 moveri
560 1893 798 1941 videantur,
831 1899 965 1933 terrae
990 1898 1147 1933 motum
1171 1892 1407 1945 significare
1431 1893 1544 1933 dicas
1567 1898 1639 1932 aut
1660 1893 1922 1946 repentinam

146 1955 329 2008 aliquam
368 1956 535 2008 fugam,
582 1957 749 2008 gemino
787 1962 925 1996 autem
964 1956 1161 1996 lucernae
1193 1955 1349 1996 lumine
1382 1955 1582 1996 declarari
1616 1955 1922 1996 dissensionem

146 2030 193 2057 ac
224 2018 473 2058 seditionem
506 2020 677 2060 moveri.

259 2082 364 2121 LIX.
400 2078 492 2120 ³121.
527 2083 611 2121 lam
644 2095 696 2121 ex
728 2082 969 2121 insanorum
1001 2087 1069 2121 aut
1101 2082 1312 2121 ebriorum
1347 2081 1445 2121 visis
1477 2081 1801 2121 innumerabilia
1823 2094 1922 2120 con·
1936 2094 1973 2123 30

147 2143 307 2183 iectura
340 2144 444 2183 trahi
479 2150 678 2197 possunt,
712 2158 820 2198 quae
852 2144 990 2184 futura
1021 2144 1243 2184 videantur
1261 2174 1386 2183 .....
1449 2144 1553 2191 Quis
1586 2149 1647 2183 est
1678 2144 1811 2191 enim,
1851 2144 1923 2197 qui

146 2211 277 2245 totum
309 2206 420 2245 diem
452 2207 637 2246 iaculans
677 2221 758 2247 non
790 2207 1016 2259 aliquando
1048 2205 1282 2246 conliniet?
1343 2207 1467 2246 Totas
1499 2212 1646 2246 noctes
1678 2206 1923 2252 dormimus,

147 2280 285 2321 neque
318 2268 403 2307 ulla
434 2274 497 2308 est
526 2268 635 2317 fere,
660 2283 743 2322 qua
765 2284 848 2309 non
871 2270 1152 2316 somniemus3
1187 2273 1228 2308 et
1253 2269 1454 2308 miramur
1475 2268 1703 2322 aliquando
1726 2269 1787 2316 id,
1811 2267 1924 2322 quod

150 2330 467 2379 somniarimus,
503 2332 713 2372 evadere?
775 2332 887 2380 Quid
927 2338 989 2372 est
1029 2337 1115 2371 tam
1153 2331 1358 2371 incertum
1391 2345 1516 2385 quam
1548 2330 1725 2371 talorum
1756 2331 1922 2371 iactus?

236 2501 266 2531 t.
292 2507 350 2531 ccc
374 2499 426 2530 ΒΟ
455 2517 488 2521 -
514 2500 675 2540 filippizin
699 2501 767 2538 AV,
791 2501 965 2539 philipizin
989 2502 1012 2531 B
1042 2519 1074 2522 κ
1104 2502 1133 2532 2.
1155 2511 1175 2532 a
1200 2510 1269 2532 om.
1291 2501 1328 2532 Bl
1350 2518 1384 2523 -
1411 2500 1442 2531 3.
1470 2509 1533 2540 quo
1558 2500 1661 2530 A2B2’:
1689 2500 1776 2537 quod
1799 2499 1923 2530 A¹B¹V

152 2567 185 2573 -
213 2551 333 2581 oraclis
358 2549 417 2581 BV
458 2567 492 2572 —-
531 2550 695 2589 Delphicis
720 2551 918 2582 eiciendum
946 2560 1024 2582 esse
1051 2553 1174 2582 censet
1199 2551 1391 2591 Madvigius
1419 2568 1452 2572 —
1491 2552 1522 2582 5.
1550 2559 1582 2581 se
1604 2551 1662 2581 A2:
1690 2551 1717 2581 si
1742 2549 1853 2581 A¹BV
1887 2566 1920 2572 —

149 2599 178 2631 6.
206 2600 402 2631 eoestinctum
427 2600 485 2631 ΒΟ
512 2617 546 2621 -
581 2600 611 2631 T.
640 2610 723 2639 quae
748 2610 816 2632 om.
838 2600 875 2632 15¹
903 2618 937 2622 —
967 2602 1018 2631 Μ.
1047 2601 1136 2632 hac*
1159 2603 1184 2632 A
1214 2620 1246 2623 —
1282 2604 1313 2632 ec
1336 2601 1437 2632 deest
1462 2601 1493 2632 in
1518 2602 1563 2639 A,
1590 2600 1652 2632 sed
1677 2601 1779 2631 adest
1802 2608 1924 2631 rasura

152 2666 186 2671 —
207 2649 257 2680 113.
276 2650 382 2688 ipsum
402 2650 445 2681 C:
472 2650 629 2689 idipsum
652 2651 801 2682 Schuetz
820 2652 853 2681 et
871 2654 912 2681 0:
941 2650 983 2681 cf.
1004 2651 1119 2681 varias
1146 2650 1314 2682 lectiones
1340 2650 1383 2681 ad
1410 2651 1419 2681 1
1439 2650 1532 2688 §404
1552 2667 1586 2671 —
1615 2649 1666 2681 44.
1687 2649 1820 2681 somniis
1837 2648 1921 2680 13²-

150 2698 201 2729 46.
216 2700 436 2739 pythagoraei
455 2700 476 2730 Β
501 2717 532 2721 -
561 2700 747 2732 abstinuere
774 2700 975 2738 Lambinus,
1003 2703 1123 2731 contra
1148 2709 1255 2739 quem
1282 2701 1332 2731 sic
1351 2699 1497 2731 Orellius
1522 2699 1696 2740 disputat:
1726 2698 1790 2730 sed
1808 2707 1924 2739 neque

150 2750 344 2789 perfectum
371 2750 485 2790 ipsum
513 2749 626 2791 placet
650 2760 712 2791 pro
741 2751 916 2791 praesenti
941 2750 1121 2786 abstinent,
1149 2750 1243 2789 quod
1272 2749 1412 2780 volebat
1439 2750 1607 2787 Davisius,
1634 2750 1667 2780 et
1693 2748 1786 2788 quod
1812 2749 1925 2779 maius

150 2801 214 2837 est,
240 2800 303 2831 ista
330 2800 441 2831 forma
467 2800 612 2840 perfecti
637 2801 669 2831 in
694 2809 747 2831 ere
771 2801 835 2831 nisi
863 2801 894 2831 in
921 2801 1093 2841 corruptis
1119 2799 1202 2831 locis
1228 2800 1321 2840 apud
1341 2800 1548 2830 Ciceronem
1574 2807 1643 2829 non
1663 2799 1853 2838 reperitur;
1882 2797 1924 2828 cf.

150 2848 331 2881 Oratorem
357 2849 467 2889 5457.
494 2849 663 2881 Addenda
690 2850 731 2881 ad
758 2849 832 2880 Vol.
854 2850 894 2880 IV
920 2851 987 2881 P.l
1013 2860 1044 2890 p.
1062 2851 1148 2881 575:
1186 2851 1316 2881 rectius
1341 2850 1390 2881 sic
1416 2858 1453 2880 se
1478 2848 1587 2879 habet
1611 2850 1715 2879 etiam
1741 2857 1772 2880 ν.
1793 2849 1925 2888 utique.-

151 2899 370 2939 Pythagorei,
396 2901 423 2931 si
449 2908 517 2931 non
544 2903 771 2941 praeparatos
797 2900 950 2939 quodam
976 2900 1068 2931 cuitu
1092 2902 1197 2939 atque
1217 2901 1307 2930 victu
1328 2899 1499 2939 proticisci
1516 2898 1559 2929 ad
1578 2898 1825 2929 dormiendum
1844 2907 1926 2930 suos

151 2947 341 2990 discipulos
368 2949 508 2987 iubent,
537 2950 614 2981 faba
640 2949 764 2981 saltem
790 2950 967 2981 abstinere
996 2950 1128 2981 iubent.
1159 2967 1193 2972 ——
1228 2950 1279 2980 47.
1306 2949 1385 2987 cybo
1409 2950 1435 2979 A
1460 2967 1501 2971 .-
1527 2948 1578 2979 49.
1605 2951 1702 2979 semet
1724 2949 1811 2987 ipsos
1834 2950 1926 2979 Mar-

153 3005 212 3030 sus
245 3016 278 3020 —
319 3000 372 3030 ε20.
399 3003 429 3030 et
453 3008 521 3030 om.
549 3001 587 3030 Α]
622 3018 654 3021 —
691 3000 743 3030 ⁵27.
770 3003 858 3031 stant
882 3003 909 3031 si
933 3010 1058 3032 moveri
1089 2998 1213 3039 vulgo:
1252 3003 1342 3030 stunc
1364 2999 1491 3030 moueri
1515 2999 1584 3034 AV,
1618 3002 1705 3028 stant
1727 2999 1853 3029 moderi
1877 2999 1924 3035 B;

154 3045 230 3078 fort.
256 3052 355 3087 stant,
381 3050 505 3080 moveri
528 3050 555 3080 si
578 3050 754 3080 videantur
780 3066 814 3070 —-
843 3050 895 3081 30.
922 3059 966 3081 exl-
990 3051 1184 3080 insanorum
1210 3049 1243 3079 in
1268 3058 1336 3079 ras.
1358 3052 1382 3079 Α
1405 3066 1437 3070 -
1466 3049 1518 3078 34.
1538 3049 1617 3088 post
1632 3049 1809 3080 videantur
1829 3048 1927 3079 lacu-

155 3105 235 3128 nam
260 3098 508 3136 indicavimus,
541 3107 646 3138 quam
679 3098 746 3129 hoc
777 3098 882 3129 modo
908 3099 1096 3130 commode
1122 3098 1286 3139 expleas:
1326 3098 1404 3136 quid
1427 3098 1529 3137 iyicur
1551 3099 1675 3128 mirum
1698 3102 1760 3137 est,
1791 3099 1818 3129 si
1842 3108 1927 3139 quae

155 3148 390 3179 somniantibus
411 3157 493 3179 vera
516 3149 715 3179 videantur?
747 3148 877 3179 etenim
910 3157 1000 3188 quae
1033 3150 1231 3188 sequuntur
1261 3156 1328 3179 non
1361 3146 1405 3177 ad
1436 3146 1617 3178 ebriorum
1647 3146 1700 3178 vel
1724 3148 1927 3178 insanorum

157 3196 247 3234 visa,
274 3198 336 3229 sed
361 3198 404 3230 ad
429 3199 566 3230 somnia
591 3198 777 3229 reserenda
802 3200 883 3229 sunt
911 3216 944 3220 —
977 3199 1029 3230 32.
1056 3199 1207 3230 conliniet
1232 3200 1275 3228 (22
1309 3198 1459 3228 conliniet
1483 3196 1640 3236 Erlang.,
1665 3198 1811 3228 collineet
1835 3198 1859 3228 O
1885 3214 1925 3219 -

158 3246 337 3278 dormimus
360 3249 514 3280 Muretus
537 3249 617 3279 Var.
645 3249 752 3279 Lectt.
780 3248 840 3284 VI,
869 3248 932 3279 46:
965 3250 1168 3280 somniamus
1192 3248 1250 3279 CO
1277 3264 1308 3269 -
1345 3248 1397 3279 33.
1423 3248 1621 3279 somniemus
1644 3248 1820 3280 Muretus:
1847 3247 1928 3277 dor-

158 3295 299 3328 miamus
322 3298 375 3329 CO
402 3315 436 3320 —
463 3298 515 3331 34.
541 3299 781 3331 somniaremus
803 3295 853 3330 B¹.
