2249 3624
274 134 355 174 560
930 134 1000 173 DE
1033 133 1385 174 DIVINATIONE

273 245 500 281 noscantur
529 239 635 280 scire
667 253 767 279 sane
801 239 938 278 velim.
1000 239 1042 278 Si
1074 238 1190 277 nulla
1221 243 1305 285 est,
1344 237 1445 291 quid
1486 237 1590 277 istos
1620 238 1871 290 interpretes
1902 239 2044 279 audia-

274 305 401 343 mus?
442 303 505 343 sin
536 304 755 356 quaepiam
788 304 869 347 est,
902 314 1004 340 aveo
1036 299 1180 339 audire
1212 313 1318 353 quae
1351 301 1432 347 sit,
1479 300 1552 339 sed
1583 299 1824 340 haerebunt.

387 367 532 405 LXlIl.
567 363 660 404 1129.
695 365 818 403 Venit
850 364 959 402 enim
990 363 1072 402 iam
1104 363 1147 401 in
1179 363 1512 409 contentionem,
1543 367 1681 401 utrum
1705 362 1756 401 sit
1776 363 2046 415 probabilius,

273 429 430 468 deosne
472 427 729 473 inmortalis,
772 439 910 465 rerum
951 425 1138 464 omnium
1178 425 1432 478 praestantia
1470 424 1742 471 excellentis,
1795 437 2045 465 concursare

240 491 457 530 5omnium
489 489 738 535 mortalium,
771 488 843 541 qui
874 487 1032 540 ubique
1064 492 1172 534 sunt,
1204 500 1289 526 non
1322 487 1447 526 modo
1476 486 1604 526 lectos
1633 488 1776 526 Verum
1806 487 1929 526 etiam
1954 500 2046 539 gra-

269 553 409 599 batos,
454 557 494 591 et
533 564 623 590 cum
667 555 909 589 stertentem
950 549 1135 602 aliquem
1176 548 1378 596 viderint,
1421 549 1587 589 obicere
1629 549 1680 588 iis
1721 549 1809 588 visa
1840 549 2045 601 quaedam

267 621 455 655 tortuosa
496 619 536 653 et
575 613 775 659 obscura,
824 624 932 664 quae
973 611 1034 650 illi
1076 611 1264 650 exterriti
1306 612 1471 651 somnio
1513 612 1564 651 ad
1606 613 1888 651 coniectorem
1925 623 2045 650 mane

268 677 484 723 deferant,
529 689 584 715 an
623 680 773 714 natura
810 672 920 720 fieri,
963 679 1009 712 ut
1040 673 1251 713 mobiliter
1281 675 1444 713 animus
1476 675 1682 726 agitatus,
1723 672 1836 726 quod
1870 672 2045 725 vigilans

266 741 436 786 viderit,
468 738 680 778 dormiens
711 737 852 776 videre
884 735 1109 776 videatur?
1170 736 1316 776 Utrum
1348 735 1614 789 philesophia
1650 735 1820 787 dignius
1853 748 2045 788 sagarum

218 802 567 856 iesuperstitione
606 800 686 838 ista
724 799 989 852 interpretari
1031 812 1083 838 an
1126 799 1407 851 explicatione
1450 801 1658 838 naturae?
1702 804 1750 838 ut
1780 799 1813 838 si
1844 799 1926 838 iam
1958 795 2045 837 fieri

266 865 402 918 possit
432 876 527 904 vera
559 861 797 901 coniectura
828 861 1107 907 somniorum,
1140 866 1278 900 tamen
1301 861 1388 907 isti,
1412 862 1482 914 qui
1505 859 1773 913 profitentur,
1796 874 1886 901 eam
1908 861 2044 901 facere

265 941 350 967 non
382 926 572 980 possint3
605 937 658 963 ex
689 923 899 964 levissimo
933 924 1043 963 enim
1076 929 1116 963 et
1147 924 1435 963 indoctissimo
1469 937 1623 975 genere
1656 929 1861 964 constant.
1912 923 2043 963 Stoici

265 995 402 1030 autem
442 988 501 1028 tui
537 992 694 1040 negant
733 1000 987 1040 quemquam
1025 986 1107 1026 nisi
1140 987 1374 1039 sapientem
1406 985 1594 1025 divinum
1628 999 1719 1026 esse
1752 1000 1888 1040 posse.
1951 982 2044 1024 1130.

268 1051 527 1105 Chrysippus
565 1049 735 1102 quidem
773 1049 1077 1089 divinationem
1110 1048 1254 1088 definit
1283 1048 1348 1087 his
1380 1047 1545 1088 verbis:
1596 1049 1677 1088 vim
1722 1054 2046 1102 cognoscentem

218 1126 253 1154 215
268 1119 308 1154 et
347 1114 556 1153 videntem
602 1118 643 1152 et
681 1112 961 1165 explicantem
1004 1111 1146 1164 signa,
1196 1123 1303 1164 quae
1343 1124 1366 1150 a
1409 1111 1473 1150 dis
1513 1111 1755 1151 hominibus
1793 1109 2046 1165 portendan-

267 1183 362 1226 tur;
414 1173 597 1216 officium
641 1180 781 1214 autem
827 1187 920 1214 esse
964 1174 1054 1213 eius
1098 1186 1374 1226 praenoscere
1419 1173 1486 1212 dei
1530 1186 1628 1226 erga
1672 1173 1864 1214 homines
1908 1176 2046 1212 mente

267 1252 350 1294 qua
395 1239 478 1278 sint
527 1237 714 1291 quidque
760 1236 1024 1290 significent,
1087 1249 1212 1289 quem
1265 1235 1317 1274 ad
1372 1235 1629 1289 modumque
1674 1249 1723 1276 ea
1768 1241 2048 1288 procurentur

266 1308 393 1355 atque
425 1301 661 1354 expientur.
723 1299 923 1352 Idemque
963 1299 1222 1338 somniorum
1264 1298 1571 1338 coniectionem
1604 1298 1754 1338 definit
1789 1298 1868 1338 hoc
1898 1297 2046 1337 modo:

268 1377 358 1404 esse
404 1363 485 1403 vim
533 1367 775 1402 cernentem
824 1367 865 1401 et
909 1361 1231 1414 explanantem,
1283 1373 1390 1413 quae
1433 1373 1455 1400 a
1498 1361 1561 1400 dis
1604 1360 1845 1400 hominibus
1889 1357 2047 1413 signifi-

217 1439 252 1469 20
268 1432 414 1466 centur
443 1425 484 1464 in
518 1424 692 1464 somnis.
757 1424 869 1472 Quid
907 1436 1005 1476 ergo
1024 1425 1042 1462 ‘l
1089 1422 1140 1462 ad
1179 1422 1281 1462 haec
1328 1422 1529 1462 mediocri
1573 1437 1680 1477 opus
1722 1429 1783 1462 est
1821 1423 2046 1476 prudentia

266 1502 318 1529 an
360 1494 400 1528 et
438 1488 607 1540 ingenio
650 1487 876 1540 praestanti
916 1492 957 1526 et
994 1485 1231 1526 eruditione
1270 1484 1487 1538 perfecta?
1539 1486 1664 1525 talem
1707 1494 1846 1526 autem
1892 1497 2046 1537 cogno-

267 1553 401 1592 vimus
434 1550 657 1590 neminem.

381 1614 525 1653 LXIV.
570 1610 663 1651 131.
705 1611 811 1651 Vide
852 1612 980 1664 igitur
1018 1625 1093 1659 ne,
1136 1612 1262 1651 etiam
1299 1612 1331 1650 si
1370 1611 1673 1651 divinationem
1714 1611 1788 1650 tibi
1822 1625 1914 1651 esse
1946 1624 2045 1651 con-

268 1690 452 1724 cessero,
493 1675 605 1729 quod
636 1688 864 1727 numquam
896 1674 1066 1720 faciam,
1100 1674 1310 1713 neminem
1344 1679 1482 1713 tamen
1514 1673 1700 1713 divinum
1733 1675 1916 1726 reperire
1948 1687 2046 1727 pos-

217 1753 253 1783 25
268 1741 410 1779 simus.
472 1738 616 1786 Qualis
648 1743 787 1776 autem
819 1737 897 1776 ista
929 1750 1045 1776 mens
1078 1741 1141 1776 est
1173 1735 1371 1783 deorum,
1403 1737 1437 1775 si
1461 1749 1599 1788 neque
1621 1749 1666 1776 ea
1691 1736 1810 1776 nobis
1833 1735 2042 1789 significat

267 1802 310 1841 in
341 1802 518 1847 somnis,
551 1813 660 1853 quae
690 1800 768 1852 ipsi
800 1813 874 1851 per
905 1812 981 1837 nos
1003 1798 1316 1850 intellegamus,
1337 1811 1475 1851 neque
1498 1811 1566 1845 ea,
1590 1811 1764 1853 quorum
1789 1799 2041 1851 interpretes

266 1863 422 1904 habere
455 1863 693 1916 possimus?
735 1861 892 1901 similes
925 1861 1034 1900 enim
1066 1866 1162 1900 sunt
1195 1860 1281 1907 dei,
1321 1861 1354 1900 si
1387 1874 1435 1900 ea
1468 1861 1588 1901 nobis
1621 1861 1829 1908 obiciunt,
1863 1875 2041 1914 quorum

267 1940 345 1966 nec
389 1926 604 1966 scientiam
650 1937 786 1977 neque
826 1924 1142 1976 explanatorem
1181 1923 1438 1970 habeamus,
1487 1930 1700 1977 tamquam
1743 1925 1776 1963 si
1809 1924 1937 1964 Poeni
1968 1928 2043 1963 aut

268 1989 443 2041 Hispani
488 1988 530 2026 in
573 1993 720 2027 senatu
761 1991 906 2026 nostro
948 1986 1227 2039 loquerentur
1267 1986 1355 2025 sine
1398 1986 1638 2039 interprete.
1700 1983 1910 2026 113‘2.Iam
1943 2000 2044 2026 vero

217 2064 352 2105 30quo
394 2051 608 2103 pertinent
648 2050 920 2089 obscuritates
961 2054 1002 2087 et
1039 2048 1275 2101 aenigmata
1315 2049 1607 2088 somniorum?
1654 2049 1841 2101 intellegi
1881 2049 1991 2089 enim
2021 2062 2046 2088 a

267 2113 387 2152 nobis
429 2112 469 2151 di
511 2112 617 2152 velle
655 2112 865 2152 debebant
903 2124 976 2157 ea,
1018 2124 1125 2163 quae
1163 2117 1305 2150 nostra
1344 2124 1467 2150 causa
1499 2125 1573 2150 nos
1607 2117 1840 2151 monerent.
1901 2110 2043 2159 Quid?

267 2180 391 2228 poeta
423 2188 569 2223 nemo,
608 2188 731 2214 nemo
772 2174 969 2227 physicus
1008 2174 1242 2213 obscurus?
1290 2173 1363 2212 Ille
1395 2187 1492 2213 vero
1524 2174 1647 2212 nimis
1681 2174 1803 2213 etiam
1837 2174 2043 2214 obscurus

265 2237 534 2291 Euphorion,
566 2243 607 2276 at
633 2251 715 2275 non
745 2236 979 2275 Homerus:
1014 2241 1106 2275 uter
1137 2236 1263 2288 igitur
1294 2236 1465 2275 melior?
1529 2233 1622 2275 1133.
1654 2236 1785 2276 Valde
1807 2236 2044 2276 Heraclitus

269 2301 498 2348 obscurus,
544 2300 712 2338 minime
744 2299 1034 2338 Democritus:
1075 2312 1175 2337 num
1207 2298 1335 2350 igitur
1365 2297 1643 2337 conferendi?
1703 2300 1794 2339 Mea
1825 2311 1947 2338 causa
1979 2312 2044 2338 me

217 2376 253 2406 35
268 2376 413 2403 mones
445 2361 561 2416 quod
592 2375 675 2401 non
709 2360 977 2413 intellegam?
1021 2360 1131 2408 Quid
1163 2374 1228 2400 me
1260 2360 1389 2413 igitur
1418 2362 1596 2400 mones?
1640 2361 1692 2400 Ut
1722 2361 1757 2401 si
1790 2362 1882 2414 quis
1914 2361 2044 2401 medi-

268 2439 341 2465 cus
373 2430 545 2478 aegroto
574 2424 753 2477 imperet
782 2428 830 2463 ut
861 2427 997 2462 sumat

354 2613 384 2643 2.
411 2612 458 2642 sin
484 2611 604 2651 quepia
628 2612 668 2649 Α,
693 2611 720 2641 si
743 2619 808 2641 uon
834 2609 1013 2649 quaepiam
1036 2609 1060 2640 B
1089 2626 1122 2630 —
1151 2618 1231 2640 aveo
1255 2607 1380 2648 vulgo:
1409 2609 1488 2640 abeo
1513 2610 1563 2646 C2,
1589 2609 1689 2640 habeo
1716 2610 1756 2641 C2
1781 2627 1815 2631 ——
1843 2610 1874 2641 3.
1900 2613 2044 2642 conlem-

260 2663 407 2702 ptionem
432 2660 472 2692 V¹
499 2679 532 2683 —
567 2661 597 2693 4..
625 2661 812 2692 inmortalis
834 2660 908 2690 AV:
942 2659 1144 2689 immmortales
1168 2659 1227 2689 ΒΟ
1264 2675 1297 2679 —-
1333 2659 1519 2690 eaecellenlis
1543 2661 1592 2690 A:
1619 2659 1812 2690 excellentes
1834 2659 1920 2690 BVO
1947 2677 1981 2682 -
2008 2660 2040 2692 5.

264 2714 457 2743 merlalium
481 2721 550 2743 om.
570 2711 609 2743 A¹
639 2730 671 2733 —
703 2714 865 2751 qraualos
889 2710 938 2747 (3¹,
971 2710 1142 2750 qi‘aballos
1166 2709 1205 2740 132
1232 2727 1262 2731 -—
1299 2710 1329 2739 6.
1356 2712 1540 2740 stertentem
1564 2709 1707 2748 aliquem
1739 2711 1763 2741 Α
1780 2709 1826 2740 B:
1858 2712 2045 2741 stertentem

266 2763 401 2802 aliquod
426 2763 477 2800 V1,
504 2765 671 2793 stertentes
694 2762 820 2801 aliquot
849 2759 897 2792 ΥΞ.
925 2763 1093 2791 slerlentes
1117 2760 1246 2798 aliquos
1270 2760 1404 2790 Marsus
1430 2759 1478 2793 02
1507 2758 1549 2789 cf.
1576 2767 1682 2799 supra
1709 2758 1806 2799 §1126
1830 2759 1984 2799 viyilanti
2005 2777 2039 2782 —

265 2814 393 2845 abicere
416 2814 465 2851 13¹,
493 2814 629 2844 obiicere
653 2812 677 2842 Ο
714 2828 740 2833 —-
775 2812 815 2842 iis
838 2810 908 2848 AV,
934 2811 969 2840 hs
994 2810 1031 2846 B,
1060 2809 1122 2840 sed
1147 2809 1166 2839 Ιι
1191 2810 1223 2840 in
1240 2818 1324 2846 ras,
1350 2809 1398 2838 liis
1423 2807 1559 2849 Erlang.
1580 2809 1604 2839 O
1632 2825 1666 2831 -
1695 2809 1724 2840 7.
1752 2817 1864 2840 somno
1881 2811 1920 2841 A¹
1947 2828 1981 2832 —
2008 2810 2039 2842 8.

265 2865 354 2904 efter-i
379 2863 417 2895 Α1
443 2881 477 2885 -
506 2864 558 2894 13.
586 2871 774 2903 quenquam
798 2864 823 2892 Α
852 2879 886 2883 -
914 2861 977 2892 nisi
1001 2860 1179 2898 sapientem
1204 2859 1351 2889 clii-inum
1376 2867 1442 2889 esse
1465 2866 1535 2889 om.
1560 2859 1584 2888 V
1611 2875 1644 2880 -
1675 2858 1727 2890 44.
1755 2860 1860 2900 dz'finit
1883 2862 1927 2897 Α,
1953 2861 2043 2901 diffl-

265 2915 351 2944 m'm't
376 2915 411 2951 B,
438 2915 558 2954 diffinit
581 2913 607 2942 V
637 2931 669 2934 -
704 2912 755 2943 46.
775 2912 915 2952 offitium
930 2913 957 2942 Α
986 2928 1019 2932 -
1056 2909 1105 2941 17.
1130 2911 1375 2947 procurrentur
1391 2908 1499 2946 adque
1515 2909 1541 2938 A
1573 2924 1605 2929 —
1636 2908 1686 2939 118.
1713 2909 1888 2947 eoeplenlur
1903 2910 1954 2949 13¹,
1980 2919 2042 2942 ea>-

263 2963 421 3003 pleanlur
437 2963 475 2993 B2
497 2981 528 2984 —
557 2962 680 3001 deffinit
696 2961 724 2990 V
753 2978 787 2983 —
815 2961 951 2991 lzomoclo
975 2959 1013 2989 Β1
1041 2976 1074 2979 —
1108 2958 1161 2988 ¹20.
1188 2958 1339 2988 micliocri
1364 2960 1403 2988 Α1
1431 2975 1464 2979 -
1499 2956 1552 2987 24.
1572 2965 1757 2996 numquam
1780 2959 1825 2996 B,
1851 2958 1915 2990 sed
1940 2968 2041 2999 quam

268 3021 344 3053 sup¹
364 3012 422 3043 lin.
453 3030 486 3034 —
519 3019 694 3051 possumus
718 3011 756 3041 13¹
786 3028 828 3032 —
858 3011 910 3041 25
936 3016 1039 3047 neque
1062 3017 1084 3038 a
1109 3007 1197 3037 nobis
1222 3010 1258 3038 Α1
1288 3025 1322 3029 -
1354 3008 1541 3048 significant
1571 3007 1694 3038 Salisb.
1715 3008 1740 3039 O
1775 3025 1809 3031 -—
1845 3010 1898 3041 27.
1924 3010 1975 3041 dei
1998 3018 2041 3042 ex

269 3071 359 3094 corr.
387 3061 494 3092 habet
518 3062 540 3092 B
572 3080 612 3084 —
644 3061 799 3092 obiiciunt
823 3060 848 3091 Ο
876 3077 911 3081 -
946 3059 999 3090 28.
1025 3066 1083 3088 nec
1106 3058 1276 3088 selemiam
1301 3056 1460 3097 Erlang:
1494 3057 1705 3088 nescientiam
1729 3057 1777 3095 C,
1809 3067 1913 3098 neque
1934 3060 2041 3091 scien-

268 3113 351 3144 tiam
375 3111 496 3143 Salisb.
517 3113 551 3142 et
568 3112 592 3142 Ο
621 3128 654 3133 -
692 3111 745 3141 ἓξ).
772 3113 884 3141 senato
909 3110 946 3140 B¹
975 3126 1009 3130 -
1047 3106 1098 3138 30.
1126 3116 1189 3146 quo
1214 3115 1290 3147 sup.
1310 3106 1367 3137 lin.
1388 3108 1415 3138 A
1445 3125 1477 3129 —
1516 3107 1617 3138 intelli
1641 3108 1681 3138 Al
1705 3123 1738 3128 ——
1777 3107 1829 3139 34.
1856 3109 1889 3139 di
1912 3109 1944 3140 in
1969 3117 2037 3140 ras.

269 3161 378 3194 habet
402 3162 424 3192 B
463 3179 497 3182 —
539 3163 708 3192 mouerent
731 3161 767 3191 Β1
807 3177 840 3181 —
883 3160 940 3199 qui
964 3157 1001 3189 B¹
1039 3174 1072 3178 —
1115 3156 1167 3187 32.
1194 3165 1286 3187 nemo
1312 3166 1403 3187 nemo
1428 3155 1552 3195 vulgo:
1588 3165 1721 3187 nemone
1746 3157 1787 3194 C⁷
1818 3166 1911 3189 nemo
1934 3157 2035 3194 Pith.‚

268 3220 362 3243 nemo
385 3219 443 3241 nec
466 3209 589 3241 Salisb.
612 3227 645 3231 —
672 3210 720 3240 illi
742 3219 840 3241 cero:
864 3210 963 3240 m‘mis
986 3205 1176 3239 Lambinus
1197 3223 1231 3227 —
1259 3206 1311 3237 33.
1330 3207 1521 3246 Euphorion
1539 3207 1581 3238 C:
1607 3207 1776 3246 Euphorio
1793 3207 1830 3247 O,
1857 3206 1899 3239 cf.
1918 3208 1946 3239 11
1963 3206 2037 3247 §63

273 3277 307 3283 —
335 3268 465 3292 omerus
487 3261 527 3291 Αι
555 3276 585 3284 -—
615 3260 771 3291 eraclitus
794 3260 819 3291 B
846 3275 881 3281 —
909 3258 961 3290 36.
987 3259 1128 3299 imperat
1150 3258 1175 3289 B
1202 3273 1238 3280 -
1264 3261 1367 3290 sumet
1389 3260 1429 3290 A.
