2249 3624
859 207 1186 252 FRAGMENTA.

143 313 256 359 Quem
283 320 400 351 monet
427 316 665 355 horrendum,
696 317 857 360 sapiens,
889 317 1003 351 vitare
1027 318 1224 362 periclum:

140 376 254 424 Saepe
281 380 370 414 adeo
398 389 526 413 navem
551 378 678 424 pelayo
707 379 770 414 sub
799 383 896 413 nocte
922 391 1083 415 serenam

138 439 334 482 Subducit,
362 446 517 476 metuens
547 447 729 476 venturam
761 453 864 476 mune
895 443 1105 486 procellam.

141 503 261 539 Tertia
288 515 381 539 nuuc
408 504 532 543 illam,
565 515 657 539 nuuc
683 510 815 549 quartu
845 516 982 539 aurora
1011 507 1164 541 videbit:

135 566 239 603 Nunc
265 568 386 603 subita
412 569 577 603 ‘incautos
604 570 716 603 veniet
743 580 859 613 super.
917 566 1051 605 Omnia
1078 572 1236 606 nondum

136 630 298 676 Iuppiter
324 632 521 666 Immanum
549 633 669 667 docuit
696 643 824 677 yenus:
855 632 981 666 abditu
1008 635 1121 668 caecis

135 692 254 729 Multa
282 694 392 729 latent
419 696 592 730 tenebris:
622 706 729 740 quae,
761 705 839 730 cum
869 695 982 734 volet,
1017 697 1089 740 ipse
1117 698 1253 732 docebit

135 755 357 797 Altitonans,
389 759 452 802 qui
478 768 542 792 uos
566 758 769 802 praeclaris
796 758 953 802 undique
980 759 1093 803 siquis

134 819 294 855 Adiuvat
321 825 353 855 et
378 823 486 856 sortis
514 823 627 856 tradit
657 822 874 856 monimenta
900 822 1058 864 suturae.

133 881 253 919 Multa
280 888 398 918 monet
425 883 536 926 facies
564 887 625 916 aut
653 882 849 916 dimidiata
877 880 1039 922 Dianae,

134 944 205 981 Aut
231 951 384 992 utraque
412 956 545 991 auyens
573 949 635 979 aut
663 949 767 979 aucto
793 945 925 979 lumine
950 945 1102 989 sulqens.

134 1008 253 1045 Multa
278 1011 388 1044 etiam
415 1008 495 1044 an
523 1019 670 1054 suryeus
700 1006 762 1043 Sol
789 1018 919 1042 aureus
947 1018 1035 1046 ora,

136 1070 372 1108 Occiduamve
397 1077 538 1117 petens:
569 1076 599 1106 et
626 1075 707 1105 suut
734 1071 840 1105 etiam
871 1069 988 1104 altera
1025 1071 1151 1115 siqua,

135 1135 300 1171 Plurima
326 1147 419 1182 quae
446 1139 549 1169 noctu
575 1134 630 1168 ‘vel
659 1134 761 1169 clara
781 1133 856 1167 luce
887 1134 1063 1167 videntur.

137 1196 298 1235 Observa
325 1200 485 1243 primum
512 1197 650 1232 nitidae
677 1197 748 1231 duo
775 1207 913 1230 cornua
942 1193 1086 1239 Lunae,

133 1260 245 1297 Illam
273 1262 369 1297 alias
397 1262 472 1296 alio
502 1261 662 1306 depinqit
691 1260 824 1295 lumine
856 1259 1002 1304 Vesper,

132 1324 178 1359 Et
205 1326 349 1360 diversa
375 1326 468 1360 redit
495 1326 663 1359 variatae
689 1325 810 1367 forma
839 1323 1002 1365 Dianae,

135 1386 221 1422 Cum
246 1389 366 1432 primo
395 1389 538 1427 crescit,
569 1398 645 1421 cum
675 1391 808 1431 quarta
835 1391 867 1421 et
896 1387 1003 1420 tertia
1028 1386 1156 1431 sulyet.

132 1448 233 1484 Haec
259 1450 368 1484 etiam
395 1451 587 1484 instantem
613 1450 745 1494 poterit
775 1449 841 1483 tibi
868 1449 994 1484 ducere
1023 1459 1186 1483 mensem.

136 1511 259 1547 Tertia
286 1523 373 1547 nam
401 1513 515 1552 tenui,
545 1512 604 1546 sed
629 1522 721 1556 puro
748 1512 862 1546 sidere
890 1511 1030 1556 sulyens

134 1573 235 1611 Suda
262 1577 349 1610 erit:
379 1581 416 1610 at
444 1587 532 1610 raro
559 1575 709 1620 paulum
736 1576 885 1620 perfusa
911 1575 1043 1609 rubore

138 1637 290 1674 Ventosa
317 1644 392 1674 est:
424 1639 522 1673 nullo
549 1639 581 1672 si
609 1649 744 1673 cornua
773 1638 936 1673 acumine
961 1642 1131 1683 sumant,

136 1702 350 1749 Quartaque
378 1715 470 1749 quae
497 1704 657 1748 sequitur
684 1714 805 1738 crasso
832 1704 900 1746 faa:
928 1703 1096 1748 lanqueat
1122 1704 1215 1748 iqui,

134 1765 206 1801 Aut
234 1766 367 1802 Austro
396 1772 458 1801 aut
485 1767 631 1811 pluviae
655 1767 820 1811 properis
848 1766 1058 1800 obtunditur
1092 1767 1211 1800 undis.

137 1827 243 1872 Quod
261 1831 292 1864 si
318 1840 380 1865 nee
406 1834 528 1864 nutent
554 1830 732 1864 ‘nascentis
758 1839 894 1863 cornua
924 1828 1063 1869 Lunae,

139 1892 261 1928 Tertia
288 1904 352 1929 uec
380 1894 497 1928 iaceat
523 1894 695 1938 resupina
719 1904 784 1938 per
811 1893 956 1927 aethera
982 1892 1136 1932 Phoebe,

137 1954 281 1991 Cornua
308 1957 369 1991 sed
399 1960 491 1990 reete
516 1967 580 2001 per
607 1956 742 1990 caelum
771 1966 889 2000 prona
915 1956 1102 1998 serantur,

136 2016 223 2054 Cras
254 2010 489 2054 Tartessiacis
515 2018 699 2064 Zephyrus
726 2019 881 2063 spirabit
909 2019 954 2053 ab
986 2019 1074 2054 oris,

133 2080 179 2116 At
206 2093 285 2117 cum
310 2087 409 2117 recta
434 2083 543 2117 etiam
571 2086 703 2127 quarta
730 2082 793 2116 sub
823 2082 897 2117 luce
928 2082 1084 2121 renidet,

136 2142 327 2180 Collectam
354 2149 484 2180 metues
510 2144 693 2189 pluviam,
725 2148 805 2178 tuuc
834 2144 957 2178 omnia
984 2144 1106 2178 nimbo

133 2206 285 2242 Fervere
312 2208 460 2243 deciduo
489 2218 620 2243 cernes.
679 2206 797 2242 Cornu
824 2207 932 2241 altius
961 2212 1042 2251 apte

134 2268 311 2316 lnsleoeum
338 2269 502 2311 Borean,
532 2271 740 2315 resupinum
766 2271 925 2314 parturit
953 2268 1116 2304 Austros.

135 2330 206 2368 Sed
232 2334 264 2367 si
289 2337 369 2378 post
397 2334 558 2368 triduum
587 2332 727 2367 Lunam
756 2333 864 2367 ruber
892 2332 1031 2367 ambiat
1059 2331 1177 2371 orbis,

138 2394 340 2440 Tempestas
366 2395 494 2440 pelayo
512 2422 521 2438 ‚
552 2399 738 2440 tempestas
766 2396 928 2430 imminet
957 2395 1074 2440 aqris:

138 2456 286 2503 Quoque
311 2459 424 2492 rubor
450 2460 590 2502 maior,
620 2460 742 2493 maior
769 2459 855 2493 solet
882 2470 952 2493 esse
983 2458 1153 2503 procella.

135 2519 199 2555 Bis
228 2531 307 2555 cum
335 2521 513 2564 dimidio,
545 2531 624 2555 cum
648 2521 755 2566 pleno
783 2521 916 2556 lumine
940 2522 1064 2566 sulqet,

135 2581 309 2628 Adspice,
340 2594 419 2618 eum
447 2584 595 2626 crescit,
625 2594 705 2618 cum
734 2594 871 2618 cornua
897 2585 1020 2628 prisca
1052 2583 1223 2622 resumit,

135 2643 307 2691 Adspice:
337 2647 442 2692 siqua
470 2647 537 2681 tibi
564 2646 663 2681 color
690 2647 788 2680 haud
814 2646 917 2680 dabit
944 2647 1054 2680 irrita
1087 2646 1228 2679 mensis,

135 2707 302 2753 Namque
331 2719 463 2743 auram
490 2709 602 2751 facies
627 2709 809 2753 portendit
833 2720 930 2753 pura
956 2719 1140 2749 serenam,-

135 2770 182 2805 At
209 2781 290 2805 cum
319 2775 394 2805 tota
421 2771 545 2812 rubet,
575 2771 792 2814 furibundos
820 2771 958 2805 indicat
986 2775 1147 2812 austros;

136 2831 256 2868 Imber
283 2835 368 2874 erit,
399 2835 505 2880 niyro
533 2834 564 2867 si
591 2835 637 2868 sit
664 2834 812 2868 variata
839 2833 967 2869 colore.

141 2893 318 2940 Tempora
343 2897 403 2930 sed
429 2896 561 2930 dandis
588 2906 659 2929 non
687 2900 768 2929 sunt
794 2896 905 2940 paria
933 2896 1056 2930 omnia
1092 2894 1216 2939 siquis.

137 2955 234 2992 Nam
260 2968 352 3002 quae
380 2962 515 3003 quarta
543 2958 624 2992 tulit
652 2957 789 2992 Phoebe
814 2958 872 2991 vel
900 2959 1029 3001 tertia,
1058 2958 1192 2991 durant

138 3019 344 3055 Dimidium
370 3022 418 3056 ad
445 3021 590 3061 lunam,
622 3031 714 3065 quae
741 3021 915 3061 dimidia,
947 3022 1070 3055 omnia
1098 3020 1241 3054 tendunt

139 3081 195 3117 Ad
219 3083 385 3128 plenam,·
416 3094 508 3128 quae
531 3083 641 3128 plena
669 3084 789 3127 dedit,
819 3088 978 3128 spectare
1008 3084 1173 3118 videntur

138 3143 343 3180 Dimidium
369 3157 534 3187 rursum,
565 3151 596 3181 et
624 3157 715 3190 quae
743 3150 828 3180 tunc
853 3146 1072 3190 praebentur
1099 3146 1143 3179 ab
1178 3143 1263 3182 illa,

141 3205 306 3252 Eoecipiet
330 3209 538 3243 moribundi
565 3212 627 3242 aut
654 3212 787 3252 quarta
814 3212 876 3242 aut
904 3209 1011 3242 tertia
1038 3207 1180 3241 mensis.

143 3266 185 3304 Si
206 3270 340 3314 paritis
367 3275 480 3306 totam
507 3270 664 3306 Latoida
691 3269 846 3306 circulus
874 3270 1008 3310 ambit,

1789 216 1898 259 4039

1848 832 1897 870 40

1850 1772 1872 1810 ΕΠ

1876 1772 1898 1811 Q(

1850 2086 1898 2123 60

1850 2707 1899 2745 70
