2249 3624
487 161 575 199 Lm.
606 159 656 198 11.
698 159 795 198 CAP.
827 157 1197 198 xxlx-xxxr
1235 154 1294 208 §§
1326 153 1519 194 ‹Ji-66.
1806 150 1879 191 541

291 266 388 314 Qui
431 278 531 304 non
573 264 812 304 funestis
854 264 1136 316 liquerunt
1177 263 1371 302 lumina
1402 262 1546 300 fatis.

290 327 552 380 Argolicis
596 328 812 380 primum
857 334 909 366 ut
951 328 1142 365 vestita
1185 331 1262 365 est
1302 325 1570 364 classibus
1604 322 1775 369 Aulis,

292 390 426 438 Quae
458 390 655 428 Priamo
689 389 894 428 cladem
927 396 972 428 et
1003 390 1182 427 Troiae
1217 394 1518 440 pestemque
1551 384 1813 431 serebant,

289 453 391 491 Nos
434 451 634 490 circuni
677 451 875 490 latices
918 451 1132 501 gelidos
1175 449 1510 489 fumantibus
1552 451 1690 494 aris,

290 514 580 565 Aurigeris
623 513 796 552 divom
841 514 1131 565 placantes
1173 513 1388 551 numina
1432 512 1633 557 tauris,
1903 514 1921 541 5

288 577 390 616 Sub
424 576 640 628 platano
675 575 979 621 umbrifera,
1021 575 1137 614 fons
1179 574 1315 613 unde
1358 580 1563 613 emanat
1595 577 1776 625 aqua'i,

291 638 540 678 Vidimus
584 638 782 677 inmani
826 639 1014 689 specie
1056 642 1312 689 tortuque
1355 636 1638 675 draconem

287 701 641 746 Terribilem,
676 701 816 739 lovis
859 707 910 739 ut
952 700 1108 752 pulsu
1152 705 1466 750 penetraret
1505 699 1564 737 ab
1602 712 1718 745 ara;

289 765 380 813 Qui
426 763 634 817 platani
676 764 725 802 in
768 776 908 802 ramo
949 761 1208 800 soliorum
1242 760 1470 812 tegmine
1503 768 1720 814 saeptos

293 827 573 879 Corripuit
614 825 832 879 pullos;
875 837 1007 878 quos
1050 838 1155 862 cum
1199 829 1542 862 consumeret
1584 831 1722 870 octo,
1912 827 1943 854 ¹⁰

291 891 436 930 Nona
468 902 625 941 super
656 887 890 927 tremulo
927 887 1175 939 genetrix
1210 886 1463 937 clangore
1497 887 1722 932 volabat,

291 951 383 991 Cui
426 951 576 990 ferus
618 950 821 990 inmani
863 949 1104 988 laniavit
1147 949 1355 988 viscera
1396 962 1589 987 morsu.

176 1012 242 1054 64.
290 1014 455 1060 Hunc,
488 1014 574 1053 ubi
608 1020 703 1052 tam
737 1019 953 1052 teneros
987 1011 1213 1050 volucris
1247 1016 1564 1063 matremque
1597 1011 1836 1064 peremit,

291 1076 387 1125 Qui
431 1076 533 1115 luci
576 1076 824 1115 ediderat
864 1075 1077 1127 genitor
1119 1074 1402 1113 Saturnius
1445 1074 1582 1113 idem

290 1138 513 1179 Abdidit
552 1144 601 1177 et
643 1138 776 1177 duro
817 1136 1075 1176 formavit
1114 1137 1355 1187 tegmine
1396 1136 1526 1175 saxi.
1910 1139 1946 1167 Μ

289 1203 388 1241 Nos
431 1206 610 1240 autem
652 1200 831 1239 timidi
873 1205 1084 1239 stantes
1127 1199 1367 1238 mirabile
1410 1205 1696 1239 monstrum

290 1264 529 1304 Vidimus
572 1263 622 1302 in
664 1263 848 1302 mediis
892 1261 1065 1301 divom
1112 1262 1371 1300 versarier
1412 1262 1533 1300 aris.

290 1328 412 1366 Tum
447 1325 656 1365 Calchas
698 1325 821 1364 haec
860 1329 936 1363 est
975 1323 1167 1363 fidenti
1210 1338 1330 1364 voce
1370 1324 1597 1364 locutus:

292 1388 550 1437 Quidnam
592 1393 866 1440 torpentes
909 1386 1080 1426 subito
1124 1387 1466 1439 obstipuistis
1496 1387 1707 1427 Achivi?

292 1453 453 1493 Nobis
495 1451 624 1490 haec
664 1455 908 1504 portenta
948 1449 1092 1488 deum
1133 1449 1282 1489 dedit
1321 1450 1434 1502 ipse
1474 1456 1683 1490 creator
1912 1456 1953 1485 90

292 1514 465 1555 Tarda
503 1519 549 1553 et
587 1526 707 1553 sera
738 1511 924 1560 nimis,
961 1511 1051 1552 sed
1083 1510 1218 1552 fama
1250 1525 1304 1552 ac
1335 1512 1495 1552 laude
1527 1514 1756 1565 perenni.

292 1579 406 1617 Nam
449 1582 573 1630 quot
610 1576 714 1616 avis
758 1581 930 1615 taetro
973 1580 1231 1614 mactatas
1274 1574 1436 1615 dente
1480 1575 1700 1622 videtis,

293 1642 387 1681 Tot
427 1653 517 1678 nos
559 1638 617 1678 ad
660 1638 875 1677 Troiam
916 1637 1049 1676 belli
1092 1638 1500 1678 exanclabimus
1544 1652 1729 1686 annos,

295 1703 435 1751 Quae
477 1701 699 1741 decumo
742 1700 892 1740 cadet
934 1705 983 1738 et
1022 1713 1195 1752 poena
1236 1701 1469 1740 satiabit
1500 1701 1728 1741 Achivos.

293 1765 476 1805 Edidit
517 1763 645 1804 haec
689 1762 934 1810 Calchas,
977 1776 1104 1815 quae
1147 1764 1245 1803 iam
1287 1770 1486 1803 matura
1525 1765 1729 1804 videtis.
1916 1770 1953 1798 ²5

126 1828 192 1870 65.
225 1828 343 1877 Quae
375 1829 543 1868 tandem
574 1829 655 1867 ista
684 1828 902 1879 auguratio
935 1831 997 1865 est
1028 1839 1080 1865 ex
1111 1827 1353 1880 passeribus
1384 1839 1589 1866 annorum
1614 1829 1753 1879 potius
1777 1841 1902 1881 quam

126 1899 196 1933 aut
226 1905 414 1931 mensum
453 1896 525 1930 aut
563 1891 758 1930 dierum?
821 1890 904 1929 Cur
933 1897 1071 1930 autem
1105 1891 1156 1931 de
1188 1892 1442 1945 passerculis
1475 1893 1760 1932 coniecturam
1791 1890 1903 1937 facit,

125 1956 168 1995 in
200 1954 352 2008 quibus
384 1953 544 1993 nullum
577 1959 665 1992 erat
696 1958 955 2000 monstrum,
1001 1953 1052 1993 de
1085 1954 1267 1994 dracone
1299 1955 1418 2000 silet,
1460 1955 1556 2008 qui,
1594 1953 1635 1994 id
1669 1953 1783 2006 quod
1815 1950 1904 1992 fieri

127 2030 212 2057 non
243 2016 394 2070 potuit,
426 2016 619 2068 lapideus
652 2015 804 2055 dicitur
833 2014 997 2055 factus?
1050 2017 1268 2057 Postremo
1301 2017 1402 2070 quid
1436 2017 1573 2056 simile
1604 2016 1730 2055 habet
1760 2028 1905 2068 passer

128 2081 282 2120 annis?
341 2080 444 2118 Nam
476 2079 527 2117 de
560 2091 696 2130 angue
728 2077 825 2123 illo,
868 2078 940 2131 qui
974 2078 1115 2118 Sullae
1157 2080 1351 2132 apparuit
1382 2080 1636 2126 immolanti,
1679 2084 1903 2131 utrumque
1918 2083 1959 2111 30

129 2143 320 2188 memini,
354 2147 394 2181 et
426 2141 607 2187 Sullam,
643 2154 735 2180 cum
766 2140 809 2179 in
843 2141 1159 2193 expeditionem
1192 2142 1416 2181 educturus
1449 2148 1580 2189 esset,
1622 2142 1905 2182 immolavisse

130 2212 171 2245 et
199 2218 378 2258 anguem
416 2202 467 2243 ab
510 2217 580 2243 ara
622 2204 834 2250 extitisse,
877 2216 1013 2256 eoque
1045 2204 1113 2243 die
1144 2218 1231 2244 rem
1261 2205 1476 2257 praeclare
1509 2218 1602 2245 esse
1634 2211 1791 2257 gestam
1822 2217 1905 2244 non

129 2266 362 2319 haruspicis
395 2266 570 2306 consilio
603 2266 676 2305 sed
708 2265 988 2318 imperatoris.

241 2329 399 2368 XXXI.
445 2327 511 2367 66.
553 2330 686 2382 Atque
727 2328 831 2368 haec
873 2334 1130 2368 ostentorum
1172 2342 1325 2381 genera
1366 2331 1553 2370 mirabile
1592 2331 1695 2370 nihil
1738 2327 1906 2378 habent,

132 2404 240 2445 quae
278 2404 371 2431 cum
411 2390 519 2431 facta
559 2397 674 2438 sunt,
717 2397 804 2430 tum
844 2391 895 2431 ad
927 2392 1208 2431 coniecturam
1240 2393 1383 2445 aliqua
1413 2394 1758 2446 interpretatione
1788 2406 1907 2433 revo—
1922 2396 1958 2425 35

132 2460 296 2502 cantur,
329 2459 374 2493 ut
404 2454 476 2493 illa
507 2454 635 2494 tritici
666 2467 794 2506 grana
824 2454 867 2493 in
899 2467 946 2494 os
979 2455 1097 2507 pueri
1129 2455 1268 2494 Midae
1301 2461 1501 2508 congesta
1532 2462 1604 2495 aut
1634 2468 1756 2509 apes,
1803 2469 1907 2509 quas

242 2639 274 2671 Ξ.
307 2639 394 2671 aulis
426 2638 585 2680 Erlang.:
623 2640 713 2671 autes
738 2641 762 2672 C
804 2658 838 2663 -—
884 2640 914 2672 3.
940 2641 1066 2681 ferebat
1096 2642 1135 2672 132
1169 2659 1203 2663 —
1242 2640 1272 2673 4.
1300 2641 1420 2682 ,qelides
1444 2643 1468 2673 A
1509 2657 1543 2664 —
1584 2643 1613 2673 5.
1641 2643 1775 2682 auqeris
1798 2645 1838 2674 A¹
1872 2660 1906 2666 >³-

133 2689 246 2720 diuum
269 2690 350 2727 AO,
386 2690 446 2721 sed
474 2691 507 2721 in
534 2693 557 2721 A
583 2699 605 2720 u
629 2691 805 2730 posterius
831 2691 864 2721 in
890 2700 959 2722 ras.
993 2708 1028 2712 —
1067 2692 1098 2722 6.
1125 2691 1304 2722 emanabat
1325 2691 1404 2728 ΑΒ,
1435 2691 1589 2722 manebat
1613 2692 1778 2724 Pithoeus
1806 2710 1840 2714 —
1876 2693 1906 2724 7.

133 2740 276 2771 inmanis
292 2738 343 2779 Α),
371 2741 525 2770 immanis
550 2739 572 2770 B
595 2757 629 2761 »-
656 2740 686 2771 8.
712 2744 902 2779 penem-arec
927 2741 974 2773 C:
998 2741 1194 2781 penetrabat
1219 2740 1322 2772 codd.
1351 2741 1436 2771 dett..
1463 2742 1590 2773 Davisii
1616 2744 1650 2772 et
1675 2743 1800 2774 Moseri
1826 2743 1851 2774 O
1872 2760 1906 2765 —

135 2788 188 2820 ⁴0.
214 2799 314 2829 quum
338 2790 393 2820 hic
418 2790 589 2830 scriptun]
615 2791 669 2820 est
692 2790 726 2820 111
753 2790 821 2821 Aw
850 2808 881 2812 -
922 2791 970 2821 tt.
997 2792 1148 2831 9e11i11·i.1>
1172 2792 1221 2827 Ο;
1249 2791 1292 2822 ct.
1314 2791 1578 2822 Lachmannum
1605 2791 1647 2822 ad
1667 2792 1802 2823 Lucret.
1824 2794 1910 2833 p.45

140 2853 173 2859 —
198 2839 358 2879 ylanqore
382 2839 463 2870 A¹V¹
489 2855 523 2860 —
553 2840 605 2870 43.
632 2840 782 2871 uolucres
805 2841 830 2871 Ο
857 2857 890 2862 -—
927 2842 978 2872 ⁴15.
1005 2842 1166 2877 formauit
1192 2842 1240 2872 C:
1265 2842 1413 2880 firmarit
1438 2841 1540 2871 codd.
1561 2841 1759 2882 interpolati
1785 2843 1911 2873 Moseri

138 2888 181 2926 O,
212 2889 290 2920 fort.
314 2889 437 2920 velavit
469 2907 503 2911 —
539 2890 678 2929 tegmine
702 2890 781 2920 saxi
805 2888 937 2921 ABV¹2
975 2891 1120 2932 tegmina
1143 2900 1226 2922 saaso
1254 2891 1325 2921 V2O
1354 2906 1387 2912 —
1419 2891 1470 2921 47.
1497 2892 1610 2921 diuum
1634 2892 1708 2929 ΑΟ,
1735 2892 1798 2924 sed
1824 2892 1911 2923 alte-

137 2944 216 2968 rum
239 2948 262 2969 u
285 2939 317 2970 in
342 2947 410 2970 ras.
438 2938 546 2970 habet
570 2942 596 2970 A
627 2957 659 2961 —
686 2941 856 2971 uersat-ier
881 2940 913 2972 in
939 2949 1007 2972 ras.
1029 2945 1055 2972 A
1082 2959 1117 2963 —
1146 2942 1198 2972 48.
1225 2940 1358 2971 chalws
1382 2943 1406 2971 Α
1433 2942 1467 2971 et
1491 2941 1541 2971 sic
1567 2942 1650 2971 item
1675 2950 1706 2972 v.
1726 2942 1766 2972 25
1794 2958 1828 2963 —
1857 2942 1910 2972 49.

139 2986 346 3028 obstupuistis
369 2990 418 3026 03
456 2989 499 3020 ct.
527 2989 572 3027 ll,
601 2988 671 3029 §5⁴
711 3007 745 3012 —
786 2991 837 3021 ΞΟ.
861 2994 995 3030 polenta
1021 2993 1060 3022 A¹
1092 3007 1125 3012 -
1166 2992 1218 3021 Ἣ.
1245 3000 1319 3021 sera
1343 2991 1463 3020 animis
1487 2990 1511 3020 C
1546 3007 1579 3012 —
1612 2992 1762 3030 peremtio*
1787 2991 1846 3022 ΒΟ
1876 3008 1909 3013 -

139 3036 192 3070 22.
218 3039 303 3076 quad
327 3039 379 3069 ΑΒ
408 3055 443 3060 -
470 3048 549 3069 aues
573 3040 632 3070 ΑΟ
661 3056 693 3061 -
730 3043 812 3070 tetro
836 3043 861 3071 Α
889 3050 934 3071 m.
954 3050 1026 3072 sec.
1047 3042 1080 3072 in
1106 3050 1174 3072 ras.
1202 3042 1370 3080 scriptum
1397 3040 1503 3071 babet
1530 3057 1563 3062 —
1596 3042 1648 3073 24.
1675 3043 1798 3072 decimo
1824 3042 1848 3072 Ο
1874 3057 1909 3063 -

139 3090 169 3117 et
191 3096 267 3128 sup.
294 3087 352 3119 lin.
379 3088 486 3120 habet
512 3089 537 3119 V
565 3106 600 3111 —
629 3097 755 3128 poenas
777 3092 821 3125 A,
852 3091 944 3128 penis
970 3091 991 3121 Β
1028 3108 1062 3113 -
1096 3091 1149 3121 Ξῖ.
1176 3100 1320 3121 mensum
1345 3099 1427 3121 nos:
1464 3099 1635 3121 mensuum
1658 3090 1727 3128 AV,
1754 3091 1914 3121 mensium

140 3135 225 3171 ΒΟ;
259 3145 291 3167 ν.
318 3137 481 3169 adnotata
512 3138 557 3170 ad
582 3147 633 3170 or.
662 3138 807 3179 Philipp.
835 3140 1006 3180 X11‚522
1034 3157 1068 3161 —-
1102 3139 1154 3171 30.
1181 3141 1273 3171 sillae
1298 3144 1341 3177 Α,
1369 3140 1432 3171 sed
1457 3141 1483 3170 si
1509 3141 1541 3171 in
1567 3150 1634 3173 ras.
1664 3157 1698 3162 —
1727 3140 1779 3171 3⁴.
1806 3140 1914 3170 sullam

141 3187 179 3221 A.
204 3185 268 3216 sed
291 3187 318 3217 si
343 3187 376 3217 in
401 3196 469 3218 ras.
500 3205 532 3210 —
561 3196 635 3218 cum
660 3187 703 3228 in]
731 3190 786 3226 qui
812 3189 843 3219 in
868 3191 894 3220 A
921 3198 966 3221 m.
995 3190 1012 3220 2
1038 3191 1071 3221 in
1096 3189 1173 3221 loco
1199 3190 1370 3225 evanido3
1405 3190 1544 3221 videtur
1568 3190 1728 3231 primitus
1753 3197 1855 3228 quum
1879 3191 1913 3219 in

142 3235 309 3275 scriptum
335 3236 439 3267 fuisse
473 3254 507 3259 -
542 3237 594 3269 33.
620 3238 811 3276 haruspices
834 3236 922 3269 A¹V¹
950 3256 984 3261 —
1019 3240 1071 3270 35.
1098 3240 1214 3278 aliqua
1239 3240 1287 3270 C:
1314 3240 1464 3279 aliquam
1489 3241 1512 3272 O
1540 3257 1574 3261 —
1609 3240 1660 3271 36.
1687 3240 1719 3270 in
1743 3239 1799 3270 hos
1822 3239 1846 3270 B
1876 3255 1910 3260 —

138 3286 270 3329 puerim
293 3287 401 3319 midae
423 3289 451 3319 A
474 3287 510 3319 in
532 3286 610 3321 loco
635 3287 784 3319 evanido
810 3305 845 3310 —
873 3292 933 3320 auc
957 3296 1048 3320 corr.
1074 3289 1109 3320 in
1133 3292 1168 3319 uc
1192 3289 1229 3320 B.
