2249 3624
852 242 1190 286 FRAGMENTA.
1816 244 1898 284 9923

243 342 278 380 2.
322 341 426 380 Illud
455 343 688 393 nentiquam
720 344 954 395 probantes
1013 347 1301 392 (Charisius
1332 347 1354 385 Ι.
1386 349 1432 385 ll.
1466 361 1503 399 p.
1542 351 1643 390 1515.)

251 407 283 442 3.
328 407 506 441 Memoria
533 409 811 452 praeteritorum
847 415 917 448 ese,
964 422 1031 444 non
1070 414 1333 455 praesentium:
1363 423 1447 446 num
1476 415 1624 457 (suidam
1653 425 1729 447 curu
1755 414 1795 446 de
1829 415 1900 446 rii·-

145 470 277 505 luu'bus
305 475 468 514 ‹tyci-ent,
503 471 538 504 ιἰι
565 472 693 515 quibus
721 477 769 506 est
797 474 905 507 elium
936 473 1089 512 Tullius,
1125 477 1158 508 in
1189 477 1261 509 lre'a
1291 477 1359 509 ism
1387 473 1643 523 prudentiam
1681 478 1896 510 diviserunt.-

146 531 398 576 memoriam,
431 529 761 579 intelligentiam,
794 533 1103 582 providentiam.
1162 536 1509 584 (Augustinus
1537 536 1587 572 ‹lo
1612 538 1716 574 Trin.
1742 536 1764 573 1.
1799 537 1896 574 XlV.

145 605 178 631 c.
209 594 276 630 ΧΙ.
313 594 367 630 14.
399 593 442 629 Τ.
474 594 540 629 lll.
574 606 610 643 p.
642 593 726 631 433.
758 596 800 631 Τ.
837 596 937 632 Vlll.
970 608 1006 645 p.
1040 598 1122 634 ι157.
1156 597 1303 634 Bencil.
1337 599 1416 635 lloc
1437 599 1703 646 fragmentum
1732 599 1899 636 Patricio
1915 608 1930 633 Ji

144 660 308 694 auctore
351 654 401 693 ad
440 655 650 693 Ciceronis
681 657 935 695 llortcnsium
967 658 1083 707 vulgo
1113 660 1293 697 referunt
1321 659 1372 697 ol)
1403 661 1599 697 Hortensii
1633 662 1898 710 fragmentum

143 719 202 756 35.
244 718 388 755 Nonus.
444 716 526 755 Sed
556 717 770 768 desumpta
806 725 914 767 sunt⁷
946 726 1109 758 notante
1138 722 1317 772 Meyerm
1353 734 1374 757 e
1404 722 1484 759 Libv
1517 722 1550 760 2.
1584 719 1633 759 111·
1665 726 1898 760 lnxentionc

145 780 189 818 C.
218 781 278 818 53.
309 780 344 829 ξ.
380 780 461 818 100.
495 780 567 817 On.

724 906 806 963 [XI.
868 907 935 949 DE
971 906 1126 949 NOTIS
1160 907 1321 950 LIBER.

896 1009 1147 1040 ono'ra‘rio
1912 1033 1947 1061 ⁴0

241 1112 406 1151 Romani
424 1117 584 1150 veteres
601 1112 638 1149 in
662 1111 880 1150 scribendo
909 1118 1074 1163 praeter
1100 1113 1210 1163 ipsas
1238 1112 1392 1152 litteras
1412 1113 1473 1151 vel
1496 1117 1654 1154 arcanis
1674 1115 1895 1154 earundem

140 1174 180 1212 in
209 1186 429 1226 paucorum
460 1186 575 1212 usum
605 1175 779 1212 inventis
799 1173 862 1212 vel
883 1174 1194 1225 compendiariis
1215 1181 1387 1213 totarum
1408 1189 1550 1214 vocum
1571 1178 1675 1215 notis
1700 1177 1750 1216 ad
1781 1179 1896 1216 lesti—

142 1236 318 1276 nandam
359 1237 620 1288 scriptionem
657 1237 893 1286 excogitatis
929 1241 987 1275 usi
1023 1237 1146 1275 fuisse
1178 1237 1381 1276 (licuntur.
1436 1238 1547 1277 Illius
1584 1251 1744 1289 generis
1780 1246 1895 1278 notas

142 1305 185 1338 ut
212 1299 277 1337 alii
304 1298 403 1338 alias
433 1298 554 1345 (fiell.
586 1299 708 1340 XVII,
740 1302 819 1348 9.),
850 1300 900 1338 ita
931 1301 1073 1338 Cicero
1103 1312 1198 1338 suas
1228 1312 1451 1351 usurpasse
1480 1300 1625 1351 legitur
1651 1301 1718 1345 (ad
1756 1303 1892 1341 Famil.

141 1363 254 1407 xiii,
284 1364 339 1407 6).
397 1361 572 1400 Alterius
601 1362 762 1411 generis
792 1367 910 1400 notae
939 1375 1021 1400 non
1049 1362 1297 1412 singulorum
1326 1363 1491 1401 arbitrio
1520 1364 1655 1413 lictae,
1685 1363 1758 1401 sed
1786 1371 1892 1403 certa
1912 1375 1944 1403 15

140 1423 317 1475 quadam
347 1425 593 1462 notariorum
623 1424 713 1474 lege
741 1425 989 1475 compositae
1018 1425 1095 1463 iam
1124 1438 1146 1463 a
1176 1424 1382 1463 veteribus
1408 1425 1602 1464 collectae
1630 1432 1723 1464 sunt
1744 1433 1782 1464 et
1801 1427 1893 1465 illu-

140 1493 305 1525 stratae.
362 1489 419 1525 lta
462 1492 599 1525 natum
630 1492 692 1524 est
719 1492 905 1525 notarum
933 1487 1113 1535 lexicon,
1156 1486 1266 1538 quod
1295 1486 1360 1525 alii
1387 1487 1437 1526 ad
1474 1487 1645 1526 Tullium
1682 1489 1892 1537 Tironem,

141 1550 348 1588 Ciceronis
377 1548 585 1594 libertum,
628 1549 691 1587 alii
720 1548 771 1587 ad
800 1550 999 1588 Senecam
1032 1555 1239 1588 auctorem
1270 1550 1468 1598 referunt,
1504 1550 1745 1589 Tritliemius
1775 1552 1893 1589 Cice—

139 1612 247 1650 ronis
288 1623 381 1650 esse
420 1616 459 1648 et
498 1623 519 1648 a
559 1611 760 1662 Cypriano
802 1611 1089 1662 amplificatum
1124 1611 1256 1649 tradit.
1313 1612 1468 1650 Primus
1493 1613 1598 1650 enim
1629 1614 1892 1659 Tritliemius,

138 1673 244 1712 Abb.
282 1672 544 1724 Herbipolit.‚
575 1672 691 1711 lexici
730 1674 839 1724 quod
881 1686 987 1712 nunc
1024 1680 1170 1711 vocant
1209 1675 1409 1713 Tironiani
1452 1675 1740 1724 [raginentum,
1783 1676 1892 1726 quod
1907 1687 1943 1715 20

139 1735 251 1773 XXX
273 1740 426 1774 tantum
461 1740 577 1773 notas
606 1734 890 1785 complectitur
905 1765 913 1780 ‚
946 1748 967 1774 e
1001 1735 1168 1783 codice,
1199 1748 1320 1786 quem
1340 1737 1378 1774 in
1396 1736 1547 1775 ordinis
1567 1738 1628 1775 sui
1649 1739 1892 1776 monasterio

139 1797 317 1849 quodam
349 1798 583 1845 invenerat,
627 1796 766 1835 edidit.
822 1798 1079 1849 (Polygraph.
1110 1811 1151 1849 p.
1181 1799 1252 1837 599
1287 1810 1379 1849 sqq.
1415 1811 1449 1837 a.
1482 1800 1610 1843 14915.)
1650 1801 1729 1838 lloc
1755 1802 1794 1838 in
1824 1802 1891 1840 Ci-

139 1860 299 1898 ceronis
328 1860 551 1909 fragmenta
580 1859 632 1897 ita
662 1865 873 1911 receptum
900 1865 980 1910 est,
1012 1866 1054 1898 ut
1082 1866 1199 1898 notae
1231 1861 1514 1899 omitterentur
1543 1867 1581 1899 et
1607 1873 1744 1900 earum
1765 1864 1892 1900 inter-

139 1927 393 1974 pretamenta
435 1926 590 1959 tantum
630 1922 916 1960 retinerentur.
989 1921 1052 1975 [Ut
1090 1922 1335 1961 necessitate
1375 1925 1525 1961 coactis
1563 1924 1678 1962 nobis
1728 1937 1891 1976 quoque

139 1983 368 2024 faciendum
413 1984 496 2022 suit.
550 1981 642 2036 On.]
700 1984 901 2034 Deinceps
943 1985 1140 2023 Gruterus
1168 1984 1350 2036 syllogen
1378 1991 1562 2024 notarum
1588 1987 1942 2030 Tironianarum‘25

138 2048 359 2085 auctiorem
375 2046 583 2084 Thesauro
601 2046 747 2084 lnscrr.
778 2045 947 2095 addidit,
974 2047 1173 2085 Senecam
1190 2046 1551 2085 Commelinianum
1566 2055 1744 2087 secutus.
1782 2050 1891 2088 Ean-

139 2108 232 2148 dem
275 2108 427 2147 codicis
468 2106 679 2146 Casselani
726 2109 986 2146 incrementis
1029 2109 1289 2158 conspicuam
1323 2108 1450 2146 edidit
1485 2110 1615 2161 Kopp.
1671 2110 1888 2161 (l'alaeogr.

139 2173 225 2210 crit.
259 2172 389 2217 1817.)
444 2172 557 2210 Hunc
588 2183 660 2209 nos
692 2171 808 2221 sequi
842 2170 1078 2220 oportebat,
1119 2171 1193 2209 nisi
1235 2182 1256 2208 e
1296 2182 1337 2208 re
1379 2182 1472 2209 esse
1513 2170 1781 2221 duceremm,
1825 2180 1892 2212 aut

138 2234 257 2286 plane
282 2234 467 2272 omittere
485 2239 602 2272 notas
618 2233 870 2281 Tironianas,
901 2238 969 2271 aut
985 2233 1160 2270 retinere
1175 2233 1287 2270 XXX
1307 2232 1533 2282 Trithemii,
1564 2246 1666 2284 quas
1686 2240 1890 2286 tamquam

138 2298 426 2337 Ciceronianas
455 2296 588 2336 solent
625 2295 772 2345 edere,
810 2308 831 2334 a
859 2296 1080 2347 Koppianis
1111 2301 1150 2334 et
1176 2307 1345 2333 numero
1374 2302 1413 2334 et
1440 2296 1566 2346 figura
1594 2296 1888 2348 discrepantes.
1909 2313 1946 2343 30

138 2361 283 2400 Nonne.

1152 2424 1168 2447 0
1196 2421 1491 2460 incommodus.

235 2427 251 2450 0
277 2422 502 2474 Approbat.

235 2489 251 2511 0
278 2485 530 2536 comprobat.

1155 2488 1172 2508 ⁰
1199 2483 1491 2522 accommodat.

235 2552 252 2575 0
278 2546 504 2598 improbus.
1153 2550 1168 2572 0
1195 2547 1234 2584 in
1262 2544 1438 2584 modum.

235 2614 252 2637 0
278 2609 448 2661 probus.
1153 2612 1168 2634 ⁰
1195 2606 1427 2646 admodum.
1904 2626 1940 2654 35

233 2675 250 2698 0
276 2671 475 2722 probitas.
1154 2674 1169 2694 0
1197 2668 1555 2720 quemadmodum.

233 2738 250 2761 0
276 2733 529 2784 improbitas.
1154 2736 1170 2758 0
1197 2730 1380 2782 epistola.

234 2800 250 2823 0
277 2794 514 2847 probabilis.
1151 2796 1166 2819 0
1194 2793 1323 2832 litera.

235 2862 251 2947 Σ
279 2857 485 2959 repgobat.
1149 2861 1166 2944 ἕ
1192 2854 1347 2954 1311ῧὶἷῖ

277 2932 341 2958 mO
376 2932 436 2958 US.
1232 2935 1233 2938 ’
1272 2930 1277 2937 ’
1327 2930 1361 2954 “.
1899 2935 1935 2962 40

234 2987 250 3009 ⁰
276 2981 481 3020 modulus.
1152 2981 1168 3004 0
1196 2930 1370 3028 tempus.

234 3047 250 3070 0
277 3043 502 3082 modestus,
1150 3043 1166 3066 0
1193 3052 1267 3090 per
1294 3046 1469 3091 tempus.

233 3109 249 3132 0
276 3105 558 3144 immodestus.
1149 3105 1164 3127 0
1191 3114 1265 3152 per
1292 3101 1399 3139 idem
1428 3108 1603 3154 tempus.

234 3171 251 3194 0
277 3166 474 3206 modicus.
1145 3166 1160 3189 0
1187 3169 1267 3201 tem
1301 3163 1435 3202 oralis.

235 3232 251 3255 ⁰
277 3229 530 3268 immodicus.
1149 3230 1165 3251 0
1193 3176 1493 3276 εχιέωροηὼε.
1899 3243 1937 3271 ts

237 3295 252 3317 ⁰
280 3290 533 3330 commodus.

250 3390 370 3420 menno
392 3390 425 3418 T.
446 3389 492 3418 lv.

1150 3291 1165 3312 0
1194 3285 1354 3340 horum]

1437 3389 1490 3429 63
