2249 3624
306 138 388 180 2⁶22
747 137 1171 178 TUSCULANARUM
1201 139 1638 180 DISPUTATIONUM

307 248 525 283 concretus
571 247 661 290 aer,
707 243 778 296 qui
820 248 882 282 est
922 248 1054 283 terrae
1095 244 1322 297 proximus.
1374 244 1557 284 Calidior
1595 250 1654 284 est
1693 245 1803 284 enim
1834 245 1899 284 vel
1938 245 2076 298 potius

306 305 518 345 ardentior
558 306 720 345 animus
752 317 877 358 quam
909 310 971 345 est
1011 305 1080 345 hic
1123 311 1214 353 aer,
1261 319 1384 359 quem
1433 307 1557 346 modo
1598 307 1683 345 dixi
1727 320 1910 346 crassum
1952 312 2076 360 atque

306 373 568 415 concretum3
606 368 717 421 quod
750 380 802 406 ex
833 380 882 406 eo
915 368 1008 406 sciri
1042 373 1198 420 potest,
1230 369 1329 421 quia
1362 381 1538 421 corpora
1566 374 1728 415 nostra,
1765 374 1931 408 terreno
1965 369 2077 421 prin-

307 430 508 482 cipiorum
547 442 698 482 genere
730 429 942 475 confecta,
983 430 1129 469 ardore
1162 431 1289 469 animi
1320 430 1624 470 concalescunt.
1699 431 1812 469 XIX.
1844 428 1910 469 43.
1952 432 2078 470 Acce-

274 493 366 532 5dit
407 498 450 531 ut
491 505 539 531 eo
581 491 743 531 facilius
785 491 947 530 animus
980 491 1128 531 evadat
1158 506 1210 532 ex
1255 492 1334 531 hoc
1378 497 1494 539 aere,
1535 506 1658 545 quem
1704 506 1828 546 saepe
1881 493 1961 532 iam
2005 506 2078 546 ap-

306 554 435 607 pello,
477 566 654 606 eumque
706 557 967 606 perrumpat,
1010 554 1120 607 quod
1157 555 1261 593 nihil
1308 561 1370 594 est
1414 555 1553 594 animo
1600 554 1804 594 velocius:
1850 555 1963 594 nulla
2015 560 2078 595 est

305 617 493 656 celeritas
534 629 640 669 quae
677 616 808 668 possit
838 630 928 655 cum
961 617 1087 655 animi
1119 617 1330 656 celeritate
1361 616 1626 656 contendere.
1679 617 1761 664 Qui
1793 618 1825 656 si
1857 623 2076 670 permanet

305 680 571 730 incorruptus
610 678 758 731 suique
795 678 966 725 similis,
1005 691 1174 718 necesse
1207 684 1269 718 est
1299 679 1355 718 ita
1387 678 1564 726 feratur,
1606 684 1651 718 ut
1679 685 1870 731 penetret
1901 685 1941 719 et
1972 679 2078 718 divi-

305 740 375 780 dat
405 753 527 780 omne
559 740 718 779 caelum
756 739 855 787 hoc,
893 741 934 779 in
967 755 1048 793 quo
1087 741 1240 787 nubes,
1282 741 1432 780 imbres
1464 742 1661 795 ventique
1693 748 1918 795 coguntur,
1961 742 2076 795 quod

255 806 290 836 ‘¹0
306 809 345 843 et
377 803 561 842 umidum
594 807 633 841 et
664 802 938 854 caliginosum
970 809 1033 842 est
1064 808 1233 856 propter
1262 802 1550 843 exhalationes
1580 809 1728 843 terrae.
1777 804 1911 852 Quam
1943 806 2077 857 regio-

304 879 399 905 nem
436 878 528 905 cum
560 865 773 917 superavit
807 865 972 904 animus
1005 871 1280 918 naturamque
1312 865 1376 904 sui
1413 865 1592 904 similem
1630 867 1805 918 contigit
1843 872 1883 905 et
1919 866 2077 919 adgno-

304 929 379 974 vit,
412 928 563 966 iunctis
596 941 649 966 ex
678 927 818 966 anima
848 928 963 966 tenui
995 934 1035 967 et
1066 942 1117 967 ex
1149 928 1296 967 ardore
1329 927 1429 966 solis
1463 933 1693 980 temperato
1727 929 1893 980 ignibus
1923 929 2079 968 insistit

305 999 346 1030 et
374 990 498 1029 finem
531 989 654 1029 altius
686 1003 729 1029 se
761 989 970 1029 ecferendi
1002 989 1113 1029 facit.
1163 989 1262 1029 Cum
1297 990 1406 1028 enim
1440 991 1503 1029 sui
1535 990 1713 1029 similem
1737 996 1778 1029 et
1801 991 2012 1031 levitatem
2037 997 2078 1030 et

305 1052 485 1091 calorem
517 1051 693 1105 adeptus
718 1058 791 1098 esc,
823 1057 1035 1104 tamquam
1067 1052 1235 1104 paribus
1268 1052 1531 1091 examinatus
1563 1052 1817 1104 ponderibus
1849 1054 2005 1093 nullam
2035 1053 2078 1092 in

253 1123 289 1151 ⁴5
304 1120 462 1167 partem
495 1119 708 1160 movetur,
741 1127 873 1166 eaque
906 1115 943 1154 ei
977 1114 1144 1153 demum
1177 1114 1376 1153 naturalis
1409 1119 1471 1153 est
1492 1115 1634 1160 sedes,
1669 1129 1761 1154 cum
1784 1116 1834 1155 ad
1857 1116 1920 1155 sui
1943 1115 2078 1155 simile

303 1176 556 1231 penetravit,
596 1177 638 1215 in
679 1190 762 1229 quo
802 1176 915 1215 nulla
957 1189 999 1215 re
1042 1190 1168 1229 egens
1209 1176 1345 1215 aletur
1375 1181 1416 1215 et
1447 1177 1746 1216 sustentabitur
1776 1178 1907 1218 isdem
1939 1179 2078 1225 rebus,

304 1239 454 1292 quibus
491 1244 597 1277 astra
639 1242 922 1277 sustentantur
961 1244 999 1277 et
1038 1239 1219 1278 aluntur.
1281 1235 1347 1277 44.
1380 1238 1567 1290 Cumque
1606 1241 1794 1292 corporis
1824 1239 1986 1279 facibus
2016 1241 2079 1279 in—

303 1301 504 1341 flammari
534 1301 744 1340 soleamus
780 1300 832 1339 ad
864 1301 1000 1340 omnis
1030 1300 1118 1340 fere
1150 1301 1402 1353 cupiditates
1425 1313 1560 1352 eoque
1585 1301 1715 1353 magis
1743 1301 1930 1349 incendi,
1966 1301 2078 1355 quod

302 1366 353 1405 iis
375 1364 656 1410 aemulemur,
689 1363 761 1416 qui
784 1375 833 1401 ea
854 1362 1054 1411 habeant,
1087 1377 1194 1416 quae
1218 1377 1293 1402 nos
1316 1363 1470 1403 habere
1493 1363 1730 1416 cupiamus,
1763 1364 1947 1416 profecto
1970 1362 2079 1404 beati

252 1435 288 1464 20
304 1429 476 1474 erimus,
519 1440 612 1466 cum
643 1425 889 1477 corporibus
925 1425 1080 1465 relictis
1113 1431 1154 1465 et
1186 1425 1459 1478 cupiditatum
1494 1431 1535 1464 et
1565 1425 1892 1465 aemulationum
1924 1427 2078 1466 erimus

303 1496 523 1544 experte53
563 1488 764 1542 quodque
796 1500 906 1527 nunc
936 1487 1128 1534 facimus,
1168 1501 1261 1527 cum
1305 1488 1432 1526 laxati
1463 1488 1575 1527 curis
1608 1502 1771 1535 sumus,
1815 1495 1859 1528 ut
1890 1494 2078 1542 spectare

303 1553 464 1606 aliquid
506 1551 681 1592 velimus
714 1555 753 1589 et
784 1549 934 1596 visere,
976 1550 1018 1589 id
1051 1550 1182 1589 multo
1220 1556 1303 1590 tum
1336 1549 1534 1589 faciemus
1567 1550 1739 1590 liberius
1773 1556 1969 1604 totosque
2000 1564 2078 1590 nos

303 1616 347 1655 in
387 1613 720 1666 contemplandis
763 1611 886 1651 rebus
928 1612 1319 1665 perspiciendisque
1360 1625 1586 1664 ponemus,
1625 1618 1846 1666 propterea
1890 1612 2004 1666 quod
2038 1618 2079 1652 et

303 1684 450 1718 natura
486 1678 595 1716 inest
638 1675 679 1714 in
725 1674 932 1713 mentibus
967 1675 1117 1714 nostris
1148 1672 1395 1714 insatiabilis
1427 1673 1630 1726 quaedam
1663 1676 1868 1727 cupiditas
1901 1676 1986 1714 veri
2018 1675 2078 1714 vi-

252 1745 288 1775 25
304 1739 429 1780 dendi
463 1744 503 1778 et
533 1751 631 1778 orae
662 1737 780 1790 ipsae
812 1737 995 1776 locorum
1027 1737 1219 1783 illorum,
1253 1750 1333 1789 quo
1366 1736 1698 1787 pervenerimus,
1732 1751 1815 1789 quo
1846 1737 2077 1777 faciliorem

303 1802 423 1842 nobis
450 1800 732 1852 cognitionem
755 1812 893 1838 rerum
916 1798 1176 1846 caelestium,
1209 1812 1258 1838 eo
1283 1799 1479 1838 maiorem
1502 1799 1779 1849 cognoscendi
1805 1799 2076 1853 cupiditatem

304 1865 476 1904 dabunt.
537 1861 605 1902 45.
645 1862 758 1900 Haec
801 1862 911 1901 enim
952 1860 1220 1913 pulchritudo
1262 1860 1385 1900 etiam
1427 1860 1467 1898 in
1510 1860 1628 1899 terris
1666 1861 1857 1913 patritam
1890 1862 2005 1901 illam
2037 1866 2078 1900 et

302 1928 480 1974 avitam,
513 1932 558 1966 ut
588 1925 645 1965 ait
676 1924 1012 1978 Theophrastus,
1050 1921 1361 1976 philosophiam
1393 1922 1644 1975 cognitionis
1677 1922 1901 1976 cupiditate
1934 1924 2078 1963 incen-

303 2004 390 2030 sam
431 1988 640 2029 excitavit.
700 1987 925 2039 Praecipue
966 1999 1063 2025 vero
1106 1985 1294 2025 fruentur
1325 1998 1394 2032 ea,
1433 1985 1504 2038 qui
1548 1990 1635 2024 tum
1678 1986 1823 2032 etiam,
1869 1999 1962 2025 cum
2003 1985 2078 2025 has

252 2059 289 2088 30
304 2058 433 2093 terras
473 2051 703 2091 incolentes
742 2048 982 2089 circumfusi
1015 2054 1132 2088 erant
1162 2048 1372 2100 caligine,·
1404 2052 1542 2086 tamen
1571 2047 1659 2086 acie
1691 2048 1839 2087 mentis
1872 2048 2078 2100 dispicere

305 2114 539 2168 cupiebant.
600 2112 692 2151 XX.
726 2111 891 2151 Etenim
931 2111 965 2150 si
1010 2124 1120 2150 nunc
1152 2110 1309 2164 aliquid
1341 2109 1517 2162 adsequi
1549 2122 1592 2149 se
1624 2115 1792 2162 putant,
1825 2111 1895 2162 qui
1927 2110 2078 2149 ostium

303 2177 424 2216 Ponti
456 2176 653 2216 viderunt
679 2180 719 2214 et
745 2187 813 2213 eas
837 2172 1062 2225 angustias,
1094 2186 1167 2226 per
1192 2186 1294 2226 quas
1316 2172 1547 2225 penetravit
1569 2184 1630 2218 ea,
1654 2184 1760 2224 quae
1783 2177 1844 2211 est
1866 2171 2080 2211 nominata

587 2239 747 2290 Argo,
781 2236 910 2289 quia
940 2236 1120 2288 Argivi
1152 2236 1206 2275 in
1238 2248 1297 2275 ea
1329 2234 1520 2274 dilecti
1553 2235 1652 2274 viri

587 2299 737 2339 Vecti
768 2297 1030 2352 petebant
1061 2297 1255 2351 pellem
1287 2299 1586 2337 inauratam
1617 2297 1825 2344 arietis,

254 2369 290 2397 35
306 2370 378 2405 aut
408 2364 460 2411 ii,
492 2363 564 2416 qui
596 2361 753 2401 Oceani
783 2361 886 2400 freta
918 2360 990 2399 illa
1020 2360 1232 2407 viderunt,

515 2427 772 2477 Europam
805 2423 1138 2476 Libyamque
1170 2435 1328 2475 rapax
1358 2422 1446 2461 ubi
1477 2421 1679 2461 dividit
1710 2421 1864 2468 unda,

307 2489 421 2543 quod
464 2487 633 2528 tandem
679 2485 962 2539 spectaculum
1007 2485 1095 2525 fore
1139 2490 1357 2537 putamus,
1402 2497 1494 2523 cum
1531 2489 1659 2524 totam
1698 2489 1850 2523 terram
1894 2485 2080 2525 contueri

306 2551 448 2591 licebit
478 2550 653 2602 eiusque
684 2561 777 2588 eum
800 2548 937 2595 situm,
968 2546 1157 2594 formam,
1190 2546 1632 2600 circumscriptionem,
1656 2551 1742 2586 tum
1766 2550 1806 2585 et
1827 2545 2078 2587 habitabiles

393 2661 424 2693 li.
450 2661 574 2692 Accidit
604 2660 628 2690 G
645 2660 669 2690 R
701 2676 736 2681 -—
772 2658 802 2689 9.
829 2658 956 2689 caelum
988 2658 1046 2689 hoc
1063 2675 1111 2680 --
1128 2662 1292 2698 cognmlur
1316 2658 1447 2688 Nonius
1472 2666 1505 2698 p.
1533 2656 1607 2688 ς264.
1637 2674 1671 2679 -
1701 2658 1795 2688 «Non
1821 2657 2080 2698 penetrandum

304 2711 432 2743 caelum
464 2712 555 2741 erat:
591 2711 731 2747 contra⁷
766 2707 901 2739 dixerat
929 2707 1033 2738 modo
1067 2709 1147 2738 ante
1175 2707 1202 2747 (3
1228 2707 1278 2745 422)
1307 2715 1454 2738 necesse
1480 2715 1559 2738 esse
1583 2707 1666 2746 ferri
1691 2707 1840 2738 animum
1864 2707 1908 2737 ad
1932 2706 2077 2738 caelum:

304 2761 367 2794 sed
392 2764 452 2791 aer
476 2757 759 2800 perrumpendus
784 2759 870 2789 erat.
907 2759 1028 2798 ltaque
1055 2756 1193 2788 deleam
1217 2757 1357 2787 eaelum.
1389 2756 1551 2787 Definitio
1569 2757 1732 2788 convenit
1748 2758 1833 2788 ae'ri.
1861 2758 1910 2788 De
1928 2759 2079 2796 utroque

304 2811 394 2843 conf.
411 2812 486 2842 Nat.
504 2811 606 2841 Deor.
623 2809 667 2846 11,
689 2808 784 2839 401.»
804 2808 906 2838 ΒΑΚΕ.
934 2810 976 2839 At
992 2806 1062 2838 vid.
1081 2807 1101 2847 ἓ
1119 2807 1176 2838 60:
1203 2806 1261 2837 hoc
1278 2806 1427 2837 nebuloso
1444 2809 1474 2837 et
1489 2806 1669 2847 caliginoso
1687 2807 1789 2838 caelo.
1817 2808 1857 2839 N.
1877 2807 1916 2838 D.
1934 2805 1998 2846 115
2016 2804 2075 2837 42:

303 2870 415 2893 crasso
430 2861 520 2892 caelo
537 2864 634 2898 alque
650 2862 799 2889 concreto
814 2857 870 2897 (cf.
887 2866 993 2897 supra
1010 2866 1041 2887 V.
1059 2858 1145 2895 2).—
1163 2857 1214 2887 40.
1230 2856 1434 2887 exalationes
1449 2858 1475 2887 G
1493 2874 1526 2878 —
1545 2857 1556 2887 vl
1569 2858 1595 2887 2.
1614 2857 1743 2887 iunceus
1756 2858 1781 2887 G
1797 2856 1880 2887 R1B.
1904 2855 2077 2893 «Quaero,

304 2911 362 2951 qui
388 2911 455 2941 sint
478 2910 579 2940 iuncti
602 2910 719 2949 ignes?
744 2909 768 2940 E
794 2907 897 2939 codd.
924 2906 1165 2948 recipiendum
1192 2909 1266 2937 erat
1291 2907 1435 2944 iunctus,
1462 2905 1506 2936 de
1532 2905 1607 2946 ipso
1634 2906 1762 2938 animo.
1790 2904 1856 2936 Sed
1875 2913 1981 2945 porro
1999 2913 2081 2935 cor-

304 2959 489 3000 rigendum
513 2960 712 2998 temperatis.
751 2959 824 2990 Non
850 2958 954 2988 ardor
977 2957 1051 2988 solis
1076 2957 1202 2987 dicitur
1225 2958 1440 2995 temperatus,
1469 2954 1532 2986 sed
1556 2956 1642 2995 tynis
1665 2964 1707 2986 ea>
1731 2956 1847 2986 anima
1870 2955 1958 2986 tenui
1974 2958 2004 2986 et
2019 2963 2080 2985 ar-

304 3010 382 3040 dore
404 3009 513 3040 solis.»
540 3009 641 3039 BAKE.
663 3025 697 3030 —
727 3008 777 3039 43.
806 3007 921 3039 Cum-
935 3025 951 3030 -
969 3007 1104 3046 adeptus
1127 3009 1188 3043 est,
1215 3004 1396 3046 tamquam]
1424 3005 1504 3035 Cam
1520 3022 1537 3026 —
1551 3022 1568 3026 -
1585 3006 1722 3044 adeptus
1738 3008 1909 3044 tamquam
1927 3004 1972 3037 C:
2001 3003 2080 3034 Tum

304 3075 352 3081 --
369 3059 524 3097 adeptus,
551 3061 722 3096 [amquam
747 3057 906 3096 Bentley,
932 3058 957 3088 O
978 3074 1012 3079 —
1041 3057 1092 3087 116.
1111 3056 1233 3086 hisdem
1258 3056 1282 3086 G
1298 3056 1341 3092 R,
1368 3055 1479 3085 iisdem
1505 3055 1529 3085 O
1551 3071 1584 3075 —
1613 3055 1668 3086 49.
1691 3055 1740 3085 his
1764 3055 1788 3086 C
1817 3071 1850 3076 —
1878 3053 1930 3085 24.
1955 3053 2080 3084 visendi

306 3109 330 3139 O
359 3125 393 3130 —
426 3107 479 3138 27.
502 3108 665 3146 palritam
693 3107 787 3137 illam
815 3111 844 3138 el
875 3107 1022 3144 avitam,
1056 3109 1091 3137 ul
1124 3106 1173 3136 ait
1205 3104 1429 3144 leeofraslus,
1463 3104 1704 3143 philosophiam
1729 3104 1859 3135 Nonius
1883 3111 1917 3143 p.
1937 3102 2010 3133 ⁴64.
2039 3117 2075 3124 —

302 3159 466 3197 patritam
491 3157 640 3188 Nonius:
664 3158 813 3196 patriam
839 3157 862 3187 C
879 3157 903 3186 O
936 3174 970 3179 —
997 3155 1049 3187 3¹.
1076 3164 1108 3186 se
1132 3163 1201 3185 om.
1229 3155 1255 3184 G
1280 3170 1315 3175 —
1344 3153 1395 3184 33.
1421 3154 1522 3193 Ar90,
1549 3154 1629 3191 quia
1653 3157 1687 3184 et
1711 3154 1744 3184 in
1768 3162 1808 3184 ea
1833 3152 1992 3184 Ciceroni
2016 3151 2079 3182 tri-

306 3206 418 3238 buunt
443 3206 475 3237 F.
501 3207 540 3237 A.
568 3204 732 3244 Wolfius,
760 3205 797 3236 O.
835 3204 904 3236 Sed
929 3204 971 3236 cf.
999 3203 1154 3236 Halmius
1183 3202 1239 3242 (ad
1262 3204 1362 3234 Auct.
1390 3202 1434 3234 ad
1460 3203 1612 3234 Herenn.
1639 3203 1668 3234 11
1693 3202 1711 3243 ἓ
1736 3201 1790 3241 34)
1814 3199 1912 3233 Anal.
1938 3199 2023 3232 Tull.
2048 3201 2075 3240 1,

306 3264 340 3297 p.
369 3255 420 3287 46.
450 3270 485 3277 —
512 3253 625 3286 delecti
647 3254 712 3285 ΒΟ
741 3270 775 3276 -
803 3253 854 3284 35.
880 3253 913 3284 hi
938 3253 962 3285 C
991 3268 1026 3276 -
1054 3253 1107 3285 36.
1134 3251 1321 3291 lybiamque
1346 3252 1429 3291 GR,
1455 3251 1631 3292 libiamque
1654 3252 1678 3283 Β
1707 3268 1741 3275 -
1768 3250 1821 3283 38.
1846 3250 1963 3283 licebat
1986 3249 2038 3282 G¹.
