<?xml version="1.0" encoding="UTF-8"?>
<!DOCTYPE html PUBLIC "-//W3C//DTD XHTML 1.0 Transitional//EN"
    "http://www.w3.org/TR/xhtml1/DTD/xhtml1-transitional.dtd">
<html xmlns="http://www.w3.org/1999/xhtml" xml:lang="en" lang="en">
 <head>
  <title>
</title>
<meta http-equiv="Content-Type" content="text/html;charset=utf-8" />
  <meta name='ocr-system' content='tesseract 3.04.00' />
  <meta name='ocr-capabilities' content='ocr_page ocr_carea ocr_par ocr_line ocrx_word'/>
</head>
<body>
  <div class='ocr_page' id='page_1' title='image "./operaquaesupersu04ciceuoft_0486.png"; bbox 0 0 2249 3624; ppageno 0'>
   <div class='ocr_carea' id='block_1_1' title="bbox 217 117 1389 163">
    <p class='ocr_par' dir='ltr' id='par_1_1' title="bbox 217 117 1389 163">
     <span class='ocr_line' id='line_1_1' title="bbox 217 117 1389 163; baseline -0.004 -1"><span class='ocrx_word' id='word_1_1' title='bbox 217 120 300 163; x_wconf 75' lang='lat'>432</span> <span class='ocrx_word' id='word_1_2' title='bbox 817 120 887 160; x_wconf 88' lang='lat' dir='ltr'>DE</span> <span class='ocrx_word' id='word_1_3' title='bbox 917 117 1142 160; x_wconf 86' lang='lat' dir='ltr'>DEORUM</span> <span class='ocrx_word' id='word_1_4' title='bbox 1171 117 1389 158; x_wconf 85' lang='lat' dir='ltr'><strong>NATURA</strong></span> 
     </span>
    </p>
   </div>
   <div class='ocr_carea' id='block_1_2' title="bbox 178 221 2008 2346">
    <p class='ocr_par' dir='ltr' id='par_1_2' title="bbox 178 221 2008 2346">
     <span class='ocr_line' id='line_1_2' title="bbox 222 221 2000 282; baseline -0.003 -11"><span class='ocrx_word' id='word_1_5' title='bbox 222 230 371 271; x_wconf 88' lang='lat' dir='ltr'>XLIII.</span> <span class='ocrx_word' id='word_1_6' title='bbox 403 229 540 282; x_wconf 85' lang='lat' dir='ltr'><strong>Atque</strong></span> <span class='ocrx_word' id='word_1_7' title='bbox 570 228 627 267; x_wconf 90' lang='lat' dir='ltr'>ita</span> <span class='ocrx_word' id='word_1_8' title='bbox 658 226 868 266; x_wconf 81' lang='lat' dir='ltr'>demetata</span> <span class='ocrx_word' id='word_1_9' title='bbox 898 225 1017 279; x_wconf 90' lang='lat' dir='ltr'>signa</span> <span class='ocrx_word' id='word_1_10' title='bbox 1047 233 1161 273; x_wconf 90' lang='lat' dir='ltr'>sunt,</span> <span class='ocrx_word' id='word_1_11' title='bbox 1192 228 1239 264; x_wconf 91' lang='lat' dir='ltr'>ut</span> <span class='ocrx_word' id='word_1_12' title='bbox 1268 223 1312 264; x_wconf 93' lang='lat' dir='ltr'>in</span> <span class='ocrx_word' id='word_1_13' title='bbox 1342 223 1466 264; x_wconf 89' lang='lat' dir='ltr'>tantis</span> <span class='ocrx_word' id='word_1_14' title='bbox 1489 221 1833 276; x_wconf 88' lang='lat' dir='ltr'>discriptionibus</span> <span class='ocrx_word' id='word_1_15' title='bbox 1856 223 2000 265; x_wconf 84' lang='lat' dir='ltr'>divina</span> 
     </span>
     <span class='ocr_line' id='line_1_3' title="bbox 227 292 652 344; baseline -0.016 -10"><span class='ocrx_word' id='word_1_16' title='bbox 227 292 412 334; x_wconf 89' lang='lat' dir='ltr'>sollertia</span> <span class='ocrx_word' id='word_1_17' title='bbox 442 293 652 344; x_wconf 83' lang='lat' dir='ltr'>appareat.</span> 
     </span>
     <span class='ocr_line' id='line_1_4' title="bbox 366 347 1628 401; baseline -0.006 -8"><span class='ocrx_word' id='word_1_18' title='bbox 366 355 426 394; x_wconf 89' lang='lat' dir='ltr'>Et</span> <span class='ocrx_word' id='word_1_19' title='bbox 457 358 611 392; x_wconf 88' lang='lat' dir='ltr'>natos</span> <span class='ocrx_word' id='word_1_20' title='bbox 643 351 887 390; x_wconf 88' lang='lat' dir='ltr'>Geminos</span> <span class='ocrx_word' id='word_1_21' title='bbox 919 349 1128 390; x_wconf 87' lang='lat' dir='ltr'>invises</span> <span class='ocrx_word' id='word_1_22' title='bbox 1161 348 1250 388; x_wconf 93' lang='lat' dir='ltr'>sub</span> <span class='ocrx_word' id='word_1_23' title='bbox 1283 352 1437 401; x_wconf 88' lang='lat' dir='ltr'>caput</span> <span class='ocrx_word' id='word_1_24' title='bbox 1466 347 1628 387; x_wconf 90' lang='lat' dir='ltr'>Arcti.</span> 
     </span>
     <span class='ocr_line' id='line_1_5' title="bbox 369 410 1842 463; baseline -0.005 -8"><span class='ocrx_word' id='word_1_25' title='bbox 369 415 653 456; x_wconf 90' lang='lat' dir='ltr'>Subiectus</span> <span class='ocrx_word' id='word_1_26' title='bbox 686 412 886 452; x_wconf 90' lang='lat' dir='ltr'>mediae</span> <span class='ocrx_word' id='word_1_27' title='bbox 918 417 996 451; x_wconf 93' lang='lat' dir='ltr'>est</span> <span class='ocrx_word' id='word_1_28' title='bbox 1027 411 1225 451; x_wconf 86' lang='lat' dir='ltr'>Cancer</span> <span class='ocrx_word' id='word_1_29' title='bbox 1256 410 1590 463; x_wconf 89' lang='lat' dir='ltr'>pedibusque</span> <span class='ocrx_word' id='word_1_30' title='bbox 1622 414 1842 449; x_wconf 89' lang='lat' dir='ltr'>tenetur</span> 
     </span>
     <span class='ocr_line' id='line_1_6' title="bbox 193 471 1929 530; baseline -0.002 -15"><span class='ocrx_word' id='word_1_31' title='bbox 193 487 211 515; x_wconf 77' lang='lat'><strong>5</strong></span> <span class='ocrx_word' id='word_1_32' title='bbox 368 480 585 530; x_wconf 88' lang='lat' dir='ltr'>Magnus</span> <span class='ocrx_word' id='word_1_33' title='bbox 616 475 718 514; x_wconf 93' lang='lat' dir='ltr'>Leo</span> <span class='ocrx_word' id='word_1_34' title='bbox 751 474 1023 514; x_wconf 86' lang='lat' dir='ltr'>tremulam</span> <span class='ocrx_word' id='word_1_35' title='bbox 1056 474 1308 527; x_wconf 90' lang='lat' dir='ltr'>quatiens</span> <span class='ocrx_word' id='word_1_36' title='bbox 1340 486 1362 512; x_wconf 91' lang='lat' dir='ltr'>e</span> <span class='ocrx_word' id='word_1_37' title='bbox 1395 484 1621 525; x_wconf 90' lang='lat' dir='ltr'>corpore</span> <span class='ocrx_word' id='word_1_38' title='bbox 1650 471 1929 512; x_wconf 86' lang='lat' dir='ltr'>flammam.</span> 
     </span>
     <span class='ocr_line' id='line_1_7' title="bbox 228 542 385 594; baseline -0.006 -12"><span class='ocrx_word' id='word_1_39' title='bbox 228 542 385 594; x_wconf 86' lang='lat' dir='ltr'>Auriga</span> 
     </span>
     <span class='ocr_line' id='line_1_8' title="bbox 370 597 1747 651; baseline -0.005 -9"><span class='ocrx_word' id='word_1_40' title='bbox 370 602 471 643; x_wconf 90' lang='lat' dir='ltr'>Sub</span> <span class='ocrx_word' id='word_1_41' title='bbox 503 601 655 640; x_wconf 91' lang='lat' dir='ltr'>laeva</span> <span class='ocrx_word' id='word_1_42' title='bbox 687 599 1017 639; x_wconf 90' lang='lat' dir='ltr'>Geminorum</span> <span class='ocrx_word' id='word_1_43' title='bbox 1049 597 1313 638; x_wconf 93' lang='lat' dir='ltr'>obductus</span> <span class='ocrx_word' id='word_1_44' title='bbox 1345 603 1493 651; x_wconf 89' lang='lat' dir='ltr'>parte</span> <span class='ocrx_word' id='word_1_45' title='bbox 1524 597 1747 637; x_wconf 79' lang='lat' dir='ltr'>feretur.</span> 
     </span>
     <span class='ocr_line' id='line_1_9' title="bbox 369 660 1824 714; baseline -0.004 -10"><span class='ocrx_word' id='word_1_46' title='bbox 369 664 663 705; x_wconf 89' lang='lat' dir='ltr'>Adversum</span> <span class='ocrx_word' id='word_1_47' title='bbox 699 666 857 714; x_wconf 93' lang='lat' dir='ltr'>caput</span> <span class='ocrx_word' id='word_1_48' title='bbox 886 660 1006 701; x_wconf 88' lang='lat' dir='ltr'>huic</span> <span class='ocrx_word' id='word_1_49' title='bbox 1037 660 1255 700; x_wconf 86' lang='lat' dir='ltr'>Helicae</span> <span class='ocrx_word' id='word_1_50' title='bbox 1286 660 1595 700; x_wconf 90' lang='lat' dir='ltr'>truculenta</span> <span class='ocrx_word' id='word_1_51' title='bbox 1625 663 1824 699; x_wconf 89' lang='lat' dir='ltr'>tuetur.</span> 
     </span>
     <span class='ocr_line' id='line_1_10' title="bbox 368 721 1555 778; baseline -0.005 -11"><span class='ocrx_word' id='word_1_52' title='bbox 368 729 430 767; x_wconf 90' lang='lat' dir='ltr'>At</span> <span class='ocrx_word' id='word_1_53' title='bbox 462 726 630 778; x_wconf 88' lang='lat' dir='ltr'>Capra</span> <span class='ocrx_word' id='word_1_54' title='bbox 661 725 865 764; x_wconf 91' lang='lat' dir='ltr'>laevum</span> <span class='ocrx_word' id='word_1_55' title='bbox 896 736 1122 764; x_wconf 92' lang='lat' dir='ltr'>umerum</span> <span class='ocrx_word' id='word_1_56' title='bbox 1153 721 1295 763; x_wconf 89' lang='lat' dir='ltr'>clara</span> <span class='ocrx_word' id='word_1_57' title='bbox 1326 722 1555 776; x_wconf 89' lang='lat' dir='ltr'>optinet.</span> 
     </span>
     <span class='ocr_line' id='line_1_11' title="bbox 178 792 761 845; baseline -0.012 -13"><span class='ocrx_word' id='word_1_58' title='bbox 178 799 213 826; x_wconf 74' lang='lat'>⁴0</span> <span class='ocrx_word' id='word_1_59' title='bbox 228 793 333 832; x_wconf 91' lang='lat' dir='ltr'>Tum</span> <span class='ocrx_word' id='word_1_60' title='bbox 365 803 472 845; x_wconf 90' lang='lat' dir='ltr'>quae</span> <span class='ocrx_word' id='word_1_61' title='bbox 503 792 761 842; x_wconf 90' lang='lat' dir='ltr'>sequuntur:</span> 
     </span>
     <span class='ocr_line' id='line_1_12' title="bbox 370 845 1938 902; baseline -0.006 -9"><span class='ocrx_word' id='word_1_62' title='bbox 370 854 552 894; x_wconf 88' lang='lat' dir='ltr'>Verum</span> <span class='ocrx_word' id='word_1_63' title='bbox 582 850 712 890; x_wconf 89' lang='lat' dir='ltr'>haec</span> <span class='ocrx_word' id='word_1_64' title='bbox 745 854 823 889; x_wconf 90' lang='lat' dir='ltr'>est</span> <span class='ocrx_word' id='word_1_65' title='bbox 852 861 1026 902; x_wconf 88' lang='lat' dir='ltr'>magno</span> <span class='ocrx_word' id='word_1_66' title='bbox 1058 854 1217 902; x_wconf 89' lang='lat' dir='ltr'>atque</span> <span class='ocrx_word' id='word_1_67' title='bbox 1249 847 1464 888; x_wconf 90' lang='lat' dir='ltr'>inlustri</span> <span class='ocrx_word' id='word_1_68' title='bbox 1496 846 1741 900; x_wconf 90' lang='lat' dir='ltr'>praedita</span> <span class='ocrx_word' id='word_1_69' title='bbox 1772 845 1938 898; x_wconf 91' lang='lat' dir='ltr'>signo,</span> 
     </span>
     <span class='ocr_line' id='line_1_13' title="bbox 371 908 1849 965; baseline -0.006 -9"><span class='ocrx_word' id='word_1_70' title='bbox 371 916 565 956; x_wconf 86' lang='lat' dir='ltr'>Contra</span> <span class='ocrx_word' id='word_1_71' title='bbox 596 911 760 952; x_wconf 82' lang='lat' dir='ltr'>Haedi</span> <span class='ocrx_word' id='word_1_72' title='bbox 792 912 1031 965; x_wconf 80' lang='lat' dir='ltr'>exiguum</span> <span class='ocrx_word' id='word_1_73' title='bbox 1062 911 1274 952; x_wconf 88' lang='lat' dir='ltr'>iaciunt</span> <span class='ocrx_word' id='word_1_74' title='bbox 1304 908 1633 950; x_wconf 87' lang='lat' dir='ltr'>mortalibus</span> <span class='ocrx_word' id='word_1_75' title='bbox 1663 908 1849 961; x_wconf 87' lang='lat' dir='ltr'>ignem.</span> 
     </span>
     <span class='ocr_line' id='line_1_14' title="bbox 229 975 671 1030; baseline -0.02 -8"><span class='ocrx_word' id='word_1_76' title='bbox 229 981 355 1022; x_wconf 92' lang='lat' dir='ltr'>Cuius</span> <span class='ocrx_word' id='word_1_77' title='bbox 385 978 461 1018; x_wconf 92' lang='lat' dir='ltr'>sub</span> <span class='ocrx_word' id='word_1_78' title='bbox 493 975 671 1030; x_wconf 88' lang='lat' dir='ltr'>pedibus</span> 
     </span>
     <span class='ocr_line' id='line_1_15' title="bbox 372 1035 1724 1091; baseline -0.005 -9"><span class='ocrx_word' id='word_1_79' title='bbox 372 1039 634 1091; x_wconf 84' lang='lat' dir='ltr'>Corniger</span> <span class='ocrx_word' id='word_1_80' title='bbox 666 1042 745 1077; x_wconf 91' lang='lat' dir='ltr'>est</span> <span class='ocrx_word' id='word_1_81' title='bbox 777 1035 960 1077; x_wconf 87' lang='lat' dir='ltr'>valido</span> <span class='ocrx_word' id='word_1_82' title='bbox 993 1036 1220 1077; x_wconf 83' lang='lat' dir='ltr'>conixus</span> <span class='ocrx_word' id='word_1_83' title='bbox 1256 1048 1480 1088; x_wconf 90' lang='lat' dir='ltr'>corpore</span> <span class='ocrx_word' id='word_1_84' title='bbox 1511 1035 1724 1076; x_wconf 89' lang='lat' dir='ltr'>Taurus.</span> 
     </span>
     <span class='ocr_line' id='line_1_16' title="bbox 180 1097 1513 1154; baseline -0.008 -8"><span class='ocrx_word' id='word_1_85' title='bbox 180 1103 324 1146; x_wconf 69' lang='lat' dir='ltr'>⁴5sl&#39;l&#39;l.</span> <span class='ocrx_word' id='word_1_86' title='bbox 355 1105 456 1144; x_wconf 92' lang='lat' dir='ltr'>Eius</span> <span class='ocrx_word' id='word_1_87' title='bbox 487 1106 610 1154; x_wconf 87' lang='lat' dir='ltr'>caput</span> <span class='ocrx_word' id='word_1_88' title='bbox 641 1099 773 1140; x_wconf 91' lang='lat' dir='ltr'>stellis</span> <span class='ocrx_word' id='word_1_89' title='bbox 805 1112 1081 1152; x_wconf 90' lang='lat' dir='ltr'>conspersum</span> <span class='ocrx_word' id='word_1_90' title='bbox 1114 1103 1176 1138; x_wconf 91' lang='lat' dir='ltr'>est</span> <span class='ocrx_word' id='word_1_91' title='bbox 1205 1097 1513 1151; x_wconf 86' lang='lat' dir='ltr'>frequentibus.</span> 
     </span>
     <span class='ocr_line' id='line_1_17' title="bbox 369 1161 1699 1214; baseline -0.005 -8"><span class='ocrx_word' id='word_1_92' title='bbox 369 1168 471 1207; x_wconf 89' lang='lat' dir='ltr'>Has</span> <span class='ocrx_word' id='word_1_93' title='bbox 503 1163 692 1204; x_wconf 88' lang='lat' dir='ltr'>Graeci</span> <span class='ocrx_word' id='word_1_94' title='bbox 724 1162 915 1202; x_wconf 87' lang='lat' dir='ltr'>stellas</span> <span class='ocrx_word' id='word_1_95' title='bbox 948 1161 1159 1214; x_wconf 82' lang='lat' dir='ltr'>Hyadas</span> <span class='ocrx_word' id='word_1_96' title='bbox 1192 1161 1431 1201; x_wconf 88' lang='lat' dir='ltr'>vocitare</span> <span class='ocrx_word' id='word_1_97' title='bbox 1465 1164 1699 1200; x_wconf 73' lang='lat' dir='ltr'>suerunt</span> 
     </span>
     <span class='ocr_line' id='line_1_18' title="bbox 232 1221 2007 1285; baseline -0.005 -14"><span class='ocrx_word' id='word_1_98' title='bbox 232 1229 271 1285; x_wconf 91' lang='lat' dir='ltr'>[a</span> <span class='ocrx_word' id='word_1_99' title='bbox 302 1228 508 1284; x_wconf 86' lang='lat' dir='ltr'>pluend03</span> <span class='ocrx_word' id='word_1_100' title='bbox 541 1226 628 1267; x_wconf 75' lang='grc' dir='ltr'>ὕειν</span> <span class='ocrx_word' id='word_1_101' title='bbox 660 1226 771 1266; x_wconf 89' lang='lat' dir='ltr'>enim</span> <span class='ocrx_word' id='word_1_102' title='bbox 800 1230 862 1264; x_wconf 90' lang='lat' dir='ltr'>est</span> <span class='ocrx_word' id='word_1_103' title='bbox 884 1221 1069 1278; x_wconf 87' lang='lat' dir='ltr'>pluere]:</span> <span class='ocrx_word' id='word_1_104' title='bbox 1102 1224 1235 1263; x_wconf 88' lang='lat' dir='ltr'>nostri</span> <span class='ocrx_word' id='word_1_105' title='bbox 1258 1223 1447 1277; x_wconf 89' lang='lat' dir='ltr'>imperite</span> <span class='ocrx_word' id='word_1_106' title='bbox 1469 1223 1657 1270; x_wconf 80' lang='lat' dir='ltr'>suculas,</span> <span class='ocrx_word' id='word_1_107' title='bbox 1690 1222 1810 1277; x_wconf 84' lang='lat' dir='ltr'>quasi</span> <span class='ocrx_word' id='word_1_108' title='bbox 1832 1236 1855 1263; x_wconf 91' lang='lat' dir='ltr'>a</span> <span class='ocrx_word' id='word_1_109' title='bbox 1877 1222 2007 1263; x_wconf 91' lang='lat' dir='ltr'>subus</span> 
     </span>
     <span class='ocr_line' id='line_1_19' title="bbox 230 1285 2008 1339; baseline -0.004 -5"><span class='ocrx_word' id='word_1_110' title='bbox 230 1297 388 1339; x_wconf 89' lang='lat' dir='ltr'>essent,</span> <span class='ocrx_word' id='word_1_111' title='bbox 419 1304 503 1331; x_wconf 91' lang='lat' dir='ltr'>non</span> <span class='ocrx_word' id='word_1_112' title='bbox 533 1290 584 1330; x_wconf 92' lang='lat' dir='ltr'>ab</span> <span class='ocrx_word' id='word_1_113' title='bbox 616 1288 820 1329; x_wconf 88' lang='lat' dir='ltr'>imbribus</span> <span class='ocrx_word' id='word_1_114' title='bbox 852 1287 1108 1326; x_wconf 85' lang='lat' dir='ltr'>nominatae.</span> <span class='ocrx_word' id='word_1_115' title='bbox 1159 1286 1364 1327; x_wconf 89' lang='lat' dir='ltr'>Minorem</span> <span class='ocrx_word' id='word_1_116' title='bbox 1396 1290 1535 1326; x_wconf 89' lang='lat' dir='ltr'>autem</span> <span class='ocrx_word' id='word_1_117' title='bbox 1566 1286 1904 1339; x_wconf 86' lang='lat' dir='ltr'>Septentrionem</span> <span class='ocrx_word' id='word_1_118' title='bbox 1934 1285 2008 1326; x_wconf 87' lang='lat' dir='ltr'>Ce-</span> 
     </span>
     <span class='ocr_line' id='line_1_20' title="bbox 230 1348 1231 1411; baseline -0.009 -14"><span class='ocrx_word' id='word_1_119' title='bbox 230 1357 363 1411; x_wconf 91' lang='lat' dir='ltr'>pheus</span> <span class='ocrx_word' id='word_1_120' title='bbox 394 1354 528 1408; x_wconf 90' lang='lat' dir='ltr'>passis</span> <span class='ocrx_word' id='word_1_121' title='bbox 560 1352 707 1406; x_wconf 86' lang='lat' dir='ltr'>palmis</span> <span class='ocrx_word' id='word_1_122' title='bbox 738 1364 763 1390; x_wconf 94' lang='lat' dir='ltr'>a</span> <span class='ocrx_word' id='word_1_123' title='bbox 794 1355 910 1403; x_wconf 87' lang='lat' dir='ltr'>tergo</span> <span class='ocrx_word' id='word_1_124' title='bbox 943 1348 1231 1402; x_wconf 85' lang='lat' dir='ltr'>subsequitur.</span> 
     </span>
     <span class='ocr_line' id='line_1_21' title="bbox 180 1410 1849 1469; baseline -0.004 -12"><span class='ocrx_word' id='word_1_125' title='bbox 180 1422 218 1451; x_wconf 77' lang='lat'>20</span> <span class='ocrx_word' id='word_1_126' title='bbox 371 1419 593 1469; x_wconf 89' lang='lat' dir='ltr'>Namque</span> <span class='ocrx_word' id='word_1_127' title='bbox 626 1415 736 1467; x_wconf 88' lang='lat' dir='ltr'>ipse</span> <span class='ocrx_word' id='word_1_128' title='bbox 768 1412 826 1453; x_wconf 88' lang='lat' dir='ltr'>ad</span> <span class='ocrx_word' id='word_1_129' title='bbox 857 1417 1061 1465; x_wconf 86' lang='lat' dir='ltr'>tergum</span> <span class='ocrx_word' id='word_1_130' title='bbox 1094 1411 1406 1465; x_wconf 86' lang='lat' dir='ltr'>Cynosurae</span> <span class='ocrx_word' id='word_1_131' title='bbox 1436 1410 1661 1452; x_wconf 87' lang='lat' dir='ltr'>vertitur</span> <span class='ocrx_word' id='word_1_132' title='bbox 1690 1411 1849 1451; x_wconf 91' lang='lat' dir='ltr'>Arcti.</span> 
     </span>
     <span class='ocr_line' id='line_1_22' title="bbox 232 1478 600 1522; baseline -0.014 0"><span class='ocrx_word' id='word_1_133' title='bbox 232 1482 354 1522; x_wconf 89' lang='lat' dir='ltr'>Hunc</span> <span class='ocrx_word' id='word_1_134' title='bbox 387 1478 600 1521; x_wconf 89' lang='lat' dir='ltr'>antecedit</span> 
     </span>
     <span class='ocr_line' id='line_1_23' title="bbox 373 1536 1476 1594; baseline -0.005 -11"><span class='ocrx_word' id='word_1_135' title='bbox 373 1543 617 1583; x_wconf 89' lang='lat' dir='ltr'>Obscura</span> <span class='ocrx_word' id='word_1_136' title='bbox 648 1539 831 1594; x_wconf 89' lang='lat' dir='ltr'>specie</span> <span class='ocrx_word' id='word_1_137' title='bbox 863 1536 1145 1578; x_wconf 89' lang='lat' dir='ltr'>stellarum</span> <span class='ocrx_word' id='word_1_138' title='bbox 1178 1536 1476 1591; x_wconf 88' lang='lat' dir='ltr'>Cassiepia.</span> 
     </span>
     <span class='ocr_line' id='line_1_24' title="bbox 372 1600 1769 1654; baseline -0.005 -8"><span class='ocrx_word' id='word_1_139' title='bbox 372 1606 509 1646; x_wconf 90' lang='lat' dir='ltr'>Hanc</span> <span class='ocrx_word' id='word_1_140' title='bbox 540 1608 713 1644; x_wconf 90' lang='lat' dir='ltr'>autem</span> <span class='ocrx_word' id='word_1_141' title='bbox 745 1600 967 1642; x_wconf 89' lang='lat' dir='ltr'>inlustri</span> <span class='ocrx_word' id='word_1_142' title='bbox 999 1604 1258 1640; x_wconf 90' lang='lat' dir='ltr'>versatur</span> <span class='ocrx_word' id='word_1_143' title='bbox 1289 1613 1519 1654; x_wconf 90' lang='lat' dir='ltr'>corpore</span> <span class='ocrx_word' id='word_1_144' title='bbox 1550 1604 1769 1654; x_wconf 90' lang='lat' dir='ltr'>propter</span> 
     </span>
     <span class='ocr_line' id='line_1_25' title="bbox 375 1662 1866 1717; baseline -0.004 -9"><span class='ocrx_word' id='word_1_145' title='bbox 375 1666 715 1708; x_wconf 90' lang='lat' dir='ltr'>Andromeda</span> <span class='ocrx_word' id='word_1_146' title='bbox 746 1664 1040 1717; x_wconf 86' lang='lat' dir='ltr'>aufugiens</span> <span class='ocrx_word' id='word_1_147' title='bbox 1071 1668 1345 1716; x_wconf 88' lang='lat' dir='ltr'>aspectum</span> <span class='ocrx_word' id='word_1_148' title='bbox 1375 1668 1575 1703; x_wconf 90' lang='lat' dir='ltr'>maesta</span> <span class='ocrx_word' id='word_1_149' title='bbox 1606 1662 1866 1717; x_wconf 88' lang='lat' dir='ltr'>parentis.</span> 
     </span>
     <span class='ocr_line' id='line_1_26' title="bbox 182 1723 1838 1783; baseline -0.004 -12"><span class='ocrx_word' id='word_1_150' title='bbox 182 1742 219 1771; x_wconf 75' lang='lat'>25</span> <span class='ocrx_word' id='word_1_151' title='bbox 373 1730 509 1770; x_wconf 89' lang='lat' dir='ltr'>Huic</span> <span class='ocrx_word' id='word_1_152' title='bbox 539 1731 715 1783; x_wconf 89' lang='lat' dir='ltr'>Equus</span> <span class='ocrx_word' id='word_1_153' title='bbox 747 1728 844 1768; x_wconf 92' lang='lat' dir='ltr'>ille</span> <span class='ocrx_word' id='word_1_154' title='bbox 875 1727 1050 1767; x_wconf 90' lang='lat' dir='ltr'>iubam</span> <span class='ocrx_word' id='word_1_155' title='bbox 1083 1725 1337 1779; x_wconf 91' lang='lat' dir='ltr'>quatiens</span> <span class='ocrx_word' id='word_1_156' title='bbox 1367 1725 1583 1779; x_wconf 86' lang='lat' dir='ltr'>fulgore</span> <span class='ocrx_word' id='word_1_157' title='bbox 1614 1723 1838 1765; x_wconf 88' lang='lat' dir='ltr'>micanti</span> 
     </span>
     <span class='ocr_line' id='line_1_27' title="bbox 375 1788 1854 1843; baseline -0.004 -9"><span class='ocrx_word' id='word_1_158' title='bbox 375 1794 635 1834; x_wconf 88' lang='lat' dir='ltr'>Summum</span> <span class='ocrx_word' id='word_1_159' title='bbox 667 1791 935 1843; x_wconf 87' lang='lat' dir='ltr'>contingit</span> <span class='ocrx_word' id='word_1_160' title='bbox 964 1794 1123 1842; x_wconf 89' lang='lat' dir='ltr'>caput</span> <span class='ocrx_word' id='word_1_161' title='bbox 1153 1789 1289 1837; x_wconf 92' lang='lat' dir='ltr'>alvo,</span> <span class='ocrx_word' id='word_1_162' title='bbox 1322 1789 1590 1842; x_wconf 88' lang='lat' dir='ltr'>stellaque</span> <span class='ocrx_word' id='word_1_163' title='bbox 1621 1788 1854 1841; x_wconf 86' lang='lat' dir='ltr'>iungens</span> 
     </span>
     <span class='ocr_line' id='line_1_28' title="bbox 374 1851 1718 1907; baseline -0.005 -10"><span class='ocrx_word' id='word_1_164' title='bbox 374 1856 483 1897; x_wconf 92' lang='lat' dir='ltr'>Una</span> <span class='ocrx_word' id='word_1_165' title='bbox 514 1860 669 1895; x_wconf 89' lang='lat' dir='ltr'>tenet</span> <span class='ocrx_word' id='word_1_166' title='bbox 700 1854 954 1907; x_wconf 89' lang='lat' dir='ltr'>duplices</span> <span class='ocrx_word' id='word_1_167' title='bbox 986 1852 1245 1892; x_wconf 86' lang='lat' dir='ltr'>communi</span> <span class='ocrx_word' id='word_1_168' title='bbox 1277 1852 1470 1892; x_wconf 90' lang='lat' dir='ltr'>lumine</span> <span class='ocrx_word' id='word_1_169' title='bbox 1501 1851 1718 1898; x_wconf 87' lang='lat' dir='ltr'>formas,</span> 
     </span>
     <span class='ocr_line' id='line_1_29' title="bbox 374 1913 1768 1967; baseline -0.004 -8"><span class='ocrx_word' id='word_1_170' title='bbox 374 1920 667 1959; x_wconf 90' lang='lat' dir='ltr'>Aeternum</span> <span class='ocrx_word' id='word_1_171' title='bbox 699 1930 758 1956; x_wconf 82' lang='lat' dir='ltr'>ex</span> <span class='ocrx_word' id='word_1_172' title='bbox 789 1916 954 1956; x_wconf 89' lang='lat' dir='ltr'>astris</span> <span class='ocrx_word' id='word_1_173' title='bbox 987 1914 1207 1967; x_wconf 90' lang='lat' dir='ltr'>cupiens</span> <span class='ocrx_word' id='word_1_174' title='bbox 1239 1920 1528 1955; x_wconf 91' lang='lat' dir='ltr'>conectere</span> <span class='ocrx_word' id='word_1_175' title='bbox 1559 1913 1768 1954; x_wconf 87' lang='lat' dir='ltr'>nodum.</span> 
     </span>
     <span class='ocr_line' id='line_1_30' title="bbox 374 1978 1653 2025; baseline -0.004 -3"><span class='ocrx_word' id='word_1_176' title='bbox 374 1982 508 2022; x_wconf 81' lang='lat' dir='ltr'>Exin</span> <span class='ocrx_word' id='word_1_177' title='bbox 540 1979 808 2021; x_wconf 90' lang='lat' dir='ltr'>contortis</span> <span class='ocrx_word' id='word_1_178' title='bbox 838 1979 985 2019; x_wconf 92' lang='lat' dir='ltr'>Aries</span> <span class='ocrx_word' id='word_1_179' title='bbox 1017 1991 1126 2018; x_wconf 91' lang='lat' dir='ltr'>cum</span> <span class='ocrx_word' id='word_1_180' title='bbox 1157 1978 1413 2019; x_wconf 89' lang='lat' dir='ltr'>cornibus</span> <span class='ocrx_word' id='word_1_181' title='bbox 1443 1978 1653 2025; x_wconf 91' lang='lat' dir='ltr'>haeret,</span> 
     </span>
     <span class='ocr_line' id='line_1_31' title="bbox 184 2049 562 2100; baseline -0.019 -11"><span class='ocrx_word' id='word_1_182' title='bbox 184 2059 361 2100; x_wconf 75' lang='lat' dir='ltr'>aequem</span> <span class='ocrx_word' id='word_1_183' title='bbox 393 2049 562 2099; x_wconf 91' lang='lat' dir='ltr'>propter</span> 
     </span>
     <span class='ocr_line' id='line_1_32' title="bbox 376 2103 1764 2159; baseline -0.003 -12"><span class='ocrx_word' id='word_1_184' title='bbox 376 2108 580 2153; x_wconf 88' lang='lat' dir='ltr'>Pisces,</span> <span class='ocrx_word' id='word_1_185' title='bbox 613 2118 833 2159; x_wconf 91' lang='lat' dir='ltr'>quorum</span> <span class='ocrx_word' id='word_1_186' title='bbox 864 2104 1004 2144; x_wconf 92' lang='lat' dir='ltr'>alter</span> <span class='ocrx_word' id='word_1_187' title='bbox 1033 2103 1244 2157; x_wconf 90' lang='lat' dir='ltr'>paulum</span> <span class='ocrx_word' id='word_1_188' title='bbox 1276 2103 1611 2157; x_wconf 88' lang='lat' dir='ltr'>praelabitur</span> <span class='ocrx_word' id='word_1_189' title='bbox 1641 2107 1764 2143; x_wconf 89' lang='lat' dir='ltr'>ante</span> 
     </span>
     <span class='ocr_line' id='line_1_33' title="bbox 375 2165 1755 2221; baseline -0.003 -12"><span class='ocrx_word' id='word_1_190' title='bbox 375 2171 437 2209; x_wconf 91' lang='lat' dir='ltr'>Et</span> <span class='ocrx_word' id='word_1_191' title='bbox 464 2170 626 2221; x_wconf 86' lang='lat' dir='ltr'>magis</span> <span class='ocrx_word' id='word_1_192' title='bbox 657 2167 951 2208; x_wconf 89' lang='lat' dir='ltr'>horriferis</span> <span class='ocrx_word' id='word_1_193' title='bbox 983 2167 1266 2221; x_wconf 89' lang='lat' dir='ltr'>aquilonis</span> <span class='ocrx_word' id='word_1_194' title='bbox 1298 2167 1553 2219; x_wconf 87' lang='lat' dir='ltr'>tangitur</span> <span class='ocrx_word' id='word_1_195' title='bbox 1583 2165 1755 2206; x_wconf 89' lang='lat' dir='ltr'>auris.</span> 
     </span>
     <span class='ocr_line' id='line_1_34' title="bbox 320 2228 1671 2284; baseline -0.004 -11"><span class='ocrx_word' id='word_1_196' title='bbox 320 2233 464 2273; x_wconf 88' lang='lat' dir='ltr'>XLIV.</span> <span class='ocrx_word' id='word_1_197' title='bbox 497 2228 591 2270; x_wconf 60' lang='lat' dir='ltr'>lla.</span> <span class='ocrx_word' id='word_1_198' title='bbox 623 2231 685 2270; x_wconf 94' lang='lat' dir='ltr'>Ad</span> <span class='ocrx_word' id='word_1_199' title='bbox 717 2231 846 2284; x_wconf 89' lang='lat' dir='ltr'>pedes</span> <span class='ocrx_word' id='word_1_200' title='bbox 877 2229 1169 2269; x_wconf 90' lang='lat' dir='ltr'>Andromedae</span> <span class='ocrx_word' id='word_1_201' title='bbox 1200 2231 1376 2270; x_wconf 90' lang='lat' dir='ltr'>Perseus</span> <span class='ocrx_word' id='word_1_202' title='bbox 1408 2229 1671 2276; x_wconf 86' lang='lat' dir='ltr'>describitur,</span> 
     </span>
     <span class='ocr_line' id='line_1_35' title="bbox 378 2290 1906 2346; baseline -0.003 -11"><span class='ocrx_word' id='word_1_203' title='bbox 378 2295 535 2344; x_wconf 90' lang='lat' dir='ltr'>Quem</span> <span class='ocrx_word' id='word_1_204' title='bbox 568 2307 767 2334; x_wconf 90' lang='lat' dir='ltr'>summa</span> <span class='ocrx_word' id='word_1_205' title='bbox 798 2307 822 2333; x_wconf 91' lang='lat' dir='ltr'>a</span> <span class='ocrx_word' id='word_1_206' title='bbox 852 2292 1075 2345; x_wconf 88' lang='lat' dir='ltr'>regione</span> <span class='ocrx_word' id='word_1_207' title='bbox 1106 2291 1390 2346; x_wconf 91' lang='lat' dir='ltr'>aquilonis</span> <span class='ocrx_word' id='word_1_208' title='bbox 1421 2291 1645 2332; x_wconf 92' lang='lat' dir='ltr'>flamina</span> <span class='ocrx_word' id='word_1_209' title='bbox 1675 2290 1906 2345; x_wconf 89' lang='lat' dir='ltr'>pulsant.</span> 
     </span>
    </p>
   </div>
   <div class='ocr_carea' id='block_1_3' title="bbox 236 2450 2014 3295">
    <p class='ocr_par' dir='ltr' id='par_1_3' title="bbox 236 2450 2014 3295">
     <span class='ocr_line' id='line_1_36' title="bbox 326 2450 2007 2494; baseline -0.004 -3"><span class='ocrx_word' id='word_1_210' title='bbox 326 2460 355 2491; x_wconf 71' lang='lat'>⁴.</span> <span class='ocrx_word' id='word_1_211' title='bbox 382 2458 541 2489; x_wconf 79' lang='lat' dir='ltr'>dimetata</span> <span class='ocrx_word' id='word_1_212' title='bbox 565 2456 590 2487; x_wconf 92' lang='lat' dir='ltr'>O</span> <span class='ocrx_word' id='word_1_213' title='bbox 619 2473 649 2479; x_wconf 92' lang='lat'>-</span> <span class='ocrx_word' id='word_1_214' title='bbox 681 2454 946 2494; x_wconf 73' lang='lat' dir='ltr'>discriptionibus</span> <span class='ocrx_word' id='word_1_215' title='bbox 970 2454 1034 2486; x_wconf 84' lang='lat' dir='ltr'>AC</span> <span class='ocrx_word' id='word_1_216' title='bbox 1050 2453 1101 2484; x_wconf 88' lang='lat' dir='ltr'>V:</span> <span class='ocrx_word' id='word_1_217' title='bbox 1132 2451 1403 2492; x_wconf 78' lang='lat' dir='ltr'>descriptionibus</span> <span class='ocrx_word' id='word_1_218' title='bbox 1426 2451 1540 2483; x_wconf 88' lang='lat' dir='ltr'>BEO.</span> <span class='ocrx_word' id='word_1_219' title='bbox 1570 2450 1656 2483; x_wconf 87' lang='lat' dir='ltr'>Vide</span> <span class='ocrx_word' id='word_1_220' title='bbox 1682 2451 1724 2482; x_wconf 90' lang='lat' dir='ltr'>ad</span> <span class='ocrx_word' id='word_1_221' title='bbox 1750 2461 1783 2493; x_wconf 90' lang='lat' dir='ltr'>p.</span> <span class='ocrx_word' id='word_1_222' title='bbox 1809 2451 1885 2491; x_wconf 82' lang='lat'><strong>303,</strong></span> <span class='ocrx_word' id='word_1_223' title='bbox 1910 2452 1943 2484; x_wconf 80' lang='grc' dir='ltr'>ὅ.</span> <span class='ocrx_word' id='word_1_224' title='bbox 1971 2468 2007 2475; x_wconf 89' lang='lat'>-</span> 
     </span>
     <span class='ocr_line' id='line_1_37' title="bbox 237 2498 2012 2543; baseline -0.005 -1"><span class='ocrx_word' id='word_1_225' title='bbox 237 2512 269 2543; x_wconf 93' lang='lat'>2.</span> <span class='ocrx_word' id='word_1_226' title='bbox 295 2510 429 2542; x_wconf 82' lang='lat' dir='ltr'>solertia</span> <span class='ocrx_word' id='word_1_227' title='bbox 452 2507 515 2539; x_wconf 88' lang='lat' dir='ltr'>BE</span> <span class='ocrx_word' id='word_1_228' title='bbox 544 2524 580 2531; x_wconf 89' lang='lat'>—</span> <span class='ocrx_word' id='word_1_229' title='bbox 607 2506 637 2537; x_wconf 88' lang='lat'>3.</span> <span class='ocrx_word' id='word_1_230' title='bbox 664 2506 801 2536; x_wconf 85' lang='lat' dir='ltr'>inuisscs</span> <span class='ocrx_word' id='word_1_231' title='bbox 827 2504 947 2536; x_wconf 81' lang='lat' dir='ltr'>ACV¹</span> <span class='ocrx_word' id='word_1_232' title='bbox 974 2521 1009 2526; x_wconf 85' lang='lat'><em>-</em></span> <span class='ocrx_word' id='word_1_233' title='bbox 1036 2503 1068 2535; x_wconf 79' lang='lat'>4.</span> <span class='ocrx_word' id='word_1_234' title='bbox 1094 2504 1203 2534; x_wconf 81' lang='lat' dir='ltr'>media</span> <span class='ocrx_word' id='word_1_235' title='bbox 1226 2505 1272 2534; x_wconf 75' lang='lat' dir='ltr'>esc</span> <span class='ocrx_word' id='word_1_236' title='bbox 1296 2501 1324 2534; x_wconf 61' lang='lat'>⁸21</span> <span class='ocrx_word' id='word_1_237' title='bbox 1352 2519 1387 2524; x_wconf 94' lang='lat'><strong>—</strong></span> <span class='ocrx_word' id='word_1_238' title='bbox 1422 2502 1452 2533; x_wconf 85' lang='lat'>6.</span> <span class='ocrx_word' id='word_1_239' title='bbox 1480 2498 1604 2541; x_wconf 74' lang='lat' dir='ltr'>auriyd</span> <span class='ocrx_word' id='word_1_240' title='bbox 1631 2501 1767 2533; x_wconf 86' lang='lat' dir='ltr'>subleua</span> <span class='ocrx_word' id='word_1_241' title='bbox 1791 2502 1815 2534; x_wconf 93' lang='lat' dir='ltr'>C</span> <span class='ocrx_word' id='word_1_242' title='bbox 1842 2518 1877 2524; x_wconf 92' lang='lat'>—</span> <span class='ocrx_word' id='word_1_243' title='bbox 1904 2501 1936 2534; x_wconf 88' lang='lat'>7.</span> <span class='ocrx_word' id='word_1_244' title='bbox 1960 2501 2012 2542; x_wconf 81' lang='lat' dir='ltr'>fe·-</span> 
     </span>
     <span class='ocr_line' id='line_1_38' title="bbox 236 2552 2011 2598; baseline -0.005 -6"><span class='ocrx_word' id='word_1_245' title='bbox 236 2564 329 2593; x_wconf 80' lang='lat' dir='ltr'>retur</span> <span class='ocrx_word' id='word_1_246' title='bbox 354 2562 550 2598; x_wconf 83' lang='lat' dir='ltr'>(superscr.</span> <span class='ocrx_word' id='word_1_247' title='bbox 577 2565 623 2587; x_wconf 77' lang='lat' dir='ltr'>m.</span> <span class='ocrx_word' id='word_1_248' title='bbox 651 2564 723 2587; x_wconf 89' lang='lat' dir='ltr'>sec.</span> <span class='ocrx_word' id='word_1_249' title='bbox 750 2555 892 2592; x_wconf 79' lang='lat' dir='ltr'>tenetur)</span> <span class='ocrx_word' id='word_1_250' title='bbox 918 2555 945 2585; x_wconf 93' lang='lat' dir='ltr'>V</span> <span class='ocrx_word' id='word_1_251' title='bbox 973 2572 1007 2577; x_wconf 91' lang='lat'>—</span> <span class='ocrx_word' id='word_1_252' title='bbox 1043 2554 1074 2585; x_wconf 88' lang='lat'>8.</span> <span class='ocrx_word' id='word_1_253' title='bbox 1099 2554 1231 2584; x_wconf 75' lang='lat' dir='ltr'>Helicae</span> <span class='ocrx_word' id='word_1_254' title='bbox 1256 2553 1415 2584; x_wconf 84' lang='lat' dir='ltr'>Grotius:</span> <span class='ocrx_word' id='word_1_255' title='bbox 1446 2552 1544 2583; x_wconf 80' lang='lat' dir='ltr'>helice</span> <span class='ocrx_word' id='word_1_256' title='bbox 1569 2553 1592 2583; x_wconf 93' lang='lat' dir='ltr'>C</span> <span class='ocrx_word' id='word_1_257' title='bbox 1610 2552 1654 2586; x_wconf 85' lang='lat' dir='ltr'>V:</span> <span class='ocrx_word' id='word_1_258' title='bbox 1681 2552 1757 2584; x_wconf 85' lang='lat' dir='ltr'>elice</span> <span class='ocrx_word' id='word_1_259' title='bbox 1779 2552 1882 2584; x_wconf 88' lang='lat' dir='ltr'>ABE</span> <span class='ocrx_word' id='word_1_260' title='bbox 1908 2552 1959 2591; x_wconf 89' lang='lat' dir='ltr'>(in</span> <span class='ocrx_word' id='word_1_261' title='bbox 1982 2552 2011 2584; x_wconf 87' lang='lat' dir='ltr'>A</span> 
     </span>
     <span class='ocr_line' id='line_1_39' title="bbox 238 2602 2008 2650; baseline -0.005 -9"><span class='ocrx_word' id='word_1_262' title='bbox 238 2617 414 2650; x_wconf 86' lang='lat' dir='ltr'>superscr.</span> <span class='ocrx_word' id='word_1_263' title='bbox 434 2607 462 2647; x_wconf 83' lang='lat' dir='ltr'>h)</span> <span class='ocrx_word' id='word_1_264' title='bbox 490 2623 524 2628; x_wconf 98' lang='lat'><strong>—</strong></span> <span class='ocrx_word' id='word_1_265' title='bbox 554 2606 583 2637; x_wconf 88' lang='lat'>9.</span> <span class='ocrx_word' id='word_1_266' title='bbox 603 2608 639 2636; x_wconf 81' lang='lat' dir='ltr'>at</span> <span class='ocrx_word' id='word_1_267' title='bbox 655 2614 745 2636; x_wconf 86' lang='lat' dir='ltr'>corr.</span> <span class='ocrx_word' id='word_1_268' title='bbox 766 2614 807 2636; x_wconf 78' lang='lat' dir='ltr'>ex</span> <span class='ocrx_word' id='word_1_269' title='bbox 823 2604 925 2641; x_wconf 82' lang='lat' dir='ltr'>adV3</span> <span class='ocrx_word' id='word_1_270' title='bbox 958 2604 1002 2634; x_wconf 85' lang='lat' dir='ltr'>ad</span> <span class='ocrx_word' id='word_1_271' title='bbox 1026 2604 1050 2633; x_wconf 79' lang='lat' dir='ltr'>A</span> <span class='ocrx_word' id='word_1_272' title='bbox 1076 2619 1118 2624; x_wconf 88' lang='lat'>--</span> <span class='ocrx_word' id='word_1_273' title='bbox 1142 2603 1250 2634; x_wconf 83' lang='lat' dir='ltr'>laeum</span> <span class='ocrx_word' id='word_1_274' title='bbox 1275 2611 1364 2634; x_wconf 86' lang='lat' dir='ltr'>corr.</span> <span class='ocrx_word' id='word_1_275' title='bbox 1383 2603 1415 2633; x_wconf 91' lang='lat' dir='ltr'>in</span> <span class='ocrx_word' id='word_1_276' title='bbox 1439 2602 1569 2633; x_wconf 83' lang='lat' dir='ltr'>laevum</span> <span class='ocrx_word' id='word_1_277' title='bbox 1592 2602 1656 2633; x_wconf 91' lang='lat' dir='ltr'>AB</span> <span class='ocrx_word' id='word_1_278' title='bbox 1672 2602 1720 2640; x_wconf 91' lang='lat' dir='ltr'>V;</span> <span class='ocrx_word' id='word_1_279' title='bbox 1755 2602 1901 2633; x_wconf 80' lang='lat' dir='ltr'>laeuium</span> <span class='ocrx_word' id='word_1_280' title='bbox 1926 2602 1951 2633; x_wconf 95' lang='lat' dir='ltr'>C</span> <span class='ocrx_word' id='word_1_281' title='bbox 1972 2619 2008 2625; x_wconf 92' lang='lat'><strong>—</strong></span> 
     </span>
     <span class='ocr_line' id='line_1_40' title="bbox 238 2651 2009 2692; baseline -0.003 -2"><span class='ocrx_word' id='word_1_282' title='bbox 238 2669 304 2690; x_wconf 85' lang='lat' dir='ltr'>um.</span> <span class='ocrx_word' id='word_1_283' title='bbox 325 2657 420 2690; x_wconf 78' lang='lat' dir='ltr'>AV¹2</span> <span class='ocrx_word' id='word_1_284' title='bbox 445 2658 535 2692; x_wconf 70' lang='lat' dir='ltr'>hum,</span> <span class='ocrx_word' id='word_1_285' title='bbox 554 2657 578 2687; x_wconf 96' lang='lat' dir='ltr'>O</span> <span class='ocrx_word' id='word_1_286' title='bbox 599 2674 632 2678; x_wconf 98' lang='lat'><strong>—</strong></span> <span class='ocrx_word' id='word_1_287' title='bbox 653 2656 746 2686; x_wconf 87' lang='lat' dir='ltr'>claro</span> <span class='ocrx_word' id='word_1_288' title='bbox 765 2654 827 2686; x_wconf 92' lang='lat' dir='ltr'>CV</span> <span class='ocrx_word' id='word_1_289' title='bbox 853 2672 889 2677; x_wconf 90' lang='grc'><strong>-</strong></span> <span class='ocrx_word' id='word_1_290' title='bbox 918 2654 970 2685; x_wconf 79' lang='grc'>40.</span> <span class='ocrx_word' id='word_1_291' title='bbox 990 2656 1123 2692; x_wconf 75' lang='lat' dir='ltr'>tumque</span> <span class='ocrx_word' id='word_1_292' title='bbox 1145 2662 1170 2684; x_wconf 86' lang='lat' dir='ltr'>s.</span> <span class='ocrx_word' id='word_1_293' title='bbox 1197 2654 1223 2683; x_wconf 89' lang='lat' dir='ltr'>A</span> <span class='ocrx_word' id='word_1_294' title='bbox 1239 2654 1261 2684; x_wconf 88' lang='lat' dir='ltr'>B</span> <span class='ocrx_word' id='word_1_295' title='bbox 1277 2653 1300 2684; x_wconf 92' lang='lat' dir='ltr'>C</span> <span class='ocrx_word' id='word_1_296' title='bbox 1316 2653 1344 2682; x_wconf 90' lang='lat' dir='ltr'>V</span> <span class='ocrx_word' id='word_1_297' title='bbox 1362 2669 1396 2674; x_wconf 94' lang='lat'><strong>—</strong></span> <span class='ocrx_word' id='word_1_298' title='bbox 1424 2655 1577 2683; x_wconf 76' lang='lat' dir='ltr'>secuntur</span> <span class='ocrx_word' id='word_1_299' title='bbox 1600 2652 1624 2682; x_wconf 92' lang='lat' dir='ltr'><strong>B</strong></span> <span class='ocrx_word' id='word_1_300' title='bbox 1639 2651 1663 2683; x_wconf 93' lang='lat' dir='ltr'>C</span> <span class='ocrx_word' id='word_1_301' title='bbox 1692 2669 1727 2674; x_wconf 90' lang='lat'>-</span> <span class='ocrx_word' id='word_1_302' title='bbox 1755 2652 1807 2684; x_wconf 71' lang='lat'>⁴3.</span> <span class='ocrx_word' id='word_1_303' title='bbox 1833 2652 1886 2684; x_wconf 85' lang='lat' dir='ltr'>cui</span> <span class='ocrx_word' id='word_1_304' title='bbox 1909 2651 1967 2683; x_wconf 85' lang='lat' dir='ltr'>sub</span> <span class='ocrx_word' id='word_1_305' title='bbox 1984 2651 2009 2684; x_wconf 86' lang='lat' dir='ltr'>C</span> 
     </span>
     <span class='ocr_line' id='line_1_41' title="bbox 242 2700 2011 2741; baseline -0.005 0"><span class='ocrx_word' id='word_1_306' title='bbox 242 2728 277 2732; x_wconf 93' lang='lat'>—</span> <span class='ocrx_word' id='word_1_307' title='bbox 298 2709 349 2741; x_wconf 69' lang='lat' dir='ltr'>lli.</span> <span class='ocrx_word' id='word_1_308' title='bbox 368 2709 532 2740; x_wconf 67' lang='lat' dir='ltr'>conniasus</span> <span class='ocrx_word' id='word_1_309' title='bbox 556 2705 766 2738; x_wconf 81' lang='lat' dir='ltr'>Lambinus:</span> <span class='ocrx_word' id='word_1_310' title='bbox 793 2713 937 2736; x_wconf 58' lang='lat' dir='ltr'>conexus</span> <span class='ocrx_word' id='word_1_311' title='bbox 959 2704 986 2734; x_wconf 80' lang='lat' dir='ltr'>A</span> <span class='ocrx_word' id='word_1_312' title='bbox 1000 2703 1023 2734; x_wconf 91' lang='lat' dir='ltr'>B</span> <span class='ocrx_word' id='word_1_313' title='bbox 1039 2703 1063 2734; x_wconf 93' lang='lat' dir='ltr'>C</span> <span class='ocrx_word' id='word_1_314' title='bbox 1082 2713 1088 2739; x_wconf 84' lang='grc'>;</span> <span class='ocrx_word' id='word_1_315' title='bbox 1115 2712 1283 2734; x_wconf 71' lang='lat' dir='ltr'>connexus</span> <span class='ocrx_word' id='word_1_316' title='bbox 1299 2703 1323 2734; x_wconf 91' lang='lat' dir='ltr'>E</span> <span class='ocrx_word' id='word_1_317' title='bbox 1338 2703 1375 2734; x_wconf 94' lang='lat' dir='ltr'>V.</span> <span class='ocrx_word' id='word_1_318' title='bbox 1405 2702 1454 2733; x_wconf 82' lang='lat' dir='ltr'>Cf.</span> <span class='ocrx_word' id='word_1_319' title='bbox 1474 2702 1545 2733; x_wconf 85' lang='lat' dir='ltr'>Cic.</span> <span class='ocrx_word' id='word_1_320' title='bbox 1565 2702 1657 2733; x_wconf 83' lang='lat' dir='ltr'>Arat.</span> <span class='ocrx_word' id='word_1_321' title='bbox 1676 2710 1708 2734; x_wconf 87' lang='lat' dir='ltr'>V.</span> <span class='ocrx_word' id='word_1_322' title='bbox 1727 2701 1802 2733; x_wconf 86' lang='lat'>290.</span> <span class='ocrx_word' id='word_1_323' title='bbox 1824 2718 1859 2724; x_wconf 91' lang='lat'>-—</span> <span class='ocrx_word' id='word_1_324' title='bbox 1886 2702 1939 2734; x_wconf 78' lang='grc'>46.</span> <span class='ocrx_word' id='word_1_325' title='bbox 1958 2700 2011 2733; x_wconf 91' lang='lat' dir='ltr'>Ad</span> 
     </span>
     <span class='ocr_line' id='line_1_42' title="bbox 238 2751 2011 2799; baseline -0.006 -8"><span class='ocrx_word' id='word_1_326' title='bbox 238 2760 364 2799; x_wconf 83' lang='lat' dir='ltr'>hyadas</span> <span class='ocrx_word' id='word_1_327' title='bbox 382 2760 414 2790; x_wconf 92' lang='lat' dir='ltr'>in</span> <span class='ocrx_word' id='word_1_328' title='bbox 432 2766 542 2797; x_wconf 84' lang='lat' dir='ltr'>marg.</span> <span class='ocrx_word' id='word_1_329' title='bbox 561 2757 587 2787; x_wconf 94' lang='lat' dir='ltr'><strong>V</strong></span> <span class='ocrx_word' id='word_1_330' title='bbox 605 2756 719 2796; x_wconf 81' lang='lat' dir='ltr'>glossa</span> <span class='ocrx_word' id='word_1_331' title='bbox 738 2755 912 2795; x_wconf 87' lang='lat' dir='ltr'>adscripta</span> <span class='ocrx_word' id='word_1_332' title='bbox 932 2755 985 2785; x_wconf 82' lang='lat' dir='ltr'>est</span> <span class='ocrx_word' id='word_1_333' title='bbox 1001 2762 1006 2783; x_wconf 90' lang='lat'>:</span> <span class='ocrx_word' id='word_1_334' title='bbox 1033 2753 1160 2792; x_wconf 81' lang='lat' dir='ltr'>hyadas</span> <span class='ocrx_word' id='word_1_335' title='bbox 1183 2762 1203 2784; x_wconf 93' lang='lat' dir='ltr'>a</span> <span class='ocrx_word' id='word_1_336' title='bbox 1223 2753 1376 2793; x_wconf 83' lang='lat' dir='ltr'>pluendo.</span> <span class='ocrx_word' id='word_1_337' title='bbox 1403 2753 1480 2790; x_wconf 82' lang='lat' dir='ltr'>hyin</span> <span class='ocrx_word' id='word_1_338' title='bbox 1498 2755 1544 2783; x_wconf 78' lang='lat' dir='ltr'>est</span> <span class='ocrx_word' id='word_1_339' title='bbox 1560 2752 1683 2791; x_wconf 77' lang='lat' dir='ltr'>pluere.</span> <span class='ocrx_word' id='word_1_340' title='bbox 1706 2769 1741 2774; x_wconf 92' lang='lat'>—-</span> <span class='ocrx_word' id='word_1_341' title='bbox 1764 2751 1816 2783; x_wconf 72' lang='lat'>⁴7.</span> <span class='ocrx_word' id='word_1_342' title='bbox 1836 2751 2011 2791; x_wconf 82' lang='lat' dir='ltr'>apluendo</span> 
     </span>
     <span class='ocr_line' id='line_1_43' title="bbox 240 2801 2011 2849; baseline -0.005 -9"><span class='ocrx_word' id='word_1_343' title='bbox 240 2810 415 2849; x_wconf 81' lang='lat' dir='ltr'>-—pluere</span> <span class='ocrx_word' id='word_1_344' title='bbox 438 2809 601 2848; x_wconf 81' lang='lat' dir='ltr'>suspecta</span> <span class='ocrx_word' id='word_1_345' title='bbox 626 2807 694 2837; x_wconf 86' lang='lat' dir='ltr'>iam</span> <span class='ocrx_word' id='word_1_346' title='bbox 721 2807 867 2836; x_wconf 86' lang='lat' dir='ltr'>Grutero</span> <span class='ocrx_word' id='word_1_347' title='bbox 893 2805 928 2835; x_wconf 83' lang='lat' dir='ltr'>et</span> <span class='ocrx_word' id='word_1_348' title='bbox 951 2802 1115 2835; x_wconf 82' lang='lat' dir='ltr'>Walkero</span> <span class='ocrx_word' id='word_1_349' title='bbox 1140 2812 1204 2843; x_wconf 81' lang='lat' dir='ltr'>ego</span> <span class='ocrx_word' id='word_1_350' title='bbox 1229 2802 1368 2834; x_wconf 89' lang='lat' dir='ltr'>seclusi.</span> <span class='ocrx_word' id='word_1_351' title='bbox 1402 2803 1551 2842; x_wconf 82' lang='lat' dir='ltr'>Etymon</span> <span class='ocrx_word' id='word_1_352' title='bbox 1575 2802 1672 2833; x_wconf 89' lang='lat' dir='ltr'>vocis</span> <span class='ocrx_word' id='word_1_353' title='bbox 1696 2802 1826 2840; x_wconf 81' lang='lat' dir='ltr'>Hyades</span> <span class='ocrx_word' id='word_1_354' title='bbox 1849 2802 1932 2833; x_wconf 92' lang='lat' dir='ltr'>satis</span> <span class='ocrx_word' id='word_1_355' title='bbox 1956 2801 2011 2832; x_wconf 90' lang='lat' dir='ltr'>in-</span> 
     </span>
     <span class='ocr_line' id='line_1_44' title="bbox 241 2852 2011 2892; baseline -0.005 -1"><span class='ocrx_word' id='word_1_356' title='bbox 241 2859 368 2891; x_wconf 75' lang='lat' dir='ltr'>dicavit</span> <span class='ocrx_word' id='word_1_357' title='bbox 393 2859 515 2890; x_wconf 88' lang='lat' dir='ltr'>Cicero</span> <span class='ocrx_word' id='word_1_358' title='bbox 540 2857 657 2889; x_wconf 81' lang='lat' dir='ltr'>verbis</span> <span class='ocrx_word' id='word_1_359' title='bbox 682 2856 722 2887; x_wconf 88' lang='lat' dir='ltr'>ab</span> <span class='ocrx_word' id='word_1_360' title='bbox 746 2855 904 2887; x_wconf 78' lang='lat' dir='ltr'>imbribus</span> <span class='ocrx_word' id='word_1_361' title='bbox 926 2855 1127 2885; x_wconf 74' lang='lat' dir='ltr'>nominatae.</span> <span class='ocrx_word' id='word_1_362' title='bbox 1155 2870 1189 2875; x_wconf 89' lang='lat'>——</span> <span class='ocrx_word' id='word_1_363' title='bbox 1216 2853 1294 2892; x_wconf 79' lang='lat' dir='ltr'>hyin</span> <span class='ocrx_word' id='word_1_364' title='bbox 1317 2852 1381 2883; x_wconf 86' lang='lat' dir='ltr'>AB</span> <span class='ocrx_word' id='word_1_365' title='bbox 1399 2853 1447 2889; x_wconf 86' lang='lat' dir='ltr'>V;</span> <span class='ocrx_word' id='word_1_366' title='bbox 1473 2853 1566 2884; x_wconf 78' lang='lat' dir='ltr'>hicne</span> <span class='ocrx_word' id='word_1_367' title='bbox 1590 2853 1612 2883; x_wconf 96' lang='lat' dir='ltr'>C</span> <span class='ocrx_word' id='word_1_368' title='bbox 1632 2862 1638 2889; x_wconf 86' lang='grc'>;</span> <span class='ocrx_word' id='word_1_369' title='bbox 1663 2852 1742 2883; x_wconf 81' lang='lat' dir='ltr'>hian</span> <span class='ocrx_word' id='word_1_370' title='bbox 1759 2852 1783 2883; x_wconf 92' lang='lat' dir='ltr'>E</span> <span class='ocrx_word' id='word_1_371' title='bbox 1799 2868 1842 2873; x_wconf 95' lang='lat'>-—-</span> <span class='ocrx_word' id='word_1_372' title='bbox 1865 2854 1911 2883; x_wconf 79' lang='lat' dir='ltr'>est</span> <span class='ocrx_word' id='word_1_373' title='bbox 1925 2852 2011 2882; x_wconf 85' lang='lat' dir='ltr'>enim</span> 
     </span>
     <span class='ocr_line' id='line_1_45' title="bbox 241 2902 2008 2947; baseline -0.005 -7"><span class='ocrx_word' id='word_1_374' title='bbox 241 2910 307 2941; x_wconf 91' lang='lat' dir='ltr'>EV</span> <span class='ocrx_word' id='word_1_375' title='bbox 328 2927 362 2931; x_wconf 98' lang='lat'><strong>—</strong></span> <span class='ocrx_word' id='word_1_376' title='bbox 387 2909 543 2947; x_wconf 78' lang='lat' dir='ltr'>imperita</span> <span class='ocrx_word' id='word_1_377' title='bbox 566 2908 589 2938; x_wconf 86' lang='lat' dir='ltr'>B</span> <span class='ocrx_word' id='word_1_378' title='bbox 617 2924 650 2928; x_wconf 89' lang='lat'><em>—</em></span> <span class='ocrx_word' id='word_1_379' title='bbox 677 2906 829 2937; x_wconf 80' lang='lat' dir='ltr'>succulas</span> <span class='ocrx_word' id='word_1_380' title='bbox 844 2905 871 2936; x_wconf 89' lang='lat' dir='ltr'>V</span> <span class='ocrx_word' id='word_1_381' title='bbox 894 2923 926 2927; x_wconf 94' lang='lat'><em>—</em></span> <span class='ocrx_word' id='word_1_382' title='bbox 953 2903 1081 2935; x_wconf 84' lang='lat' dir='ltr'>sucibus</span> <span class='ocrx_word' id='word_1_383' title='bbox 1106 2904 1129 2933; x_wconf 88' lang='lat' dir='ltr'>C</span> <span class='ocrx_word' id='word_1_384' title='bbox 1148 2921 1189 2925; x_wconf 90' lang='lat'>—</span> <span class='ocrx_word' id='word_1_385' title='bbox 1214 2903 1265 2934; x_wconf 76' lang='lat'>49.</span> <span class='ocrx_word' id='word_1_386' title='bbox 1288 2903 1410 2942; x_wconf 83' lang='lat' dir='ltr'>palmis</span> <span class='ocrx_word' id='word_1_387' title='bbox 1433 2907 1527 2943; x_wconf 71' lang='lat' dir='ltr'>terqa</span> <span class='ocrx_word' id='word_1_388' title='bbox 1550 2902 1578 2935; x_wconf 69' lang='lat'>‘21</span> <span class='ocrx_word' id='word_1_389' title='bbox 1599 2921 1634 2926; x_wconf 94' lang='lat'><strong>—</strong></span> <span class='ocrx_word' id='word_1_390' title='bbox 1661 2903 1715 2934; x_wconf 89' lang='lat'>20.</span> <span class='ocrx_word' id='word_1_391' title='bbox 1740 2903 1806 2942; x_wconf 82' lang='lat' dir='ltr'>ipse</span> <span class='ocrx_word' id='word_1_392' title='bbox 1831 2902 2008 2934; x_wconf 86' lang='lat' dir='ltr'>Davisius:</span> 
     </span>
     <span class='ocr_line' id='line_1_46' title="bbox 240 2948 2009 2999; baseline -0.004 -9"><span class='ocrx_word' id='word_1_393' title='bbox 240 2961 347 2999; x_wconf 76' lang='lat' dir='ltr'>ipsum</span> <span class='ocrx_word' id='word_1_394' title='bbox 363 2957 392 2990; x_wconf 73' lang='lat'>⁵21</span> <span class='ocrx_word' id='word_1_395' title='bbox 406 2958 442 2989; x_wconf 95' lang='grc' dir='ltr'>Ο.</span> <span class='ocrx_word' id='word_1_396' title='bbox 468 2959 593 2988; x_wconf 83' lang='lat' dir='ltr'>Aratus</span> <span class='ocrx_word' id='word_1_397' title='bbox 610 2966 642 2988; x_wconf 94' lang='lat' dir='ltr'>v.</span> <span class='ocrx_word' id='word_1_398' title='bbox 663 2956 723 2988; x_wconf 73' lang='lat'>482</span> <span class='ocrx_word' id='word_1_399' title='bbox 741 2965 747 2986; x_wconf 90' lang='lat'>:</span> <span class='ocrx_word' id='word_1_400' title='bbox 773 2951 833 2986; x_wconf 83' lang='grc' dir='ltr'>Αὐ</span> <span class='ocrx_word' id='word_1_401' title='bbox 845 2951 922 2994; x_wconf 85' lang='grc' dir='ltr'>τὸς</span> <span class='ocrx_word' id='word_1_402' title='bbox 945 2953 1015 2995; x_wconf 72' lang='grc' dir='ltr'>μὲν</span> <span class='ocrx_word' id='word_1_403' title='bbox 1032 2951 1266 2984; x_wconf 73' lang='grc' dir='ltr'><em>κατόπισθεν</em></span> <span class='ocrx_word' id='word_1_404' title='bbox 1286 2950 1358 2985; x_wconf 79' lang='grc' dir='ltr'>ἐών</span> <span class='ocrx_word' id='word_1_405' title='bbox 1375 2948 1824 2997; x_wconf 77' lang='grc' dir='ltr'><strong><em>ΚυνοσουρίδοςἌρκτου</em></strong></span> <span class='ocrx_word' id='word_1_406' title='bbox 1840 2948 2009 2994; x_wconf 83' lang='grc' dir='ltr'><strong><em>Κηφεύς.</em></strong></span> 
     </span>
     <span class='ocr_line' id='line_1_47' title="bbox 245 3002 2010 3045; baseline -0.003 -7"><span class='ocrx_word' id='word_1_407' title='bbox 245 3025 279 3030; x_wconf 93' lang='grc'>-</span> <span class='ocrx_word' id='word_1_408' title='bbox 297 3009 341 3039; x_wconf 86' lang='lat' dir='ltr'>ad</span> <span class='ocrx_word' id='word_1_409' title='bbox 358 3016 448 3038; x_wconf 88' lang='lat' dir='ltr'>corr.</span> <span class='ocrx_word' id='word_1_410' title='bbox 465 3015 507 3037; x_wconf 88' lang='lat' dir='ltr'>ex</span> <span class='ocrx_word' id='word_1_411' title='bbox 521 3011 555 3038; x_wconf 79' lang='lat' dir='ltr'>al</span> <span class='ocrx_word' id='word_1_412' title='bbox 569 3007 607 3044; x_wconf 83' lang='lat' dir='ltr'>V;</span> <span class='ocrx_word' id='word_1_413' title='bbox 627 3010 662 3038; x_wconf 81' lang='lat' dir='ltr'>al</span> <span class='ocrx_word' id='word_1_414' title='bbox 679 3007 706 3037; x_wconf 86' lang='lat' dir='ltr'>A</span> <span class='ocrx_word' id='word_1_415' title='bbox 722 3023 755 3028; x_wconf 88' lang='lat'>—-</span> <span class='ocrx_word' id='word_1_416' title='bbox 772 3014 931 3045; x_wconf 83' lang='lat' dir='ltr'>cynosyre</span> <span class='ocrx_word' id='word_1_417' title='bbox 943 3005 988 3043; x_wconf 87' lang='lat' dir='ltr'>B;</span> <span class='ocrx_word' id='word_1_418' title='bbox 1007 3012 1172 3042; x_wconf 77' lang='lat' dir='ltr'>cynosura</span> <span class='ocrx_word' id='word_1_419' title='bbox 1188 3007 1214 3034; x_wconf 78' lang='grc' dir='ltr'>Α</span> <span class='ocrx_word' id='word_1_420' title='bbox 1230 3004 1253 3034; x_wconf 94' lang='lat' dir='ltr'>C</span> <span class='ocrx_word' id='word_1_421' title='bbox 1270 3003 1293 3034; x_wconf 92' lang='lat' dir='ltr'>E</span> <span class='ocrx_word' id='word_1_422' title='bbox 1311 3003 1337 3033; x_wconf 94' lang='lat' dir='ltr'>V</span> <span class='ocrx_word' id='word_1_423' title='bbox 1354 3020 1389 3025; x_wconf 92' lang='lat'>—</span> <span class='ocrx_word' id='word_1_424' title='bbox 1410 3004 1464 3035; x_wconf 70' lang='lat'>24.</span> <span class='ocrx_word' id='word_1_425' title='bbox 1484 3004 1570 3034; x_wconf 89' lang='lat' dir='ltr'>Hinc</span> <span class='ocrx_word' id='word_1_426' title='bbox 1587 3002 1726 3044; x_wconf 72' lang='lat' dir='ltr'>(cecedit)</span> <span class='ocrx_word' id='word_1_427' title='bbox 1744 3003 1864 3044; x_wconf 88' lang='lat' dir='ltr'>incipit</span> <span class='ocrx_word' id='word_1_428' title='bbox 1887 3009 2010 3034; x_wconf 90' lang='lat' dir='ltr'>rursus</span> 
     </span>
     <span class='ocr_line' id='line_1_48' title="bbox 244 3052 2007 3096; baseline -0.003 -7"><span class='ocrx_word' id='word_1_429' title='bbox 244 3060 267 3091; x_wconf 87' lang='lat' dir='ltr'><strong>P</strong></span> <span class='ocrx_word' id='word_1_430' title='bbox 291 3076 333 3081; x_wconf 83' lang='lat'>—-</span> <span class='ocrx_word' id='word_1_431' title='bbox 356 3058 409 3089; x_wconf 88' lang='lat'>22.</span> <span class='ocrx_word' id='word_1_432' title='bbox 436 3057 596 3096; x_wconf 81' lang='lat' dir='ltr'>cassiepia</span> <span class='ocrx_word' id='word_1_433' title='bbox 618 3058 681 3088; x_wconf 88' lang='lat' dir='ltr'>AB</span> <span class='ocrx_word' id='word_1_434' title='bbox 698 3057 721 3088; x_wconf 96' lang='lat' dir='ltr'>C</span> <span class='ocrx_word' id='word_1_435' title='bbox 736 3058 782 3087; x_wconf 89' lang='lat' dir='ltr'>P:</span> <span class='ocrx_word' id='word_1_436' title='bbox 808 3055 990 3094; x_wconf 82' lang='lat' dir='ltr'>cassioepia</span> <span class='ocrx_word' id='word_1_437' title='bbox 1014 3054 1059 3092; x_wconf 85' lang='lat' dir='ltr'>V;</span> <span class='ocrx_word' id='word_1_438' title='bbox 1086 3053 1268 3092; x_wconf 77' lang='lat' dir='ltr'>cassiopeia</span> <span class='ocrx_word' id='word_1_439' title='bbox 1292 3053 1339 3088; x_wconf 84' lang='lat' dir='ltr'>E;</span> <span class='ocrx_word' id='word_1_440' title='bbox 1366 3053 1541 3092; x_wconf 81' lang='lat' dir='ltr'>Cassiopea</span> <span class='ocrx_word' id='word_1_441' title='bbox 1557 3054 1582 3084; x_wconf 93' lang='grc' dir='ltr'>Ο</span> <span class='ocrx_word' id='word_1_442' title='bbox 1602 3070 1636 3074; x_wconf 93' lang='grc'>-</span> <span class='ocrx_word' id='word_1_443' title='bbox 1663 3052 1716 3084; x_wconf 87' lang='lat'>23.</span> <span class='ocrx_word' id='word_1_444' title='bbox 1741 3053 1827 3084; x_wconf 87' lang='lat' dir='ltr'>hanc</span> <span class='ocrx_word' id='word_1_445' title='bbox 1850 3060 1939 3083; x_wconf 88' lang='lat' dir='ltr'>corr.</span> <span class='ocrx_word' id='word_1_446' title='bbox 1959 3059 2007 3083; x_wconf 93' lang='lat' dir='ltr'>m.</span> 
     </span>
     <span class='ocr_line' id='line_1_49' title="bbox 244 3100 2014 3146; baseline -0.005 -5"><span class='ocrx_word' id='word_1_447' title='bbox 244 3118 317 3140; x_wconf 87' lang='lat' dir='ltr'>sec.</span> <span class='ocrx_word' id='word_1_448' title='bbox 344 3108 376 3139; x_wconf 90' lang='lat' dir='ltr'>in</span> <span class='ocrx_word' id='word_1_449' title='bbox 401 3106 479 3137; x_wconf 80' lang='lat' dir='ltr'>haec</span> <span class='ocrx_word' id='word_1_450' title='bbox 502 3106 530 3136; x_wconf 91' lang='lat' dir='ltr'>V</span> <span class='ocrx_word' id='word_1_451' title='bbox 558 3124 591 3129; x_wconf 89' lang='lat'><em>-</em></span> <span class='ocrx_word' id='word_1_452' title='bbox 617 3106 670 3138; x_wconf 73' lang='lat'>24.</span> <span class='ocrx_word' id='word_1_453' title='bbox 697 3106 872 3146; x_wconf 64' lang='lat' dir='ltr'>aufugiens</span> <span class='ocrx_word' id='word_1_454' title='bbox 894 3105 958 3136; x_wconf 88' lang='lat' dir='ltr'>AB</span> <span class='ocrx_word' id='word_1_455' title='bbox 974 3104 1001 3135; x_wconf 95' lang='lat' dir='ltr'>V</span> <span class='ocrx_word' id='word_1_456' title='bbox 1027 3104 1071 3143; x_wconf 88' lang='lat' dir='ltr'>(in</span> <span class='ocrx_word' id='word_1_457' title='bbox 1096 3105 1121 3135; x_wconf 84' lang='lat' dir='ltr'>A</span> <span class='ocrx_word' id='word_1_458' title='bbox 1147 3106 1226 3134; x_wconf 87' lang='lat' dir='ltr'>ante</span> <span class='ocrx_word' id='word_1_459' title='bbox 1251 3112 1272 3133; x_wconf 88' lang='lat' dir='ltr'>a</span> <span class='ocrx_word' id='word_1_460' title='bbox 1295 3101 1408 3133; x_wconf 88' lang='lat' dir='ltr'>littera</span> <span class='ocrx_word' id='word_1_461' title='bbox 1432 3103 1452 3133; x_wconf 87' lang='lat' dir='ltr'><em>h</em></span> <span class='ocrx_word' id='word_1_462' title='bbox 1476 3104 1670 3143; x_wconf 86' lang='lat' dir='ltr'>expuncta,</span> <span class='ocrx_word' id='word_1_463' title='bbox 1696 3102 1729 3134; x_wconf 90' lang='lat' dir='ltr'>in</span> <span class='ocrx_word' id='word_1_464' title='bbox 1753 3103 1778 3134; x_wconf 91' lang='lat' dir='ltr'>B</span> <span class='ocrx_word' id='word_1_465' title='bbox 1803 3103 1930 3133; x_wconf 84' lang='lat' dir='ltr'>interu</span> <span class='ocrx_word' id='word_1_466' title='bbox 1949 3100 2014 3141; x_wconf 77' lang='lat' dir='ltr'>ets</span> 
     </span>
     <span class='ocr_line' id='line_1_50' title="bbox 244 3150 2012 3196; baseline -0.006 -6"><span class='ocrx_word' id='word_1_467' title='bbox 244 3158 355 3190; x_wconf 87' lang='lat' dir='ltr'>littera</span> <span class='ocrx_word' id='word_1_468' title='bbox 381 3165 479 3188; x_wconf 88' lang='lat' dir='ltr'>erasa</span> <span class='ocrx_word' id='word_1_469' title='bbox 504 3157 587 3195; x_wconf 85' lang='lat' dir='ltr'>est):</span> <span class='ocrx_word' id='word_1_470' title='bbox 613 3155 702 3187; x_wconf 83' lang='lat' dir='ltr'>haud</span> <span class='ocrx_word' id='word_1_471' title='bbox 723 3156 852 3196; x_wconf 66' lang='lat' dir='ltr'>fugiens</span> <span class='ocrx_word' id='word_1_472' title='bbox 876 3155 900 3187; x_wconf 95' lang='lat' dir='ltr'>C</span> <span class='ocrx_word' id='word_1_473' title='bbox 916 3156 963 3189; x_wconf 69' lang='lat'>1³2</span> <span class='ocrx_word' id='word_1_474' title='bbox 989 3154 1068 3185; x_wconf 77' lang='lat' dir='ltr'>haul</span> <span class='ocrx_word' id='word_1_475' title='bbox 1090 3154 1218 3193; x_wconf 75' lang='lat' dir='ltr'>fuyiens</span> <span class='ocrx_word' id='word_1_476' title='bbox 1241 3153 1265 3184; x_wconf 91' lang='lat' dir='ltr'>E</span> <span class='ocrx_word' id='word_1_477' title='bbox 1283 3162 1292 3193; x_wconf 75' lang='lat'>3¹</span> <span class='ocrx_word' id='word_1_478' title='bbox 1323 3153 1385 3184; x_wconf 82' lang='lat' dir='ltr'>heu</span> <span class='ocrx_word' id='word_1_479' title='bbox 1406 3152 1536 3193; x_wconf 72' lang='lat' dir='ltr'>fuyiens</span> <span class='ocrx_word' id='word_1_480' title='bbox 1559 3150 1722 3184; x_wconf 84' lang='lat' dir='ltr'>Klotzius.</span> <span class='ocrx_word' id='word_1_481' title='bbox 1751 3170 1786 3175; x_wconf 95' lang='lat'>—</span> <span class='ocrx_word' id='word_1_482' title='bbox 1812 3152 1865 3184; x_wconf 75' lang='lat'>25.</span> <span class='ocrx_word' id='word_1_483' title='bbox 1890 3157 2012 3190; x_wconf 83' lang='lat' dir='ltr'>aequos</span> 
     </span>
     <span class='ocr_line' id='line_1_51' title="bbox 246 3201 2011 3248; baseline -0.003 -10"><span class='ocrx_word' id='word_1_484' title='bbox 246 3207 390 3248; x_wconf 86' lang='lat' dir='ltr'>(litterae</span> <span class='ocrx_word' id='word_1_485' title='bbox 415 3214 433 3237; x_wconf 93' lang='grc' dir='ltr'>ο</span> <span class='ocrx_word' id='word_1_486' title='bbox 457 3214 634 3246; x_wconf 89' lang='lat' dir='ltr'>superscr.</span> <span class='ocrx_word' id='word_1_487' title='bbox 660 3206 690 3244; x_wconf 87' lang='lat' dir='ltr'>v)</span> <span class='ocrx_word' id='word_1_488' title='bbox 716 3207 742 3236; x_wconf 79' lang='grc' dir='ltr'>Α</span> <span class='ocrx_word' id='word_1_489' title='bbox 779 3223 813 3227; x_wconf 95' lang='grc'><strong>-</strong></span> <span class='ocrx_word' id='word_1_490' title='bbox 849 3205 902 3236; x_wconf 83' lang='lat'>26.</span> <span class='ocrx_word' id='word_1_491' title='bbox 928 3204 1087 3244; x_wconf 75' lang='lat' dir='ltr'>continyic</span> <span class='ocrx_word' id='word_1_492' title='bbox 1110 3211 1199 3234; x_wconf 85' lang='lat' dir='ltr'>corr.</span> <span class='ocrx_word' id='word_1_493' title='bbox 1227 3211 1270 3234; x_wconf 85' lang='lat' dir='ltr'>ex</span> <span class='ocrx_word' id='word_1_494' title='bbox 1293 3203 1428 3243; x_wconf 78' lang='lat' dir='ltr'>contiyit</span> <span class='ocrx_word' id='word_1_495' title='bbox 1452 3203 1501 3240; x_wconf 84' lang='lat' dir='ltr'>C;</span> <span class='ocrx_word' id='word_1_496' title='bbox 1534 3202 1669 3243; x_wconf 68' lang='lat' dir='ltr'>contigit</span> <span class='ocrx_word' id='word_1_497' title='bbox 1692 3202 1718 3235; x_wconf 90' lang='lat' dir='ltr'>E</span> <span class='ocrx_word' id='word_1_498' title='bbox 1744 3219 1780 3227; x_wconf 88' lang='lat'><em>-</em></span> <span class='ocrx_word' id='word_1_499' title='bbox 1806 3202 1859 3235; x_wconf 87' lang='grc'>33.</span> <span class='ocrx_word' id='word_1_500' title='bbox 1885 3201 2011 3234; x_wconf 83' lang='lat' dir='ltr'>andro-</span> 
     </span>
     <span class='ocr_line' id='line_1_52' title="bbox 244 3252 1608 3295; baseline -0.003 -6"><span class='ocrx_word' id='word_1_501' title='bbox 244 3258 351 3290; x_wconf 83' lang='lat' dir='ltr'>medes</span> <span class='ocrx_word' id='word_1_502' title='bbox 373 3257 397 3288; x_wconf 96' lang='lat' dir='ltr'><strong>B</strong></span> <span class='ocrx_word' id='word_1_503' title='bbox 427 3273 460 3279; x_wconf 85' lang='grc'>-</span> <span class='ocrx_word' id='word_1_504' title='bbox 488 3254 540 3289; x_wconf 77' lang='grc'>34.</span> <span class='ocrx_word' id='word_1_505' title='bbox 567 3264 589 3287; x_wconf 86' lang='grc' dir='ltr'><em>α</em></span> <span class='ocrx_word' id='word_1_506' title='bbox 613 3263 697 3287; x_wconf 87' lang='lat' dir='ltr'>nos:</span> <span class='ocrx_word' id='word_1_507' title='bbox 725 3255 766 3287; x_wconf 86' lang='lat' dir='ltr'>ab</span> <span class='ocrx_word' id='word_1_508' title='bbox 789 3254 852 3288; x_wconf 90' lang='lat' dir='ltr'>BE</span> <span class='ocrx_word' id='word_1_509' title='bbox 870 3255 895 3287; x_wconf 93' lang='grc' dir='ltr'><strong>Ο</strong></span> <span class='ocrx_word' id='word_1_510' title='bbox 921 3255 968 3295; x_wconf 85' lang='lat' dir='ltr'>(in</span> <span class='ocrx_word' id='word_1_511' title='bbox 989 3254 1015 3287; x_wconf 92' lang='lat' dir='ltr'>B</span> <span class='ocrx_word' id='word_1_512' title='bbox 1039 3261 1217 3295; x_wconf 87' lang='lat' dir='ltr'>superscr.</span> <span class='ocrx_word' id='word_1_513' title='bbox 1244 3253 1327 3293; x_wconf 85' lang='lat' dir='ltr'>est);</span> <span class='ocrx_word' id='word_1_514' title='bbox 1354 3261 1424 3285; x_wconf 86' lang='lat' dir='ltr'>om.</span> <span class='ocrx_word' id='word_1_515' title='bbox 1448 3252 1608 3285; x_wconf 90' lang='lat' dir='ltr'>ACPV.</span> 
     </span>
    </p>
   </div>
  </div>
 </body>
</html>
