2249 3624
340 144 420 186 1178
718 144 787 183 DE
818 142 1021 183 FlNIBUS
1054 142 1316 183 BONORUM
1345 142 1414 181 ET
1444 141 1710 182 MALORUM

339 262 488 313 sponte
517 268 752 310 propensus
783 257 856 294 es‘?
887 254 990 295 Mihi
1024 255 1196 308 quidem
1227 253 1500 301 Antiochum,
1531 267 1656 306 quem
1687 252 1828 300 audis,
1859 254 1959 294 satis
1988 254 2096 294 belle

338 321 492 361 videris
522 319 750 359 attendere.
799 318 904 355 Tum
935 317 1006 356 ille
1037 318 1183 357 timide
1215 317 1279 356 vel
1311 317 1452 369 potius
1482 315 1742 363 verecunde,
1773 315 1919 363 Facio,
1950 316 2098 369 inquit,

339 383 554 436 equidem,
587 380 659 420 sed
691 379 898 419 audistine
929 379 1052 419 modo
1085 379 1136 418 de
1170 379 1408 419 Carneade?
1439 378 1593 431 Rapior
1622 378 1744 418 illuc:
1774 382 1942 418 revocat
1960 382 2098 417 autem

335 444 585 489 Antiochus,
617 455 693 481 nec
725 446 788 480 est
818 447 1031 494 praeterea
1062 455 1186 496 quem
1217 441 1445 481 audiamus.

304 516 322 545 5
448 507 519 545 III.
552 503 589 543 7.
622 505 727 543 Tum
758 504 875 550 Piso,
914 504 1004 543 Etsi
1035 504 1137 551 hoc,
1173 503 1333 557 inquit,
1374 502 1548 543 fortasse
1580 517 1665 543 non
1696 503 1853 556 poterit
1883 502 1942 542 sic
1972 501 2100 548 abire,

335 583 429 609 cum
458 569 528 608 hic
559 566 666 607 adsit
694 587 748 594 —-
778 578 843 604 me
875 571 1011 605 autem
1044 566 1209 605 dicebat
1237 587 1311 612 —,
1360 570 1497 605 tamen
1537 566 1700 606 audebo
1738 571 1776 606 te
1808 566 1859 605 ab
1889 566 1968 605 hac
1997 565 2101 604 Aca-

335 632 472 671 demia
501 642 609 669 nova
640 627 691 667 ad
722 628 834 667 illam
867 633 1048 667 veterem
1080 642 1248 674 vocare,
1289 627 1331 666 in
1363 637 1468 680 qua,
1500 634 1546 668 ut
1576 628 1714 668 dicere
1745 628 1998 668 Antiochum
2029 640 2102 666 au-

334 694 499 740 diebas,
538 705 623 731 non
664 691 694 730 ii
731 690 808 729 soli
854 696 1148 737 numerantur,
1190 691 1263 743 qui
1294 690 1531 729 Academici
1564 696 1782 737 vocantur,
1824 690 2100 743 Speusippus,

332 757 615 800 Xenocrates,
652 752 842 799 Polemo,
884 753 1058 792 Crantor
1088 754 1324 804 ceterique,
1364 752 1438 791 sed
1471 753 1594 792 etiam
1626 753 1892 805 Peripatetici
1924 758 2101 799 veteres,

282 828 509 871 aequorum
550 816 746 868 princeps
787 820 842 853 est
879 814 1140 861 Aristoteles,
1182 828 1308 867 quem
1348 820 1526 867 excepto
1567 814 1740 854 Platone
1779 815 1891 854 haud
1930 815 2017 854 scio
2048 827 2100 853 an

330 885 441 920 recte
487 878 667 918 dixerim
716 877 947 930 principem
994 876 1350 929 philosophorum.
1421 877 1484 915 Ad
1527 890 1599 916 eos
1642 877 1770 929 igitur
1809 882 2005 916 converte
2046 881 2100 923 te,

331 955 510 995 quaeso;
552 954 604 980 ex
646 953 789 980 eorum
829 940 937 979 enim
970 940 1133 991 scriptis
1166 943 1207 977 et
1247 938 1450 977 institutis
1483 952 1576 978 cum
1608 939 1743 978 omnis
1775 938 1967 978 doctrina
1997 938 2102 977 libe-

330 1005 447 1052 ralis,
489 1003 625 1044 omnis
665 1002 860 1048 historia,
901 1001 1038 1040 omnis
1077 1014 1212 1040 sermo
1252 1000 1421 1051 elegans
1461 1001 1569 1040 sumi
1601 1006 1761 1053 potest,
1802 1006 1891 1040 tum
1920 1000 2101 1041 varietas

331 1073 394 1108 est
423 1072 538 1107 tanta
567 1066 738 1112 artium,
780 1070 826 1103 ut
865 1077 987 1103 nemo
1027 1064 1117 1102 sine
1150 1076 1198 1102 eo
1231 1063 1508 1103 instrumento
1540 1064 1593 1102 ad
1624 1064 1753 1102 ullam
1785 1076 1872 1102 rem
1902 1062 2103 1102 illustrio-

280 1142 316 1169 45
330 1144 416 1170 rem
448 1131 548 1170 satis
579 1133 750 1168 ornatus
781 1127 913 1180 possit
943 1126 1156 1165 accedere.
1207 1125 1267 1164 Ab
1308 1126 1371 1164 his
1404 1130 1610 1173 oratores,
1652 1126 1702 1165 31)
1734 1126 1800 1165 his
1830 1126 2102 1178 imperatores

329 1206 377 1233 ac
406 1206 547 1233 rerum
577 1190 837 1245 publicarum
871 1188 1079 1241 principes
1112 1187 1375 1227 exstiterunt.
1439 1188 1489 1227 Ut
1519 1187 1571 1228 ad
1603 1188 1765 1228 minora
1795 1188 1978 1235 veniam,
2018 1200 2104 1227 ma-

330 1255 560 1302 thematici,
603 1257 774 1306 poetae,
820 1250 986 1298 musici,
1033 1250 1183 1289 medici
1225 1249 1405 1303 denique
1448 1263 1501 1289 ex
1542 1250 1620 1289 hac
1661 1255 1876 1303 tamquam
1915 1249 2103 1289 omnium

329 1319 479 1358 artium
522 1314 691 1356 officina
730 1313 907 1367 profecti
953 1318 1061 1353 sunt.
1122 1310 1160 1351 8.
1191 1312 1328 1364 Atque
1361 1326 1458 1364 ego,
1505 1313 1595 1352 Scis
1627 1326 1712 1360 me,
1755 1312 1948 1365 inquam,
1988 1311 2103 1352 istud

328 1381 440 1420 idem
481 1378 655 1426 sentire,
698 1378 816 1424 Piso,
857 1376 930 1415 sed
962 1389 986 1415 a
1015 1380 1053 1414 te
1086 1380 1324 1427 opportune
1355 1374 1465 1414 facta
1496 1375 1653 1414 mentio
1686 1380 1772 1423 est;
1811 1376 1952 1415 studet
1992 1374 2104 1414 enim

278 1456 445 1484 eomeus
487 1441 632 1481 audire
676 1439 843 1485 Cicero,
889 1451 1097 1491 quaenam
1137 1437 1190 1476 sit
1232 1436 1353 1476 istius
1393 1438 1568 1484 veteris,
1617 1450 1743 1490 quam
1787 1450 2103 1485 commemoras,

327 1504 576 1545 Academiae
608 1503 659 1542 de
691 1500 842 1541 finibus
872 1502 1080 1540 bonorum
1111 1499 1572 1552 Peripateticorumque
1600 1499 1823 1539 sententia.
1872 1500 2102 1540 Censemus

328 1573 468 1607 autem
507 1565 706 1606 facillime
742 1570 781 1604 te
821 1565 862 1603 id
894 1563 1121 1615 explanare
1154 1575 1301 1614 posse,
1344 1561 1458 1614 quod
1490 1567 1531 1600 et
1562 1562 1749 1601 Staseam
1779 1562 2102 1614 Neapolitanum

328 1630 482 1669 multos
522 1641 655 1667 annos
692 1626 889 1666 habueris
929 1625 1040 1677 apud
1073 1630 1112 1664 te
1145 1630 1184 1664 et
1215 1624 1450 1677 complures
1482 1624 1563 1662 iam
1596 1637 1761 1664 menses
1793 1624 1968 1664 Athenis
1999 1624 2103 1664 haec

327 1692 420 1744 ipsa
451 1695 491 1730 te
523 1703 576 1729 ex
604 1689 812 1728 Antiocho
845 1688 1061 1726 videamus
1093 1686 1329 1739 exquirere.
1379 1687 1431 1725 Et
1460 1686 1530 1725 ille
1563 1686 1727 1734 ridens,
1759 1688 1868 1739 Age,
1905 1701 2006 1740 age,
2037 1687 2102 1726 in·-

276 1768 312 1797 25
329 1755 436 1807 quit,
466 1774 521 1782 -
552 1752 651 1792 satis
684 1751 797 1791 enim
828 1751 930 1790 scite
961 1762 1027 1788 me
1058 1749 1189 1789 nostri
1222 1749 1426 1787 sermonis
1458 1748 1710 1801 principium
1743 1762 1836 1788 esse
1857 1748 2025 1789 voluisti
2047 1770 2102 1777 -

328 1828 587 1869 exponamus
629 1813 911 1858 adulescenti,
957 1812 990 1851 si
1031 1824 1140 1864 quae
1178 1809 1283 1849 forte
1323 1823 1571 1862 possumus3
1622 1810 1694 1850 dat
1733 1811 1847 1850 enim
1888 1811 1931 1850 id
1976 1811 2101 1850 nobis

327 1878 533 1925 solitudo,
565 1876 678 1930 quod
710 1876 744 1915 si
777 1876 847 1928 qui
880 1874 985 1914 deus
1017 1873 1195 1919 diceret,
1228 1885 1458 1924 numquam
1490 1878 1679 1924 putarem
1711 1886 1776 1912 me
1808 1873 1853 1912 in
1873 1873 2102 1913 Academia

328 1946 541 1994 tamquam
572 1938 873 1993 philosophum
895 1935 1228 1989 disputaturum!
1276 1934 1349 1974 sed
1378 1947 1449 1981 ne,
1481 1933 1580 1973 dum
1602 1934 1700 1973 huic
1723 1935 1951 1987 obsequor,
1982 1935 2102 1975 vobis

328 2003 530 2042 molestus
569 2002 660 2042 sim.
719 2000 845 2047 Mihi,
885 2000 1078 2052 inquam,
1120 1998 1192 2050 qui
1224 2003 1264 2036 te
1302 1997 1343 2035 id
1374 1997 1511 2049 ipsum
1541 1997 1716 2049 rogavi?
1763 1997 1884 2043 Tum,
1917 1995 2102 2044 Quintus

276 2079 312 2107 30
328 2071 368 2105 et
407 2065 661 2118 Pomponius
709 2077 801 2103 cum
848 2061 958 2101 idem
1001 2074 1044 2100 se
1085 2060 1194 2099 velle
1227 2059 1452 2105 dixissent,
1501 2060 1596 2098 Piso
1638 2072 1810 2098 exorsus
1853 2062 1940 2098 est:
1985 2059 2103 2099 cuius

328 2129 480 2175 oratio,
512 2126 682 2167 attende
714 2138 892 2179 quaeso,
933 2125 1082 2170 Brute,
1114 2122 1272 2162 satisne
1303 2121 1496 2161 videatur
1527 2121 1724 2160 Antiochi
1756 2121 1977 2175 complexa
2009 2134 2103 2160 esse

327 2190 602 2237 sententiam,
644 2201 770 2242 quam
813 2187 908 2233 tibi,
951 2186 1023 2239 qui
1058 2184 1227 2224 fratrem
1267 2183 1356 2223 eius
1398 2183 1582 2223 Aristum
1623 2183 1866 2237 frequenter
1905 2183 2102 2231 audieris,

329 2254 509 2294 maxime
541 2251 756 2305 probatam
788 2249 998 2289 existimo.
1065 2247 1131 2286 Sic
1163 2252 1226 2285 est
1257 2245 1383 2298 igitur
1412 2246 1590 2285 locutus.

439 2314 502 2355 IV.
543 2313 581 2354 9.
635 2314 826 2362 Quantus
872 2315 1043 2350 ornatus
1089 2310 1132 2348 in
1183 2309 1557 2361 Peripateticorum
1602 2308 1823 2360 disciplina
1868 2308 1946 2356 sit,
2000 2308 2102 2348 satis

277 2395 312 2422 35
328 2384 391 2418 est
429 2391 452 2417 a
497 2391 582 2423 me,
628 2381 672 2415 ut
710 2373 956 2414 brevissime
1003 2371 1160 2425 potuit,
1207 2370 1332 2423 paulo
1378 2377 1474 2410 ante
1521 2370 1699 2418 dictum;
1746 2370 1819 2410 sed
1864 2375 1927 2411 est
1969 2369 2104 2411 forma

329 2442 418 2481 eius
464 2439 727 2492 disciplinae,
776 2437 885 2476 sicut
927 2434 1014 2474 fere
1060 2440 1314 2480 ceterarum,
1363 2433 1529 2485 tripleX.
1597 2433 1686 2473 Una
1734 2446 1828 2485 pars
1875 2438 1940 2474 est
1980 2437 2104 2472 natu-

327 2516 418 2551 rae,
465 2500 696 2542 disserendi
740 2498 890 2545 altera,
936 2497 1103 2537 vivendi
1150 2497 1284 2536 tertia.
1355 2497 1512 2535 Natura
1556 2496 1616 2535 sic
1661 2495 1712 2535 ab
1757 2496 1806 2535 iis
1852 2494 2104 2547 investigata

328 2571 414 2613 est,
461 2571 505 2604 ut
547 2563 661 2603 nulla
709 2574 806 2614 pars
848 2560 983 2607 caelo,
1029 2560 1152 2607 mari,
1207 2564 1339 2606 terra,
1396 2562 1439 2597 ut
1484 2557 1649 2610 poetice
1694 2557 1867 2610 loquar,
1917 2561 2103 2610 praeter-

415 2716 444 2745 1.
470 2713 662 2744 Antiochum
692 2720 790 2752 quom
821 2710 916 2741 andis
940 2708 1132 2748 Madvigius
1158 2708 1201 2746 (in
1227 2706 1475 2744 adnotatione).
1504 2722 1538 2726 —
1568 2705 1598 2735 2.
1625 2705 1678 2735 uel
1704 2705 1783 2743 [non
1807 2703 1854 2741 ut)
1881 2704 1987 2736 etiam
2011 2705 2036 2736 E
2064 2723 2098 2726 —

327 2766 357 2795 3.
386 2763 507 2795 auctis-li
531 2772 578 2793 me
601 2763 696 2793 modo
721 2762 744 2792 B
760 2762 783 2792 E
811 2778 845 2782 —-
874 2760 1045 2791 Carneade
1070 2757 1193 2789 codd.:
1222 2756 1412 2788 Charmada
1437 2756 1474 2786 O.
1503 2755 1552 2785 Cf.
1580 2754 1597 2794 S
1623 2754 1654 2785 4.
1678 2772 1711 2776 -
1739 2755 1770 2785 5.
1793 2754 1919 2793 poteris
1942 2754 2045 2786 codd.
2063 2771 2098 2776 ——

327 2815 358 2845 7.
386 2814 477 2844 illam
500 2816 639 2843 *veterem
663 2813 704 2842 B:
738 2814 877 2841 veterem
903 2809 993 2839 illam
1018 2811 1042 2838 O
1072 2825 1105 2829 —
1139 2807 1170 2838 8.
1196 2817 1261 2837 non.
1285 2807 1326 2844 hy
1350 2806 1373 2836 B
1403 2823 1435 2827 —
1476 2805 1506 2835 9.
1536 2803 1689 2845 Crantor]
1715 2807 1833 2835 craton
1856 2805 1880 2835 B
1908 2821 1943 2826 -—
1977 2805 2031 2837 ⁴0.
2057 2808 2103 2836 est

329 2874 408 2895 nos:
437 2872 506 2894 oni.
534 2862 636 2893 codd.
664 2863 698 2891 et
722 2862 791 2891 Mo
819 2877 854 2881 -
888 2860 939 2889 11.
966 2861 1155 2888 conuertere
1180 2859 1208 2886 le
1233 2856 1295 2886 BE
1329 2874 1364 2878 —
1401 2856 1451 2885 12.
1480 2855 1534 2884 ΕΒ
1559 2864 1628 2885 οη).
1657 2855 1680 2885 Β
1709 2855 1789 2893 (non
1816 2855 1851 2894 E)
1879 2871 1916 2878 —
1951 2855 2003 2887 47.
2030 2864 2102 2887 om-

326 2916 418 2946 nium
442 2915 484 2944 B:
512 2921 553 2943 ea:
577 2911 721 2942 omnium
746 2910 770 2940 O
792 2927 825 2931 —
855 2908 905 2939 18.
932 2906 1066 2946 artium]
1093 2907 1260 2946 artificum
1284 2906 1306 2935 B
1322 2905 1345 2936 C
1363 2906 1389 2935 D
1411 2921 1445 2925 ——
1475 2905 1525 2934 40.
1552 2904 1607 2934 sed
1630 2912 1651 2934 a
1676 2906 1704 2934 te
1722 2921 1770 2926 --
1786 2905 1947 2936 sententia
1970 2906 2101 2937 Nonius

327 2974 360 3005 p.
388 2964 440 2994 91.
471 2980 503 2985 —-
539 2962 589 2992 20.
616 2969 705 2991 meus
732 2969 801 2990 oni.
830 2960 853 2989 Ε
890 2977 923 2981 —
958 2960 1010 2989 2¹.
1036 2956 1307 2988 Academicorum
1331 2959 1359 2986 et
1384 2955 1421 2985 tle
1443 2955 1467 2994 f.
1495 2955 1636 2985 Nonius.
1665 2971 1699 2975 —
1734 2955 1787 2985 ⁶3¹2.
1814 2958 1925 2986 aulem
1946 2955 2102 2995 facillime

327 3018 356 3045 te
380 3015 421 3045 B:
455 3016 563 3043 (talem
588 3015 616 3042 le
639 3010 795 3049 facillime
820 3009 922 3040 codd.
949 3009 1052 3042 dett.;
1087 3011 1115 3037 te
1139 3010 1247 3036 tudem
1271 3005 1427 3044 facillime
1451 3006 1475 3035 O
1505 3021 1539 3024 —
1572 3004 1734 3045 Staseam]
1760 3007 1851 3035 stans
1873 3013 1948 3037 eam
1970 3005 1994 3035 B
2010 3005 2035 3036 E
2063 3022 2098 3026 —-

327 3064 380 3095 23.
407 3060 598 3100 complures]
624 3069 724 3100 (laam
745 3060 856 3098 plnres
879 3060 902 3089 B
930 3075 964 3079 ——
994 3058 1045 3088 Ξῖ.
1072 3056 1220 3086 solitudo.
1250 3055 1342 3093 Quod
1366 3055 1391 3085 O
1420 3072 1453 3075 —
1480 3054 1507 3083 si
1531 3054 1587 3091 qui
1612 3055 1689 3085 <leus
1713 3054 1946 3085 Goerenzius:
1971 3054 2000 3084 si
2023 3054 2101 3092 quid

326 3121 379 3143 eos
402 3113 425 3143 B
442 3112 484 3146 E;
515 3112 541 3140 st
565 3111 636 3148 (luis
659 3111 735 3140 deas
759 3110 828 3140 ΜΟ
856 3127 890 3131 -
926 3110 977 3139 ἓὸ.
1005 3108 1058 3137 scd
1090 3106 1265 3136 verendum
1295 3113 1332 3134 ne
1357 3103 1558 3134 Lambinus.
1590 3121 1623 3124 —-
1656 3103 1708 3134 31.
1735 3103 1944 3143 completam
1968 3103 2032 3135 BE
2062 3121 2093 3126 —

327 3164 380 3194 36.
405 3162 495 3201 pars]
519 3170 584 3200 par
609 3161 630 3191 Β
659 3178 693 3181 ἡ
721 3164 862 3190 natm-ae
889 3159 910 3188 Β
929 3160 988 3198 (”]);
1016 3160 1140 3188 natura
1165 3156 1188 3184 (Σ
1205 3155 1227 3185 E
1249 3172 1282 3176 —
1310 3155 1362 3185 37.
1394 3153 1442 3193 iis]
1467 3154 1515 3183 his
1540 3154 1601 3184 ΒΟ
1622 3171 1656 3175 —
1683 3154 1736 3185 38.
1762 3157 1799 3185 ut
1818 3153 1943 3193 poetice
1966 3151 2099 3192 loquar]

328 3214 404 3244 Tria
430 3212 516 3242 haec
541 3208 710 3240 xofflliula
736 3216 904 3248 pei-quain
932 3208 1048 3247 inepte
1073 3205 1117 3236 ab
1143 3204 1207 3234 :dio
1233 3204 1408 3244 adscripta
1435 3213 1549 3243 neque
1575 3204 1756 3235 (licei-onis
1781 3210 1860 3236 esse
1883 3210 1990 3244 posse
2011 3210 2097 3232 cen-

332 3264 385 3294 set
408 3261 531 3292 Bakius
557 3259 610 3299 (ad
636 3259 706 3289 Cic.
734 3258 778 3288 de
804 3259 904 3296 Les-fg.
933 3266 965 3297 p.
994 3255 1066 3295 451)
1093 3254 1169 3286 coll.
1199 3255 1243 3289 ΙΙ,
1270 3254 1287 3293 g
1316 3255 1388 3286 112.
