2249 3624
719 142 814 182 ομ».
846 142 1017 182 xxvii.
1056 141 1116 195 §g
1147 140 1369 182 {io-tot.
1841 142 1921 183 639

155 247 288 300 ipsum
329 245 503 297 diligere
545 259 670 299 quem
711 260 846 293 ames,
887 248 1001 287 nulla
1042 249 1295 300 indigentia,
1336 248 1448 288 nulla
1487 249 1666 288 utilitate
1707 250 1920 302 quaesita:

154 321 260 361 quae
292 314 428 347 tamen
462 309 551 361 ipsa
584 311 813 349 ecflorescit
846 324 897 350 ex
931 312 1130 356 amicitia,
1163 312 1285 350 ctiam
1319 312 1351 350 si
1388 318 1429 350 tu
1463 325 1552 350 eam
1586 312 1721 350 minus
1754 317 1921 351 secutus

152 371 223 410 sis.
286 367 377 410 lOl.
409 372 494 410 Hac
527 385 602 411 nus
633 372 924 412 adulescentes
957 375 1248 413 benevolentia
1287 388 1409 413 senes
1441 375 1533 413 illos
1568 375 1610 413 L.
1636 375 1827 420 Paulum,
1867 375 1920 413 Μ.

155 431 375 480 Catonem,
419 434 460 472 C.
485 434 670 480 Gallum,
713 436 753 474 P.
779 436 987 481 Nasicam,
1027 437 1088 475 Ti.
1112 436 1367 481 Gracchum,
1401 437 1610 488 Scipionis
1642 439 1771 477 nostri
1803 451 1920 477 soce—

151 507 256 540 rum,
289 493 534 535 dileximus:
569 496 667 536 liaeo
701 497 824 536 etiam
858 499 987 549 inagis
1021 499 1153 537 elucet
1188 499 1294 538 inter
1325 500 1538 552 aequales,
1571 506 1613 538 ut
1645 501 1752 539 inter
1783 514 1847 539 me
1881 506 1953 540 et5

152 556 413 609 Scipionem,
460 558 501 599 L.
535 559 730 606 Furium,
780 560 819 598 P.
853 560 1087 612 Rupilium,
1135 562 1202 614 Sp.
1235 562 1507 601 Mummium:
1556 563 1739 602 vicissim
1781 569 1920 602 autem

151 632 273 659 senes
311 620 353 659 in
392 621 724 660 adulescentium
764 622 933 661 caritate
973 622 1306 675 adquiescimus,
1347 631 1391 663 ut
1428 624 1469 663 in
1510 632 1669 672 vestra,
1714 632 1757 665 ut
1796 626 1837 665 in
1871 626 1920 673 Q.

150 682 408 730 Tuberonis3
442 684 642 737 equidem
675 684 797 723 etiam
831 684 1054 723 admodum
1087 685 1369 726 adulescentis
1402 687 1445 726 P.
1471 687 1632 734 Rutilii,
1665 690 1711 727 Α.
1734 688 1922 740 Verginii

147 743 429 786 familiaritate
462 746 662 786 delector.
725 746 1020 799 Quoniamque
1058 748 1114 787 ita
1154 750 1258 788 ratio
1297 755 1535 801 comparata
1568 756 1630 789 est
1661 751 1769 790 vitae
1802 756 1923 790 natu-

148 820 305 860 raeque
338 815 527 856 nostrae,
559 815 603 848 ut
634 809 716 848 alia
747 814 860 848 aetas
894 809 1070 856 oriatur,
1104 811 1283 849 maxime
1318 811 1488 863 quidem
1523 813 1751 864 optandum
1785 819 1847 852 est
1878 818 1972 852 utto

149 883 242 910 cum
282 872 529 925 aequalibus
571 872 727 924 possis,
771 871 1021 924 quibuscum
1064 878 1275 925 tamquam
1319 888 1340 912 e
1373 875 1611 914 carceribus
1643 876 1820 914 emissus
1852 875 1922 922 sis,

149 946 241 973 cum
286 934 417 974 isdem
459 935 511 974 ad
551 934 730 981 calcem,
770 940 815 973 ut
855 934 1031 981 dicitur,
1072 935 1306 988 pervenire.
1378 933 1472 975 402.
1515 938 1595 977 Sed
1629 940 1824 991 quoniam
1857 952 1922 978 res

148 997 354 1036 humanae
387 996 557 1050 fragiles
589 997 858 1051 caducaeque
891 1002 1006 1044 sunt,
1045 1010 1211 1050 semper
1241 998 1372 1051 aliqui
1406 1000 1654 1052 anquirendi
1688 1007 1785 1041 sunt
1817 1014 1922 1055 quos

149 1058 372 1111 diligamus
406 1066 446 1100 et
476 1074 499 1100 a
531 1061 682 1113 quibus
715 1060 957 1112 diligamur;
998 1060 1169 1099 caritate
1202 1060 1312 1099 enim
1346 1061 1728 1116 benevolentiaque
1761 1064 1923 1103 sublata

149 1121 286 1160 omnis
328 1128 390 1161 est
430 1137 451 1161 e
493 1123 577 1162 vita
609 1123 773 1162 sublata
804 1123 1054 1162 iucunditas.
1116 1122 1216 1162 Mihi
1251 1123 1420 1176 quidem
1457 1124 1624 1177 Scipio,
1668 1137 1972 1179 quamquam45

148 1189 211 1222 est
242 1184 379 1224 subito
412 1191 602 1238 ereptus,
643 1186 748 1224 vivit
786 1190 925 1224 tamen
958 1198 1207 1238 semperque
1242 1187 1374 1232 vivet;
1422 1187 1612 1226 virtutem
1646 1188 1755 1226 enim
1788 1188 1922 1227 amavi

146 1246 260 1286 illius
293 1247 391 1294 viri,
436 1261 542 1301 quae
580 1249 760 1290 extincta
801 1262 886 1287 non
919 1254 995 1287 est.
1055 1250 1138 1287 Nec
1173 1247 1270 1287 milii
1304 1249 1383 1288 soli
1415 1255 1604 1289 versatur
1634 1255 1730 1289 ante
1762 1251 1923 1298 oculos,

148 1309 221 1361 qui
260 1309 373 1350 illam
417 1324 581 1364 semper
621 1311 664 1350 in
706 1311 897 1350 manibus
937 1310 1085 1358 habui,
1127 1311 1199 1350 sed
1243 1310 1368 1350 etiam
1409 1312 1589 1364 posteris
1632 1314 1709 1352 erit
1740 1314 1849 1352 clara
1884 1319 1923 1352 et

146 1370 337 1425 insignis.
397 1375 528 1414 Nemo
563 1387 761 1426 umquam
793 1374 933 1413 animo
973 1379 1044 1413 aut
1084 1387 1158 1426 spe
1199 1373 1356 1414 maiora
1389 1375 1591 1427 suscipiet
1622 1376 1693 1428 qui
1728 1376 1805 1415 sibi
1838 1390 1922 1415 non

146 1433 260 1475 illius
302 1437 543 1476 memoriam
586 1442 714 1489 atque
755 1436 982 1485 imaginem
1024 1435 1338 1489 proponendam
1380 1443 1510 1490 putet.
1586 1434 1681 1477 sl03.
1716 1439 1973 1492 Equidemao

147 1509 200 1536 ex
231 1498 424 1538 omnibus
456 1500 593 1545 rebus,
628 1512 731 1552 quas
763 1498 864 1538 mihi
897 1504 966 1537 aut
996 1497 1166 1538 fortuna
1197 1505 1266 1538 aut
1299 1505 1446 1539 natura
1469 1500 1633 1547 tribuit,
1660 1501 1763 1540 nihil
1786 1501 1922 1542 habeo

150 1560 261 1612 quod
306 1574 399 1600 cum
440 1562 624 1602 amicitia
663 1561 873 1613 Scipionis
917 1563 1073 1614 possim
1114 1574 1371 1614 comparare.
1444 1563 1489 1601 In
1530 1562 1607 1602 hae
1649 1563 1748 1602 mihi
1789 1563 1839 1602 de
1879 1576 1923 1603 re

144 1622 312 1675 publica
343 1637 587 1671 consensus,
618 1624 659 1663 in
691 1624 769 1663 hae
801 1637 937 1662 rerum
972 1624 1226 1675 privatarum
1255 1625 1496 1672 consilium,
1520 1625 1563 1664 in
1586 1625 1730 1664 eadem
1754 1626 1923 1679 requies

145 1685 269 1738 plena
302 1687 597 1726 oblectationis
629 1687 719 1726 fuit.
768 1688 1003 1739 Numquam
1037 1686 1153 1725 illum
1188 1701 1239 1726 ne
1271 1688 1443 1727 minima
1475 1688 1644 1741 quidem
1677 1702 1719 1728 re
1752 1689 1922 1736 offendi,

146 1747 258 1800 quod
292 1749 461 1801 quidem
494 1751 717 1796 senserim,
749 1749 854 1788 nihil
886 1749 1026 1788 audivi
1061 1762 1112 1787 ex
1146 1763 1194 1788 eo
1219 1750 1310 1802 ipse
1333 1751 1447 1803 quod
1470 1750 1644 1797 nollem,
1668 1766 1749 1790 una
1773 1752 1921 1791 domus
1935 1764 1971 1792 25

146 1817 246 1856 erat,
279 1810 388 1851 idem
422 1812 555 1852 victus
588 1813 711 1864 isque
745 1811 990 1857 communis,
1021 1825 1161 1864 neque
1194 1812 1329 1851 solum
1362 1813 1521 1860 militia,
1553 1814 1627 1852 sed
1652 1814 1775 1853 etiam
1804 1828 1922 1866 pere-

147 1872 404 1924 grinationes
438 1875 819 1927 rusticationesque
851 1887 1108 1913 communes.
1185 1871 1273 1913 l0›l-.
1312 1876 1414 1914 Nam
1448 1875 1547 1928 quid
1582 1889 1658 1928 ego
1690 1876 1740 1915 de
1773 1877 1922 1916 studiis

145 1934 280 1974 dicam
313 1937 594 1989 cognoscendi
627 1950 792 1989 semper
822 1936 983 1989 aliquid
1016 1942 1142 1990 atque
1175 1937 1386 1985 discendi,
1430 1939 1473 1977 in
1506 1939 1657 1992 quibus
1689 1939 1837 1978 remoti
1870 1939 1921 1979 ab

147 1997 278 2037 oculis
311 1999 453 2051 populi
487 2012 610 2038 omne
643 1999 824 2038 otiosum
858 2004 1022 2051 tempus
1058 2000 1362 2040 contrivimus?
1414 2000 1601 2049 Quarum
1624 2014 1761 2040 rerum
1784 2015 1921 2040 recor-

145 2059 258 2098 datio
291 2066 332 2100 et
364 2062 564 2101 memoria
603 2062 636 2101 si
680 2075 762 2101 una
793 2076 884 2101 cum
918 2062 989 2101 illo
1021 2062 1263 2110 occidisset,
1306 2063 1559 2102 desiderium
1593 2063 1920 2103 coniunctissimi
1935 2077 1970 2106 3ο

145 2126 271 2174 atque
303 2124 577 2164 amantissimi
609 2124 687 2164 viri
718 2124 826 2164 ferre
866 2125 982 2165 nullo
1015 2125 1140 2164 modo
1173 2138 1351 2178 possem.
1415 2126 1496 2165 Sed
1529 2139 1605 2166 nec
1636 2126 1706 2165 illa
1738 2126 1922 2165 extincta

148 2190 244 2223 sunt
276 2185 529 2240 alunturque
563 2187 701 2239 potius
734 2193 774 2226 et
804 2194 1007 2239 augentur
1039 2188 1294 2241 cogitatione
1327 2193 1367 2227 et
1398 2189 1598 2228 memoria
1631 2200 1741 2235 mea,
1782 2193 1844 2235 et,
1885 2188 1918 2227 si

147 2245 230 2286 illis
261 2246 384 2300 plane
416 2249 585 2289 orbatus
617 2263 769 2298 essem,
800 2263 996 2303 magnum
1028 2256 1168 2291 tamen
1199 2250 1381 2291 adferret
1411 2251 1513 2290 mihi
1545 2256 1660 2291 aetas
1692 2251 1782 2304 ipsa
1812 2250 1920 2290 sola-

210 2475 241 2507 ⁹2.
261 2477 447 2518 exfloreseic
470 2478 645 2517 BEGSV,
671 2480 776 2520 θήϊον.
796 2480 859 2512 DO
879 2498 913 2502 —-
942 2480 972 2513 4.
997 2481 1136 2522 galliam
1160 2481 1184 2512 E
1212 2499 1245 2503 —
1278 2481 1340 2512 Tib.
1363 2483 1401 2519 G,
1426 2481 1521 2512 titum
1546 2481 1646 2518 BES,
1673 2481 1767 2512 titum
1784 2490 1920 2513 naseam

146 2525 217 2566 (sic)
244 2527 271 2557 V
310 2546 342 2551 -
377 2538 537 2569 graccum
567 2530 589 2560 Β
606 2531 707 2561 GSV
735 2548 768 2552 —-
804 2532 835 2562 5.
862 2531 1076 2562 dilexerimus
1099 2528 1201 2562 BS¹V
1229 2547 1263 2553 —
1291 2532 1390 2562 eliam
1415 2540 1485 2562 om.
1506 2532 1531 2561 G
1557 2548 1591 2552 —
1620 2531 1651 2561 6.
1677 2531 1726 2571 L.]
1752 2531 1804 2562 uel
1828 2532 1854 2562 D
1883 2548 1917 2552 —-

143 2584 300 2616 spurcum
325 2578 348 2609 E
377 2597 410 2601 —
437 2581 620 2611 mummium
647 2581 773 2612 BESV
812 2599 844 2603 —
884 2582 915 2615 7,
941 2583 975 2612 in¹
1001 2584 1091 2622 (post
1115 2581 1212 2619 senes)
1239 2584 1263 2613 G
1289 2591 1365 2621 sup.
1386 2581 1443 2613 liu.
1486 2600 1519 2603 —
1559 2585 1594 2612 ut
1618 2582 1652 2611 in
1678 2585 1791 2612 nostra
1816 2583 1839 2612 G
1866 2582 1920 2622 (ex

143 2629 282 2667 uestra),
309 2638 380 2660 om.
399 2630 420 2660 S
459 2648 494 2653 —
531 2632 563 2662 8.
590 2635 619 2662 et
643 2632 772 2670 quidem
797 2632 820 2662 E
852 2650 893 2654 —-
929 2632 1028 2662 eliam
1052 2640 1121 2662 om.
1141 2632 1162 2662 S
1197 2650 1240 2654 -—
1274 2632 1367 2662 rutili
1393 2631 1437 2668 E,
1463 2632 1576 2670 rapiti&
1599 2631 1693 2662 BSV
1718 2649 1759 2653 —
1783 2632 1820 2662 A.
1847 2640 1918 2663 om.

144 2676 236 2708 BSV
256 2694 290 2700 —
322 2679 461 2720 Viryinii
484 2682 546 2712 DO
575 2700 609 2704 —
637 2682 668 2713 9.
687 2682 845 2719 quoniam
870 2691 953 2721 qaae
979 2682 1001 2712 E
1026 2700 1069 2704 —
1093 2685 1136 2713 est
1160 2690 1230 2712 0111.
1254 2682 1278 2712 Ι)
1304 2699 1345 2703 ——
1375 2682 1422 2711 10.
1449 2684 1484 2711 ut
1507 2682 1575 2711 alia
1601 2684 1693 2711 aetas
1716 2682 1849 2712 oriatur
1873 2682 1916 2714 C:

142 2730 179 2757 uc
202 2727 271 2758 alia
295 2732 387 2760 aetas
411 2731 543 2761 oriatur
567 2740 608 2762 ea:
632 2732 701 2762 alia
735 2732 780 2768 O,
815 2735 851 2762 'ut
883 2732 953 2762 alia
983 2741 1025 2762 ew
1054 2732 1125 2763 alia
1156 2735 1248 2762 aetas
1272 2741 1320 2761 or.
1349 2732 1438 2761 coni.
1459 2730 1584 2764 Orelli:
1623 2731 1664 2761 cs.
1693 2731 1843 2771 Seyffert
1875 2731 1920 2762 ad

143 2775 178 2808 h.
199 2775 218 2810 l.
246 2795 288 2801 -
322 2788 482 2811 maxume
504 2780 532 2811 V
559 2798 595 2802 —
633 2781 684 2812 42.
711 2782 833 2811 hisdem
858 2783 895 2816 G.
923 2782 1041 2813 eisdem
1065 2784 1090 2809 t)
1128 2799 1162 2803 -
1199 2782 1374 2820 peruenias
1399 2783 1422 2811 G
1460 2798 1492 2802 —
1534 2781 1584 2812 13.
1611 2790 1801 2820 semperque
1826 2782 1920 2813 BDS

147 2842 183 2847 —
217 2826 321 2866 aliqui
345 2830 366 2859 S
392 2830 423 2860 in
450 2839 558 2870 marg.
597 2848 627 2853 -
669 2832 867 2870 adquirendi
892 2834 935 2869 G,
969 2832 1162 2870 acquirendi
1187 2832 1228 2870 S,
1259 2830 1450 2871 inquirendi
1475 2830 1536 2860 DE
1574 2847 1608 2851 —
1646 2839 1724 2862 uere
1747 2839 1827 2870 quos
1850 2831 1918 2870 ΒΞ,

142 2874 211 2914 fere
235 2886 315 2915 quos
338 2878 363 2907 V
403 2896 439 2901 —
482 2879 533 2911 44,
562 2880 657 2920 enim]
684 2884 793 2911 autem
818 2882 839 2911 S
881 2899 912 2903 —-
954 2882 1006 2912 45.
1034 2884 1079 2912 est
1103 2882 1207 2911 omnis
1232 2882 1257 2911 Ι)
1299 2898 1331 2902 -
1376 2883 1420 2911 es!
1443 2879 1574 2910 sublala
1597 2888 1613 2911 e
1635 2881 1708 2911 uita
1732 2882 1777 2917 E,
1808 2890 1825 2912 e
1848 2882 1921 2912 uita

143 2925 225 2956 subl.
252 2930 298 2958 est
321 2928 341 2958 S
370 2945 403 2950 —
432 2929 484 2960 46.
510 2938 701 2968 semperque
723 2932 811 2961 uiuit
834 2932 860 2962 D
888 2949 922 2953 —-
952 2931 1004 2962 47.
1026 2940 1083 2962 nec
1108 2932 1193 2962 enim
1216 2931 1295 2961 mihi
1319 2931 1339 2961 S
1367 2948 1401 2951 -
1429 2930 1596 2969 uersatur]
1614 2934 1724 2962 manet
1747 2928 1840 2962 51-
1864 2932 1916 2962 ⁶20.

145 2983 186 3006 ac
207 2977 387 3017 imaqinem
412 2979 432 3008 S
462 2996 494 3000 -
519 2980 790 3018 praeponendam
815 2979 839 3009 E
867 2997 900 3000 —
939 2989 1003 3011 esse
1023 2984 1114 3019 pule!
1139 2981 1175 3018 E,
1202 2981 1256 3011 sed
1279 2989 1344 3011 esse
1365 2983 1456 3018 pule!
1481 2981 1524 3018 G,
1553 2980 1586 3011 in
1612 2988 1680 3020 quo
1705 2981 1759 3011 sed
1783 2989 1824 3012 ex
1848 2981 1916 3012 scil.

146 3026 260 3056 ortum
287 3027 426 3058 videtur
460 3045 494 3049 —
532 3027 585 3059 24.
612 3027 834 3058 delectationis
858 3027 882 3058 E
912 3045 944 3049 —
981 3036 1161 3068 numquam
1185 3031 1315 3066 quidem
1339 3029 1430 3058 illum
1454 3037 1511 3059 nec
1535 3030 1673 3060 minima
1696 3039 1732 3061 re
1761 3031 1854 3062 BSV
1882 3047 1916 3052 -

145 3073 199 3104 25.
225 3075 306 3105 nihil
329 3077 415 3107 enim
444 3078 507 3108 DE
536 3095 570 3100 —
597 3077 638 3108 ab
661 3086 698 3108 eo
722 3078 742 3107 S
771 3094 805 3098 —
841 3078 892 3108 26.
921 3077 1015 3118 [erat]
1042 3079 1066 3109 O
1094 3094 1128 3099 -—
1157 3078 1321 3116 isdemque
1344 3079 1524 3109 communis
1546 3088 1651 3120 neque
1672 3080 1792 3111 militia
1815 3081 1920 3111 solum

146 3122 172 3153 E
199 3141 234 3146 —
261 3125 314 3156 27.
335 3134 393 3166 eqo
417 3135 487 3158 om.
507 3128 528 3158 S
556 3144 590 3149 —
617 3127 670 3158 28.
689 3135 817 3166 semper
840 3126 968 3165 aliquid
990 3128 1204 3167 coynoscendi
1229 3127 1252 3157 Ε
1274 3144 1307 3148 -
1335 3130 1393 3157 aut
1416 3129 1558 3159 discendi
1582 3129 1673 3160 BDS
1698 3147 1731 3151 —
1759 3129 1811 3160 31.
1829 3129 1919 3159 nullo

130 3172 353 3212 ·vn0d0fer1·e
377 3175 480 3214 st,
512 3176 600 3215 ferre
623 3185 688 3207 non
712 3176 737 3208 E
777 3193 812 3198 —
845 3177 1021 3215 potuissem
1046 3178 1066 3208 S
1104 3194 1139 3200 -
1177 3177 1228 3207 32.
1256 3176 1456 3215 alunturque
1479 3178 1521 3208 C:
1549 3178 1686 3208 aluntur
1709 3180 1734 3209 Ο
1768 3196 1811 3201 —-
1845 3186 1920 3209 mea

149 3220 269 3253 DEG:
296 3224 360 3255 mei
383 3224 492 3263 BSV,
518 3233 588 3257 om.
608 3226 634 3257 Ο
661 3242 696 3248 -
734 3225 786 3256 33.
812 3225 952 3256 multum
975 3230 1085 3258 lamen
1109 3227 1130 3257 S
1158 3243 1192 3248 -
1227 3227 1324 3265 affert
1348 3225 1447 3256 DEG
1472 3241 1507 3247 —
1534 3226 1679 3259 solamen
1703 3227 1740 3259 E.
