2249 3624
575 169 663 209 Lm.
694 170 741 208 V.
783 168 881 209 CAP.
914 168 1136 207 VII—IX.
1173 166 1232 220 §§
1268 165 1459 207 17-24,
1824 165 1904 206 337

139 280 279 320 videro
309 275 410 331 quid
442 273 605 315 efficiat.
652 275 875 327 Tantisper
905 274 984 314 hoc
1016 276 1152 327 ipsum
1187 276 1324 327 magni
1346 279 1549 320 aestumo,
1585 273 1699 327 quod
1732 274 1905 326 pollice-

138 349 214 382 tur.
258 341 359 379 Nam
392 339 553 378 Xerxes
585 337 755 390 quidem
790 337 966 376 refertus
998 338 1193 376 omnibus
1231 338 1425 391 praemiis
1457 337 1665 390 donisque
1699 336 1905 385 fortunae,

136 417 218 445 non
250 403 456 456 equitatu,
488 413 572 439 non
604 400 868 452 pedestribus
901 401 1053 452 ropiiS,
1092 414 1173 439 non
1207 401 1374 439 navium
1407 400 1694 447 multitudine,
1727 413 1810 439 non
1845 401 1907 439 in-

135 464 247 506 finito
279 463 465 518 pondere
496 463 586 501 auri
609 467 851 508 contentus,
885 464 1113 514 praemium
1139 463 1377 515 proposuit,
1411 463 1480 516 qui
1504 463 1733 502 invenisset
1755 476 1904 503 novam

135 528 407 581 voluptatem:
440 537 523 578 qua
555 524 644 577 ipsa
677 537 761 562 non
794 524 941 563 fuisset
973 531 1216 571 contentus;
1252 538 1387 578 neque
1420 525 1530 564 enim
1560 539 1758 577 [iiiiquam
1780 526 1936 565 lineum

134 589 315 630 inveniet
346 587 489 627 libido.
541 588 623 625 Nos
656 586 804 625 vellem
838 588 1022 638 praemio
1055 587 1205 625 elicere
1238 601 1475 640 possemus,
1507 589 1575 640 qui
1600 588 1721 627 nobis
1744 588 1903 641 aliquid

133 651 359 697 attulisset,
392 663 476 703 quo
508 649 586 689 hoc
619 646 775 687 firmius
807 649 1083 688 crederemus.

244 713 350 753 VIII.
382 710 449 751 Pl.
482 713 528 751 A.
562 711 722 750 Vellem
756 710 797 749 id
831 710 1026 764 quidem,
1059 711 1130 750 sed
1164 710 1297 750 babeo
1331 712 1499 765 paulum
1533 713 1646 765 quod
1680 714 1903 766 requiram.

132 777 217 829 Ego
240 775 349 814 enim
373 774 590 814 adsentior
611 786 776 820 eorum,
809 785 918 825 quae
944 773 1141 826 posuisti,
1173 774 1347 813 alterum
1370 775 1488 814 alteri
1512 790 1774 829 consequens
1798 790 1903 824 esse,

132 845 175 878 ut
206 851 330 891 quem
363 838 413 877 ad
437 837 627 883 modum,
659 837 692 875 si
716 836 828 888 quod
856 834 1075 874 honestum
1099 835 1173 881 sit,
1206 836 1245 874 id
1272 836 1403 876 solum
1427 837 1480 876 sit
1502 837 1672 885 bonum,
1704 847 1953 892 sequaturlo

132 901 254 940 vitam
287 900 449 939 beatam
482 899 634 938 virtute
666 898 837 944 conlici,
878 898 937 936 sic
979 897 1010 936 si
1044 897 1128 936 vita
1159 898 1279 938 beata
1312 899 1353 938 in
1386 899 1536 939 virtute
1569 902 1640 948 sit,
1675 902 1776 941 nihil
1812 916 1903 942 esse

130 963 208 1003 nisi
248 963 441 1002 virtutem
482 962 653 1000 bonum.
706 960 787 999 Sed
826 961 977 999 Brutus
1010 965 1105 999 tuus
1137 966 1308 1000 auctore
1339 962 1476 1001 Aristo
1509 968 1549 1001 et
1578 964 1785 1003 Antiocho
1818 978 1901 1004 non

130 1025 254 1066 sentit
293 1024 393 1069 hoc;
442 1029 561 1076 putat
600 1023 734 1069 enim,
775 1023 898 1062 etiam
942 1023 975 1061 si
1013 1023 1066 1063 sit
1107 1021 1263 1062 bonum
1295 1024 1466 1077 aliquod
1498 1031 1663 1077 praeter
1693 1027 1902 1067 virtutem.

129 1089 181 1128 M.
214 1087 325 1135 Quid
358 1087 511 1139 igitur?
551 1091 696 1125 contra
729 1086 955 1124 Brutumne
992 1099 1057 1124 me
1091 1086 1297 1125 dicturum
1331 1089 1485 1139 putas‘?
1532 1090 1578 1127 Α.
1611 1090 1672 1127 Tu
1706 1102 1825 1137 vero,
1858 1096 1903 1129 ut

128 1150 315 1193 videtur:
348 1162 443 1188 nam
476 1148 699 1201 praefinire
730 1161 813 1187 non
846 1153 908 1187 est
939 1161 1090 1187 meum.
1150 1146 1217 1187 ⁶2⁶2.
1249 1150 1303 1188 M.
1328 1149 1439 1196 Quid
1472 1151 1623 1203 cuique
1655 1151 1782 1203 igitur
1804 1163 1953 1191 con-15

128 1219 371 1253 sentaneum
405 1211 477 1257 sit,
509 1211 591 1250 alio
623 1211 728 1249 loco.
775 1211 878 1249 Nam
910 1210 989 1250 ista
1020 1210 1119 1250 mihi
1153 1216 1194 1250 et
1224 1224 1317 1250 cum
1350 1212 1557 1252 Antiocho
1591 1226 1716 1266 saepe
1748 1220 1902 1254 etcum

127 1275 263 1314 Aristo
295 1286 442 1326 nuper,
476 1287 569 1313 cum
591 1272 766 1312 Athenis
789 1273 1015 1325 imperator
1035 1272 1144 1325 apud
1168 1286 1263 1313 eum
1287 1274 1543 1322 deversarer,
1576 1275 1783 1317 dissensio
1813 1276 1902 1316 suit.

128 1337 226 1377 Mihi
249 1336 359 1376 enim
383 1349 467 1374 non
497 1335 718 1375 videbatur
738 1336 963 1388 quisquam
990 1348 1081 1374 esse
1103 1335 1248 1376 beatus
1271 1350 1411 1389 posse,
1443 1351 1536 1377 cum
1560 1338 1602 1377 in
1626 1339 1746 1379 malis
1770 1346 1900 1387 esset;

126 1400 166 1439 in
198 1398 318 1437 malis
347 1403 484 1437 autem
518 1398 752 1451 sapientem
785 1410 878 1437 esse
911 1411 1050 1450 posse,
1084 1398 1116 1437 si
1141 1405 1282 1439 essent
1304 1399 1387 1438 ulla
1411 1402 1598 1453 corporis
1620 1408 1692 1441 aut
1711 1402 1902 1442 fortunae

129 1460 245 1501 mala.
281 1460 538 1500 Dicebantur
560 1460 677 1505 haec,
702 1472 809 1513 quae
833 1460 999 1513 scripsit
1021 1461 1146 1499 etiam
1165 1461 1397 1502 Antiochus
1420 1462 1523 1503 locis
1546 1464 1750 1516 pluribus,
1772 1465 1903 1503 virtu·
1917 1475 1953 1503 90

129 1531 208 1564 tem
238 1523 368 1576 ipsam
402 1536 477 1576 per
508 1536 551 1562 se
583 1523 745 1562 beatam
780 1523 907 1562 vitam
931 1522 1098 1563 efficere
1120 1537 1247 1576 posse
1269 1537 1407 1578 neque
1430 1530 1568 1565 tamen
1592 1526 1899 1574 beatissimam

128 1586 278 1627 deinde
311 1599 362 1625 ex
396 1587 551 1625 maiore
583 1590 700 1639 parte
731 1585 957 1639 plerasque
989 1600 1055 1626 res
1086 1587 1315 1635 nominari,
1348 1588 1473 1627 etiam
1506 1590 1539 1628 si
1565 1603 1673 1642 quae
1704 1603 1800 1643 pars
1831 1589 1903 1629 ab-

128 1654 256 1697 esset,
302 1655 349 1688 ut
379 1649 510 1695 vires,
551 1654 597 1687 ut
627 1647 935 1696 valetudinem,
979 1655 1026 1688 ut
1056 1650 1246 1697 divitias,
1287 1655 1335 1690 ut
1364 1650 1588 1700 honorem,
1628 1658 1673 1692 ut
1712 1652 1903 1705 gloriam,

127 1725 233 1765 quae
266 1724 439 1764 genere,
471 1724 554 1750 non
586 1724 762 1750 numero
794 1717 1088 1751 cernerentur:
1120 1712 1217 1752 item
1250 1713 1412 1752 beatam
1445 1714 1595 1762 vitam,
1628 1717 1751 1755 etiam
1785 1717 1818 1756 si
1850 1730 1902 1755 ex

127 1774 266 1827 aliqua
305 1779 423 1826 parte
464 1773 700 1819 clauderet,
743 1779 881 1812 tamen
922 1787 974 1814 ex
1014 1774 1147 1814 multo
1179 1775 1338 1815 maiore
1376 1782 1495 1829 parte
1527 1778 1718 1830 optinere
1748 1788 1951 1819 nomen25

127 1851 257 1878 suum.
318 1835 384 1876 ⁴223.
416 1836 529 1875 Haec
568 1849 681 1874 nunc
724 1836 945 1875 enucleare
986 1850 1070 1876 non
1111 1838 1166 1877 ita
1207 1851 1381 1878 necesse
1413 1844 1499 1887 est,
1532 1854 1784 1894 quamquam
1817 1855 1901 1882 non

127 1899 461 1940 constantissime
493 1897 575 1937 dici
608 1897 709 1937 mihi
741 1898 947 1938 videntur.
999 1901 1099 1939 Nam
1138 1905 1179 1940 et
1209 1902 1281 1954 qui
1312 1901 1460 1941 beatus
1492 1908 1554 1942 est
1584 1917 1670 1943 non
1699 1905 1901 1958 intellego

126 1961 222 2015 quid
253 1962 457 2015 requirat,
489 1965 536 1999 ut
566 1961 619 1999 sit
648 1960 813 2000 beatior
843 1982 898 1989 —
929 1962 962 2001 si
994 1968 1058 2002 est
1088 1963 1199 2003 enim
1234 1963 1348 2017 quod
1380 1964 1510 2012 desit,
1546 1978 1598 2005 ne
1628 1966 1776 2007 beatus
1809 1968 1902 2021 qui-

126 2023 215 2064 dem
256 2030 318 2065 est
347 2047 423 2072 —,
465 2029 506 2063 et
545 2022 662 2077 quod
704 2037 758 2063 ex
796 2024 954 2064 maiore
995 2031 1112 2078 parte
1154 2039 1277 2066 unam
1317 2039 1528 2080 quamque
1568 2041 1653 2069 rem
1696 2031 1900 2083 appellari

126 2088 386 2140 spectarique
427 2085 590 2133 dicunt,
633 2090 697 2125 est
735 2086 807 2125 ubi
839 2086 881 2125 id
914 2087 992 2127 isto
1025 2088 1150 2128 modo
1181 2088 1343 2129 valeat:
1383 2102 1477 2129 cum
1510 2104 1608 2130 vero
1640 2092 1715 2131 tria
1746 2098 1948 2145 genera³0

128 2148 327 2189 malorum
359 2162 452 2188 esse
485 2147 647 2196 dicant,
686 2149 757 2201 qui
789 2148 969 2190 duorum
1001 2164 1201 2203 generum
1234 2152 1354 2191 malis
1387 2153 1582 2193 omnibus
1613 2162 1823 2207 urgeatur,
1854 2163 1901 2196 ut

128 2213 262 2252 omnia
292 2211 472 2251 advorsa
503 2211 587 2250 sint
618 2210 660 2250 in
691 2210 878 2259 fortuna,
911 2214 1105 2253 omnibus
1128 2227 1376 2267 oppressum
1409 2229 1562 2268 corpus
1595 2222 1636 2256 et
1662 2217 1898 2258 confectum

127 2273 361 2321 doloribus,
401 2274 499 2314 huic
529 2273 756 2327 paulumne
787 2274 839 2314 ad
871 2275 1032 2315 beatam
1066 2276 1193 2316 vitam
1226 2276 1372 2317 deesse
1404 2277 1614 2326 dicemus,
1655 2292 1741 2319 non
1772 2281 1898 2320 modo

127 2335 176 2375 ad
204 2336 520 2376 beatissimam?

234 2400 305 2439 IX.
337 2397 403 2439 24.
434 2399 526 2439 Hoc
556 2398 659 2439 illud
689 2404 768 2447 est,
801 2400 915 2453 quod
938 2401 1256 2454 Theophrastus
1278 2403 1486 2442 sustinere
1509 2416 1593 2443 non
1615 2404 1763 2456 potuit.
1795 2406 1897 2445 Nam
1912 2416 1949 2445 35

127 2474 214 2501 cum
247 2464 477 2510 statuisset,
517 2462 712 2510 verbera,
744 2468 976 2510 tormenta,
1008 2464 1237 2512 cruciatus,
1277 2466 1432 2518 patriae
1465 2467 1726 2514 eversiones,
1759 2468 1898 2516 exilia,

127 2523 319 2565 orbitates
361 2538 552 2578 magnam
592 2526 677 2565 vim
715 2524 871 2565 habere
910 2525 962 2565 ad
1004 2526 1113 2566 male
1145 2527 1385 2580 misereque
1415 2528 1665 2576 vivendum,
1709 2543 1794 2569 non
1837 2538 1900 2571 est

210 2700 239 2731 l.
265 2700 357 2740 mayi
380 2700 405 2731 R
430 2701 465 2730 et
490 2700 679 2740 (superscr.
698 2700 729 2738 rt)
749 2701 775 2731 G
798 2717 833 2721 —
860 2699 890 2731 3.
910 2702 1094 2732 nonauium
1112 2702 1135 2732 G
1150 2702 1175 2733 R
1192 2719 1226 2724 —
1245 2702 1276 2733 5.
1296 2702 1501 2733 uoluntatem
1521 2704 1544 2733 G
1559 2703 1582 2734 B
1603 2721 1637 2725 —-
1662 2704 1774 2743 fuisset
1791 2705 1898 2736 Bent-

126 2745 191 2788 ley:
208 2749 270 2789 fuit
287 2750 310 2781 C
327 2750 352 2782 O
367 2766 403 2772 —
423 2750 455 2781 8.
480 2750 667 2789 paullulum
684 2750 709 2781 O
727 2766 760 2771 —
783 2750 830 2781 12.
853 2750 999 2781 aristone
1017 2751 1062 2788 C3
1089 2751 1174 2782 item
1191 2759 1224 2782 V.
1244 2752 1296 2783 47.
1320 2769 1353 2774 —
1375 2751 1428 2783 43.
1446 2752 1472 2782 si
1491 2761 1560 2783 om.
1580 2750 1618 2783 G¹
1639 2770 1673 2774 -
1694 2753 1746 2786 44.
1766 2754 1898 2786 brutum

126 2805 181 2828 nec
201 2806 253 2830 me
275 2799 299 2830 C
328 2817 363 2822 —
402 2800 454 2831 47.
482 2799 634 2831 dissencio
659 2801 684 2831 G
709 2818 751 2822 —
785 2800 838 2831 ΞΟ.
865 2802 992 2839 scripta
1014 2801 1055 2831 sic
1080 2801 1125 2838 C3
1158 2802 1358 2840 scriptitavit
1389 2800 1552 2832 Klotzius.
1591 2802 1697 2833 Error
1725 2802 1897 2835 librorum

129 2845 204 2878 inde
236 2849 337 2879 natus
367 2848 518 2887 videtur,
553 2849 648 2889 quod
680 2848 837 2888 syllabae
861 2850 948 2889 scrip
973 2851 1007 2880 et
1031 2850 1072 2880 sit
1098 2851 1131 2881 in
1158 2851 1353 2891 archetypo
1377 2850 1508 2881 divisae
1535 2853 1646 2883 erant.
1678 2853 1729 2884 De
1754 2853 1898 2893 syllabis

129 2894 278 2928 insiticiis
302 2897 381 2929 vide
406 2897 450 2928 ad
474 2899 486 2929 1
512 2897 530 2938 ἓ
555 2898 607 2929 35.
638 2916 672 2921 -
700 2899 753 2930 24.
777 2907 871 2938 posse
894 2907 964 2930 om.
991 2897 1041 2937 1³²,
1073 2898 1216 2931 seclusit
1240 2899 1449 2939 Tregderus.
1482 2899 1637 2933 «Abesse
1663 2903 1807 2943 quidem
1833 2913 1899 2944 po-

127 2945 214 2976 terat
238 2945 291 2985 (ct.
319 2946 358 2988 gg
384 2947 436 2978 ⁴7.
462 2947 515 2978 2⁴.
542 2946 595 2978 43.
622 2946 696 2985 48),
722 2947 803 2984 sed.
831 2949 997 2988 quoniam
1014 2957 1130 2988 neque
1148 2958 1188 2980 ea
1206 2958 1272 2980 vox
1291 2949 1381 2981 male
1403 2957 1668 2990 supervacanea
1687 2955 1739 2984 est
1755 2955 1897 2994 (suprat

127 2993 203 3025 mihi
224 3003 289 3026 non
311 2996 485 3027 videbatur
509 2997 684 3035 quisquam
707 3005 772 3027 esse
796 2997 908 3028 beatus
927 2998 1058 3038 posse)
1083 3000 1118 3029 et
1141 2997 1196 3030 ille
1222 2998 1333 3030 codex
1353 3000 1513 3039 proprias
1532 2999 1717 3032 nonnullas
1734 3003 1898 3034 omissio-

130 3050 189 3074 nes
213 3044 401 3077 mendosas
431 3045 539 3077 habet
565 3048 611 3085 (ut
637 3047 667 3083 Ι,
695 3047 735 3077 lO
760 3047 921 3087 defendet,
954 3048 995 3080 40
1019 3049 1195 3087 superiora
1211 3065 1259 3071 --
1275 3051 1417 3086 namra,
1450 3048 1491 3080 >la
1516 3052 1568 3087 ul,
1598 3050 1654 3088 111,
1687 3052 1725 3081 lO
1751 3052 1893 3090 quidem,

129 3091 167 3130 V,
191 3093 230 3124 57
254 3097 284 3125 et
305 3095 532 3136 industrium),
564 3095 646 3127 nihil
679 3096 758 3135 tuit,
797 3105 875 3135 cur,
909 3098 1004 3138 quod
1035 3098 1143 3129 ceteri
1174 3106 1298 3129 omnes
1328 3097 1469 3129 codices
1493 3099 1662 3138 retinent,
1689 3103 1896 3142 suspectum

130 3140 349 3175 baberetur.»
373 3146 429 3177 W.
455 3164 499 3169 —-
521 3147 574 3177 22.
598 3150 697 3186 patre
721 3147 759 3177 G¹
787 3164 821 3169 —
847 3147 900 3178 27.
926 3148 1083 3179 uidentur
1106 3148 1149 3179 B:
1176 3149 1308 3178 uidetur
1331 3148 1393 3178 GR
1413 3164 1448 3169 -
1476 3148 1530 3179 29.
1555 3148 1636 3189 rem]
1657 3153 1789 3189 partem
1813 3152 1836 3181 C
1858 3167 1892 3172 —

129 3189 180 3221 30.
204 3192 280 3233 ln‘a]
304 3193 368 3225 ista
390 3195 458 3226 tria
475 3196 513 3233 G,
539 3195 603 3227 sed
626 3196 691 3226 isca
707 3197 872 3235 quattuor
887 3198 1026 3237 punctis
1044 3198 1201 3228 notatum
1219 3199 1282 3228 est.
1306 3214 1340 3219 —
1368 3197 1419 3228 34.
1447 3198 1559 3228 dicunt
1583 3199 1606 3229 B
1626 3215 1662 3222 —
1682 3199 1734 3230 33.
1757 3200 1898 3238 paullu-

129 3238 232 3272 tumne
262 3242 287 3274 O
319 3260 354 3265 -
388 3243 440 3275 35.
467 3245 670 3284 teophrastus
701 3246 765 3277 GR
801 3262 835 3267 —
871 3245 924 3277 37.
949 3255 1015 3277 non
1038 3249 1086 3278 esc
1109 3254 1210 3278 ausus
1234 3246 1318 3278 elate
1339 3249 1369 3277 et
1393 3247 1500 3287 ample
1523 3247 1626 3288 loqui,
1652 3248 1819 3280 humiliter
1842 3250 1895 3279 di-

128 3290 282 3330 misseque
303 3293 421 3324 sentire
443 3295 572 3327 Nonius
596 3303 630 3336 p.
649 3295 723 3327 286.

181 3350 297 3380 Gremio
320 3351 354 3382 Τ.
371 3352 420 3383 IV.
1557 3356 1611 3400 22
