2249 3624
887 568 944 627 M.
981 566 1170 626 TUILH
1208 565 1513 626 CICERONIS

393 709 1221 773 ACADEMICORUM
1273 709 2007 769 POSTERIORUM

933 861 1148 902 LIBER
1194 861 1458 903 PRIMUS

1167 979 1232 1011 AD

690 1088 765 1132 Μ.
805 1086 1245 1130 TERENTIUM
1281 1087 1711 1129 VARRONEM.

1017 1217 1074 1250 Ex
1097 1216 1374 1249 RECENSIONE.

932 1336 1174 1376 CAROLI
1211 1335 1470 1374 HALMH.

979 1560 1047 1599 ΝΟ
1054 1560 1222 1599 TARUM
1250 1560 1420 1599 INDEX.

316 1661 342 1692 G
364 1673 403 1689 z
428 1659 540 1692 codex
565 1656 793 1689 Gedanensis.
832 1654 983 1688 Contulit
1007 1656 1193 1688 Lunovicus
1217 1657 1359 1688 Borzox.

314 1711 339 1742 P
363 1718 401 1732 Ξ
425 1709 536 1741 codex
560 1708 735 1741 Parisinus
760 1715 856 1738 num.
885 1707 985 1745 6331,
1013 1705 1056 1737 ab
1080 1707 1110 1738 J.
1137 1707 1173 1738 K.
1202 1707 1391 1738 Huszuffino
1417 1706 1573 1739 collatus.

314 1761 342 1792 A
365 1769 402 1783 Ξ
426 1759 537 1791 codex
569 1757 650 1790 olim
681 1756 990 1793 Uffenhachianus‚
1025 1765 1117 1788 nune
1150 1757 1288 1787 IIENRICI
1313 1759 1433 1795 Amul,
1467 1758 1565 1789 cuius
1598 1757 1765 1789 lectiones
1790 1758 1843 1789 vir
1867 1756 2082 1791 clarissimus

423 1811 497 1851 ipse
522 1809 555 1839 in
579 1816 683 1839 usum
708 1810 867 1838 nostrum
892 1807 1085 1847 exscripsit.

312 1860 342 1891 V
364 1869 403 1884 Ξ
427 1859 538 1891 codex
568 1867 662 1889 nunc
694 1858 886 1896 Parisinus,
925 1856 1006 1888 olim
1041 1858 1075 1887 in
1110 1857 1197 1888 aede
1234 1858 1267 1889 S.
1302 1857 1449 1889 Victoris
1486 1867 1580 1889 num.
1608 1858 1659 1890 90.
1716 1858 1876 1889 Excussit
1906 1858 2082 1890 Ennianus

421 1910 635 1940 Wossffmx.

313 1960 337 1991 C
362 1968 401 1982 Ξ
424 1959 489 1990 AG
506 1958 587 1997 PV,
615 1958 672 1997 qui
697 1958 777 1988 sunt
803 1965 926 1987 omnes
951 1955 1080 1987 saeculi
1106 1956 1175 1987 AV.

311 2008 361 2041 El.
386 2019 426 2033 Ξ
449 2007 559 2040 codex
585 2007 730 2040 Eliensis
755 2007 894 2038 Davisii.

311 2059 389 2090 Bas.
415 2071 453 2084 z
478 2057 589 2089 code(
613 2057 812 2089 Basiliensis
838 2057 1028 2088 Goerenzii.

311 2110 336 2141 E
352 2110 423 2148 Πψ
448 2118 486 2131 Ξ
510 2107 651 2139 codices
676 2108 903 2138 oxonienses.

311 2168 328 2189 r
358 2171 397 2185 Ξ
421 2158 525 2189 editio
550 2159 703 2188 Romana
730 2166 760 2188 a.
790 2156 885 2188 4471.

311 2208 335 2239 O
359 2217 395 2231 --
420 2208 525 2239 editio
550 2206 718 2239 Orelliona
744 2207 849 2248 prior.

398 2264 580 2295 Lectiones
605 2263 766 2295 codicum
784 2265 809 2294 Α
826 2264 850 2293 G
864 2265 887 2295 P
901 2263 928 2292 V
953 2262 1104 2301 integras
1125 2261 1156 2292 in
1176 2262 1382 2301 apparatum
1403 2262 1559 2293 criticum
1579 2263 1791 2302 recepimus,
1818 2262 1900 2293 item
1922 2262 2081 2294 editionis

310 2314 505 2351 Romanae,
532 2313 596 2345 sed
621 2312 751 2353 aliquot
774 2313 862 2343 vitiis
889 2312 998 2343 foedis
1024 2312 1294 2352 praetermissis,
1321 2310 1536 2352 reliquorum
1563 2312 1737 2349 codicum⁷
1761 2312 1818 2343 ubi
1845 2320 1974 2353 operae
1999 2321 2082 2352 pre-

309 2363 397 2395 tium
429 2364 543 2395 visum
577 2364 649 2401 est,
680 2364 897 2395 mentionem
928 2362 1086 2394 fecimus.
1135 2362 1172 2391 In
1202 2360 1310 2392 rebus
1342 2362 1618 2402 orthographicis
1649 2363 1758 2394 secuti
1789 2370 1911 2394 sumus
1940 2362 2080 2395 codices

310 2413 520 2445 vetustiores
546 2411 687 2444 Luculli.

424 2545 454 2583 Ι.
488 2542 526 2585 l.
558 2545 606 2584 In
639 2544 824 2584 Cumano
856 2558 988 2597 nuper
1019 2558 1113 2583 cum
1145 2557 1305 2583 mecum
1330 2545 1490 2583 Atticus
1522 2549 1660 2585 noster
1683 2550 1812 2590 esset,
1844 2546 2081 2586 nuntiatum

311 2611 373 2646 est
409 2607 529 2646 nobis
571 2620 593 2646 a
624 2608 678 2646 Μ.
710 2607 920 2653 Varrone,
965 2606 1129 2646 venisse
1163 2620 1257 2645 euin
1290 2607 1417 2646 Roma
1449 2607 1583 2659 pridie
1615 2608 1780 2660 vesperi
1812 2613 1872 2655 et,
1916 2608 1997 2648 nisi
2029 2608 2080 2648 de

310 2669 378 2708 via
407 2668 541 2707 fessus
575 2673 708 2715 esset,
741 2670 940 2708 continuo
973 2668 1024 2708 ad
1057 2682 1133 2708 nos
1161 2674 1382 2707 venturum
1414 2668 1560 2709 fuisse.
1617 2669 1737 2717 Quod
1770 2683 1862 2709 cum
1895 2671 2081 2710 audisse-

311 2744 421 2777 mus,
454 2730 611 2770 nullam
643 2744 800 2770 moram
833 2731 1182 2783 interponendam
1216 2732 1454 2784 putavimus
1477 2732 1579 2784 quin
1603 2732 1838 2772 videremus
1868 2733 2080 2773 hominem

278 2791 529 2838 5nobiscum
571 2797 609 2831 et
650 2793 798 2831 studiis
842 2794 999 2832 eisdem
1044 2799 1084 2832 et
1115 2798 1318 2832 vetustate
1350 2785 1557 2833 amicitiae
1589 2794 1873 2833 coniunctum.
1933 2796 2079 2849 Itaque

311 2853 528 2893 confestim
562 2854 614 2893 ad
646 2868 740 2894 eum
772 2856 830 2895 ire
860 2856 1144 2909 perreximus,
1177 2855 1435 2908 paulumque
1469 2870 1562 2896 cum
1593 2857 1643 2895 ab
1671 2856 1762 2896 eius
1784 2856 1880 2895 villa
1911 2857 2080 2897 abesse-

311 2929 424 2963 mus,
464 2916 601 2969 ipsum
634 2917 684 2956 ad
716 2930 792 2956 nos
824 2918 1063 2957 venientem
1094 2917 1297 2963 vidimus;
1343 2923 1468 2971 atque
1498 2918 1616 2957 illum
1649 2918 1882 2971 complexi,
1913 2923 1959 2958 ut
1988 2932 2079 2958 mos

396 3071 576 3101 lxscmpno
602 3079 696 3102 LIBRI.
745 3072 790 3102 M.
820 3072 913 3102 Tullii
945 3071 1107 3103 Ciceronis
1135 3075 1352 3103 commenhnn
1381 3080 1478 3110 super
1509 3071 1628 3102 librum
1653 3071 1942 3103 Achademioorum
1965 3072 2079 3111 incipit

309 3121 354 3157 G;
380 3120 497 3159 Incipit
520 3120 600 3151 liber
623 3122 639 3151 I
661 3123 701 3158 1³3
736 3122 815 3151 Pars
846 3122 941 3153 libelli
966 3121 1130 3153 Ciceronis
1153 3123 1192 3153 de
1220 3122 1424 3161 philosophia
1450 3131 1475 3152 r.
1514 3122 1562 3152 lie
1589 3120 1805 3162 reliquorum
1830 3122 1999 3154 librorum
2023 3123 2078 3154 in-

309 3169 498 3210 scriptione
525 3169 604 3201 niliil
631 3171 715 3202 certi
741 3173 886 3202 constat.

394 3219 425 3250 Ξ,
453 3220 587 3250 Romam
613 3220 668 3257 0¹,
703 3231 723 3252 a
749 3222 851 3252 Roma
876 3231 893 3252 r
919 3239 953 3244 —
989 3222 1019 3253 G.
1046 3221 1087 3252 ab
1111 3221 1179 3252 eius
1203 3223 1245 3259 G,
1280 3222 1317 3251 ut
1350 3221 1439 3251 coni.
1467 3219 1688 3259 Wesenberg
1718 3221 1864 3259 (Emend.
1891 3221 1955 3253 Cic.
1982 3221 2073 3261 epist.

310 3277 343 3315 p.
370 3270 441 3311 62):
468 3269 509 3300 ab
533 3278 602 3302 om.
630 3271 653 3300 A
670 3270 772 3302 on
788 3280 803 3301 1·
829 3288 861 3292 —
891 3271 1073 3302 abessemus
1096 3280 1165 3305 om.
1193 3271 1219 3301 V
1246 3271 1329 3310 (cum
1353 3270 1528 3302 obissemus
1551 3280 1610 3303 uta
1634 3272 1740 3313 ipsum
1764 3272 1805 3311 r).
