2249 3624
747 511 801 568 M.
839 510 1025 569 TL'LLII
1064 508 1367 569 CICERONIS

1028 639 1053 669 l)
1061 639 1082 669 13

418 745 720 803 FINIBUS
761 747 1131 803 BONORUM
1172 747 1274 799 ΕΤ
1313 744 1701 801 MALORUM

776 873 863 911 AD
917 873 970 912 M.
1020 871 1332 911 BRUTUM

836 990 1004 1026 LIBER
1040 988 1292 1026 TERTIUS.

296 1220 325 1258 Ι.
365 1216 396 1258 l.
426 1217 690 1269 Voluptatem
730 1216 921 1270 quidem,
962 1218 1108 1264 Brute,
1151 1217 1184 1256 si
1224 1216 1314 1268 ipsa
1345 1228 1421 1267 pro
1454 1227 1497 1254 se
1529 1213 1725 1267 loquatur
1751 1226 1830 1253 nec
1861 1219 1943 1254 tam

187 1282 418 1334 pertinaces
457 1279 605 1319 habeat
642 1286 860 1331 pau-onos,
901 1292 1192 1319 concessuram
1234 1278 1412 1317 arbitror
1455 1277 1689 1316 convictam
1728 1277 1944 1330 superiore

186 1345 290 1384 libro
324 1343 528 1396 dignitati.
578 1342 741 1381 Etenim
776 1343 827 1381 sit
858 1342 1098 1395 impudens,
1141 1341 1174 1380 si
1213 1340 1356 1380 virtuti
1390 1339 1546 1379 diutius
1577 1344 1783 1392 repugnet
1812 1344 1883 1378 aut
1912 1338 1946 1378 si

185 1406 372 1445 honestis
419 1404 598 1444 iucunda
634 1410 861 1456 anteponat
901 1411 969 1444 aut
1008 1405 1138 1457 pluris
1181 1417 1271 1443 esse
1304 1402 1530 1442 contendat
1560 1402 1825 1442 dulcedinem
1858 1414 1948 1441 cor-

187 1470 296 1521 poris
329 1482 380 1508 ex
414 1480 511 1507 eave
543 1472 677 1506 natam
709 1467 908 1506 laetitiam
932 1479 1055 1520 quam
1087 1466 1332 1519 gravitatem
1360 1465 1490 1505 animi
1512 1470 1637 1518 atque
1660 1465 1981 1504 constantiam.⁵

187 1532 324 1578 Quare
363 1531 477 1569 illam
511 1529 677 1583 quidem
710 1529 966 1569 dimittamus
998 1535 1039 1568 et
1069 1529 1155 1568 suis
1187 1542 1230 1568 se
1261 1528 1416 1567 finibus
1447 1533 1589 1567 tenere
1620 1527 1856 1573 iubeamus,
1899 1540 1949 1565 ne

185 1593 398 1633 blanditiis
439 1593 526 1632 eius
564 1592 856 1645 illecebrisque
894 1591 1146 1644 impediatur
1185 1590 1430 1644 disputandi
1468 1590 1681 1630 severitas.
1740 1587 1779 1628 Ξ.
1812 1588 1952 1637 Quae-

187 1656 362 1694 rendum
395 1661 457 1694 est
488 1656 618 1702 enim,
650 1655 721 1694 ubi
753 1656 805 1694 sit
834 1655 938 1694 illud
960 1668 1165 1693 summum
1187 1654 1365 1701 bonum,
1399 1653 1513 1706 quod
1538 1653 1719 1706 reperire
1742 1651 1951 1698 volumus,

189 1717 387 1769 quoniam
429 1722 469 1756 et
511 1717 702 1770 voluptas
743 1717 794 1756 ab
836 1730 884 1757 eo
925 1722 1083 1756 remota
1122 1722 1186 1756 est
1223 1722 1264 1756 et
1294 1716 1441 1756 eadem
1471 1714 1557 1754 fere
1590 1720 1734 1754 contra
1765 1727 1837 1754 eos
1869 1713 1951 1752 dici

188 1785 385 1830 possunt,
419 1778 489 1832 qui
520 1780 768 1819 vacuitatem
800 1779 959 1818 doloris
991 1776 1112 1818 [inem
1134 1779 1341 1818 bonorum
1364 1792 1456 1818 esse
1477 1778 1720 1823 voluerunt,
1753 1790 1829 1815 nec
1850 1788 1949 1815 vero
1970 1786 2003 1813 40

189 1841 316 1879 ullum
348 1841 547 1893 probetur
578 1856 783 1882 summum
814 1843 991 1889 bonum,
1034 1842 1147 1895 quod
1179 1843 1332 1882 virtute
1366 1846 1525 1889 careat,
1566 1854 1648 1894 qua
1678 1839 1784 1879 nihil
1814 1844 1955 1892 potest

188 1916 279 1942 esse
310 1904 603 1955 praestantius.
662 1905 809 1958 Itaque
843 1918 1095 1958 quamquam
1126 1904 1168 1943 in
1201 1918 1250 1944 eo
1274 1918 1490 1952 sermone,
1524 1904 1714 1957 quicum
1737 1904 1952 1955 Torquato

189 1970 251 2005 est
282 1964 468 2011 habitus,
502 1979 584 2006 non
616 1968 779 2007 remissi
810 1967 985 2014 suimus,
1017 1973 1156 2007 tamen
1186 1967 1291 2007 haec
1323 1968 1458 2007 acrior
1489 1971 1552 2007 est
1583 1979 1676 2006 cum
1700 1964 1851 2004 Stoicis
1882 1976 1955 2017 pa-

189 2034 279 2067 rata
310 2028 535 2067 contentio.
587 2029 703 2077 Quae
735 2029 845 2069 enim
877 2030 926 2069 de
957 2028 1170 2082 voluptate
1193 2030 1401 2076 dicuntur,
1436 2043 1486 2070 ea
1515 2042 1594 2069 nec
1615 2028 1855 2068 acutissime
1878 2039 1955 2066 nec

191 2089 432 2129 abscondite
476 2090 756 2140 disseruntur3
796 2105 935 2146 neque
967 2092 1077 2132 enim
1111 2093 1183 2146 qui
1216 2092 1447 2133 defendunt
1485 2105 1576 2133 eam
1607 2090 1766 2132 versuti
1796 2090 1841 2129 in
1873 2089 1955 2128 dis·
1970 2098 2005 2126 ⁴5

191 2151 368 2190 serendo
402 2159 497 2192 sunt
528 2167 603 2193 nec
636 2154 707 2208 qui
740 2160 883 2195 contra
913 2154 1057 2194 dicunt
1088 2168 1257 2195 causam
1281 2155 1497 2195 difficilem
1527 2154 1748 2208 repellunt.
1799 2149 1836 2191 3.
1859 2152 1955 2204 Ipse

191 2214 313 2253 etiam
347 2213 446 2254 dicit
476 2216 680 2268 Epicurus
712 2212 763 2257 ne
794 2218 1168 2270 argumentandum
1195 2218 1367 2272 quidem
1395 2232 1486 2258 esse
1510 2217 1561 2257 de
1582 2217 1809 2270 voluptate,
1841 2214 1953 2269 quod

192 2276 243 2315 sit
274 2278 456 2329 positum
488 2278 684 2319 iudicium
716 2280 806 2319 eius
838 2280 879 2319 in
911 2280 1127 2328 sensibus,
1158 2286 1204 2320 ut
1234 2280 1490 2321 commoneri
1523 2292 1600 2319 nos
1623 2279 1722 2318 satis
1746 2279 1818 2325 sit,
1850 2276 1956 2317 nihil

192 2338 363 2378 attineat
395 2339 551 2379 doceri.
603 2340 740 2389 Quare
772 2342 842 2381 illa
872 2341 993 2382 nobis
1016 2343 1194 2396 simplex
1215 2343 1293 2382 fuit
1315 2343 1357 2382 in
1386 2348 1608 2394 utramque
1631 2346 1791 2393 partem
1813 2339 1956 2392 dispu-

195 2401 307 2440 tatio.
357 2403 440 2442 Nec
473 2403 583 2442 enim
614 2404 657 2443 in
688 2405 887 2458 Torquati
927 2418 1118 2444 sermone
1151 2406 1377 2458 quicquam
1408 2404 1665 2457 implicatum
1695 2407 1768 2442 aut
1797 2407 1956 2441 tortuo-
1969 2409 2006 2438 20

194 2476 283 2502 sum
314 2463 392 2504 fuit
420 2471 670 2519 nostraque,
703 2472 747 2506 ut
777 2467 877 2506 mihi
909 2467 1095 2515 videtur,
1129 2467 1313 2507 dilucida
1345 2467 1492 2506 oratio.
1554 2465 1788 2504 Stoicorum
1818 2469 1957 2503 autem

193 2539 277 2565 non
308 2527 470 2579 ignoras
505 2541 627 2581 quam
660 2529 713 2568 sit
744 2530 894 2569 subtile
925 2530 992 2570 vel
1024 2530 1241 2583 spinosum
1272 2529 1414 2582 potius
1446 2527 1681 2567 disserendi
1712 2538 1865 2578 genus,
1896 2526 1958 2565 id-

194 2601 274 2640 que
316 2603 407 2630 cum
450 2590 615 2631 Graecis
654 2597 742 2631 tum
783 2592 913 2644 magis
945 2593 1090 2638 nobis,
1134 2592 1286 2644 quibus
1319 2591 1443 2630 etiam
1474 2589 1598 2629 verba
1629 2588 1834 2642 parienda
1863 2594 1959 2628 sunt

192 2651 528 2706 imponendaque
565 2667 674 2694 nova
711 2655 835 2695 rebus
876 2656 996 2695 novis
1037 2655 1221 2694 nomina.
1283 2653 1407 2701 Quod
1440 2651 1613 2705 quidem
1645 2664 1768 2690 nemo
1801 2650 1960 2690 medio-

195 2714 315 2753 criter
345 2715 491 2755 doctus
524 2716 740 2756 mirabitur
771 2717 958 2770 cogitans
991 2718 1033 2757 in
1065 2717 1177 2757 omni
1210 2722 1319 2762 arte,
1351 2715 1471 2754 cuius
1502 2727 1602 2753 usus
1632 2713 1816 2766 vulgaris
1848 2723 2009 2753 com-25

195 2777 414 2830 munisque
444 2791 530 2818 non
561 2779 634 2827 sit,
673 2779 845 2820 multam
876 2781 1102 2820 novitatem
1133 2778 1350 2818 nominum
1383 2789 1495 2823 esse,
1527 2789 1622 2816 cum
1653 2775 1960 2815 constituantur

281 2957 312 2988 4.
335 2957 407 2997 ipsa
434 2961 656 2998 prosequatur
679 2959 704 2990 E
732 2977 767 2981 -
799 2962 867 2990 tam
891 2968 962 2990 om.
989 2959 1012 2989 B
1041 2976 1076 2980 —
1111 2958 1141 2989 3.
1168 2955 1307 2996 Etenim]
1340 2954 1426 2986 enim
1449 2954 1473 2985 B
1506 2971 1541 2976 —
1576 2954 1603 2985 si
1625 2953 1740 2985 virtuti
1764 2953 1886 2985 diutius
1907 2961 1963 2984 re-

191 3007 322 3048 puynet]
344 3009 427 3048 fiunt
450 3008 511 3038 tuti
534 3007 661 3038 diucius
684 3012 712 3040 te
732 3013 856 3048 pufflzet
873 3012 900 3040 A
918 3025 953 3029 —
980 3007 1010 3039 4.
1029 3008 1180 3047 eorporis
1197 3010 1221 3038 A
1238 3007 1260 3036 B
1279 3007 1303 3036 Ι)
1319 3014 1324 3034 ;
1352 3005 1500 3044 corporis
1523 3007 1552 3035 et
1568 3005 1754 3035 titillantem
1770 3002 1825 3034 alii
1843 3002 1960 3041 codd.;

194 3058 341 3096 corporis
363 3060 392 3089 et
415 3057 633 3088 titillationem
656 3058 681 3088 O
708 3075 742 3080 -—
777 3059 807 3088 6,
835 3057 975 3097 quidem]
1003 3058 1071 3095 quit
1094 3058 1137 3093 133
1165 3056 1269 3094 inquit
1294 3054 1317 3085 Ε
1345 3071 1380 3076 -
1415 3054 1532 3094 tenere]
1554 3058 1664 3093 petere
1687 3055 1771 3091 AB;
1798 3054 1910 3085 cedere
1935 3055 1961 3084 G

199 3122 234 3126 —-
260 3105 290 3136 9.
309 3107 432 3145 eadem]
451 3115 491 3138 ea
512 3106 536 3136 B
556 3107 635 3143 (non
652 3107 686 3146 E)
708 3125 741 3130 —
771 3109 822 3138 41.
845 3107 1003 3146 probetur
1027 3108 1097 3137 tres
1123 3105 1282 3143 Madxigii
1307 3103 1468 3135 codices:
1493 3104 1651 3142 probetur
1672 3107 1709 3134 ut
1732 3106 1758 3135 A
1775 3104 1798 3135 Β
1814 3103 1858 3140 Ο;
1881 3113 1964 3143 pro—

199 3152 289 3184 betur
313 3156 369 3196 [ut]
395 3157 427 3187 M
461 3173 495 3178 -
527 3157 640 3195 potest]
664 3160 768 3196 posset
794 3159 817 3187 Α
834 3157 877 3187 E:
908 3157 1008 3195 possit
1032 3157 1055 3187 B
1085 3173 1119 3177 —-
1152 3155 1199 3186 Η,
1226 3153 1398 3194 contentio]
1424 3154 1562 3185 intencio
1589 3157 1667 3194 (non
1693 3154 1849 3191 inuentio)
1876 3154 1898 3184 E
1926 3170 1962 3176 —

201 3203 266 3240 Que
290 3212 367 3235 uero
391 3205 428 3236 de
446 3205 471 3237 B
500 3222 535 3228 —
565 3207 616 3238 48.
642 3206 688 3247 ut]
714 3210 743 3238 et
766 3207 789 3237 B
819 3222 852 3227 -
880 3206 1079 3236 commouet-i
1108 3205 1169 3236 BE
1198 3221 1231 3226 —-
1260 3204 1312 3234 20.
1338 3212 1484 3234 sermone
1507 3213 1564 3235 nec
1589 3205 1767 3243 quicquam
1795 3203 1859 3234 AB
1875 3202 1899 3234 Ε
1929 3219 1962 3224 -

200 3251 252 3283 ⁶23.
274 3255 450 3298 parienda]
472 3256 668 3297 pariendaq'
691 3259 717 3288 Α
745 3273 779 3279 -
806 3254 860 3287 24.
885 3255 981 3287 rebus
1003 3255 1098 3286 nouis
1121 3254 1202 3286 AB:
1234 3254 1325 3284 novis
1347 3252 1442 3285 rebus
1465 3253 1502 3284 O.
