2249 3624
331 225 439 269 4046
1067 236 1353 283 CICERONIS

329 336 381 372 Ne
407 339 574 383 squalore
601 351 695 386 seqcs
721 342 826 377 vanis
854 343 976 379 eludat
1007 346 1130 380 avenis

329 398 414 445 Spes
443 403 598 437 tumidas
625 405 786 440 domini:
817 407 877 440 sed
903 406 966 441 ubi
993 409 1216 453 conspexerit
1241 409 1346 454 illas,

330 460 494 498 Gaudeat
522 466 657 510 upilio,
688 468 720 501 si
747 468 890 512 quidem
918 473 999 504 tunc
1026 469 1116 505 lacte
1146 473 1279 506 recenti

326 524 527 570 Implebunt
554 529 705 563 multum
731 531 856 565 niveae
884 531 1092 566 mulctralia
1124 543 1265 570 vaccae.

327 587 406 629 Sic,
438 591 705 626 miserandum!
735 593 829 627 alios
857 594 986 629 alienis
1014 596 1132 631 vivere
1163 597 1306 633 damnis

324 651 397 687 Nos
424 653 564 688 voluere
589 655 643 689 dii
669 659 700 690 et
725 666 862 700 semper
887 658 1076 692 contraria
1103 663 1208 699 υοια,

327 713 488 750 Fundere
515 721 545 750 et
572 718 712 762 exiquis
738 728 853 752 vanas
879 730 956 763 spes
980 731 1127 764 pascere
1161 722 1287 768 siqnis.

428 777 600 813 Venturas
628 780 758 814 hiemes
785 782 923 825 pecoris
950 783 1106 818 didicere
1132 786 1313 831 maqistri,

326 837 409 874 Cum
438 841 578 885 depulsi
605 843 725 876 ovium
751 848 949 887 properant
976 845 1024 878 ad
1052 846 1192 890 pabula
1226 849 1338 893 setus,

324 902 563 949 Laniqerique
589 906 691 940 duces
716 907 856 950 pecoris
883 918 963 942 cum
989 909 1144 952 sortibus
1173 913 1278 957 aqnis

322 964 448 1001 Innioei
474 969 613 1013 qemino
641 967 768 1002 ludunt
793 980 857 1013 per
888 971 1045 1015 compita
1081 983 1193 1008 cornu

321 1028 557 1074 Hirsutosque
584 1031 686 1075 pedes
714 1031 825 1065 multo
854 1042 933 1066 cum
958 1033 1104 1077 pulvere
1136 1036 1296 1081 iactant,

323 1089 508 1137 Corniqeri
536 1093 636 1127 binos
664 1093 846 1134 ductores,
879 1099 1050 1139 quattuor
1077 1099 1186 1143 aqni:

321 1153 389 1189 Aut
417 1155 479 1189 ubi
506 1156 580 1189 iam
607 1166 684 1190 sero
711 1158 882 1200 processit
915 1157 1041 1203 Vesper
1070 1157 1242 1206 Olympo,

318 1216 429 1252 Inviti
452 1219 633 1253 stabulum
658 1224 818 1264 repetunt
845 1225 950 1266 atque
977 1222 1084 1257 obvia
1117 1230 1271 1269 carpunt

320 1279 499 1316 Gramina
527 1292 589 1316 nee
615 1283 741 1316 missos
768 1288 896 1318 curant
924 1285 962 1318 in
990 1289 1091 1331 terya
1124 1287 1282 1332 lapillos.

319 1342 431 1388 Saepe
458 1345 566 1378 etiam
592 1345 784 1380 instantem
811 1348 981 1382 minitari
1008 1349 1092 1384 dira
1121 1351 1319 1395 procellam

317 1407 508 1442 Ruricolae
535 1408 683 1443 docuere
711 1409 835 1453 boves,
866 1421 945 1445 cum
974 1411 1107 1457 linyere
1135 1417 1272 1450 tentant

317 1469 522 1505 Posteriora
547 1472 676 1516 pedum
702 1472 841 1517 qlabris
867 1475 1020 1519 vestiqia
1052 1476 1206 1522 linquis,

317 1531 386 1567 Aut
413 1533 577 1568 dextrum
603 1535 642 1568 in
669 1535 809 1570 stabulo
834 1541 972 1580 ponunt
1000 1537 1117 1574 tatus.-
1148 1539 1243 1575 hisce
1270 1542 1455 1587 maqistris

317 1593 439 1630 Stivae
465 1606 552 1640 opus
579 1598 757 1642 inceptum
785 1598 902 1642 differt
929 1599 1122 1645 lonqaevus
1150 1607 1292 1639 arator.

316 1656 429 1703 Saepe
455 1660 563 1693 etiam
589 1660 735 1694 insolito
762 1661 902 1706 ‘muqitu
927 1672 1065 1706 pascua
1092 1665 1287 1710 complent,

317 1719 402 1755 Cum
428 1722 573 1756 stabula
599 1727 630 1757 et
655 1727 758 1757 notos
785 1729 947 1768 repetunt
975 1731 1141 1762 armenta
1170 1734 1333 1773 penates,

315 1784 536 1830 Floridaque
563 1786 698 1821 invitae
725 1786 921 1832 linquentes
948 1794 1059 1833 prata
1087 1791 1256 1827 iuvencae

313 1846 402 1882 Ante
428 1849 524 1891 seras
552 1850 699 1893 cupiunt
726 1854 879 1885 ventrem
906 1856 1089 1887 saturasse
1113 1855 1310 1899 procellas:

312 1909 383 1946 Nec
411 1911 496 1946 levis
522 1911 636 1947 iliceis
663 1913 815 1948 nimium
842 1925 955 1959 capra
983 1917 1103 1951 dedita
1135 1920 1251 1954 ramis

313 1971 412 2009 Sada
440 1979 578 2015 monet,
611 1975 722 2009 multo
748 1986 810 2011 nec
837 1978 1058 2022 circumfusa
1086 1980 1159 2014 luto
1186 1992 1256 2016 sus.

311 2035 352 2072 Si
379 2048 494 2072 secum
522 2038 560 2071 in
590 2039 727 2082 campis
763 2039 874 2074 ululet
900 2041 1064 2087 solusque
1091 2049 1248 2088 pererret

309 2099 408 2134 Arva
436 2101 558 2145 iqnota
588 2100 690 2145 lupus
709 2127 717 2141 ‚
752 2112 854 2146 quem
882 2103 967 2139 dira
993 2107 1106 2151 coe'qit
1135 2112 1287 2152 eqestas,

306 2162 388 2198 Non
415 2165 530 2198 vitare
550 2164 729 2205 homines,
759 2168 979 2212 propiusque
1011 2170 1174 2204 accedere
1209 2173 1325 2206 suasit

306 2224 470 2261 Mendico
494 2227 649 2260 similem
676 2231 706 2261 et
735 2228 883 2273 diqnam
910 2232 1119 2275 conquirere
1147 2235 1324 2278 praedam
1341 2262 1350 2275 ‚

309 2288 446 2323 Tertius
477 2290 661 2334 aequoreis
689 2300 768 2324 cum
797 2297 915 2337 surqet
943 2291 1089 2337 Lucifer
1118 2297 1245 2337 undis,

304 2350 469 2386 Horrida
497 2357 681 2397 tempestas
706 2354 839 2388 instat.-
875 2357 926 2390 sic
956 2362 1071 2392 cetera
1102 2364 1230 2394 cuncta

309 2414 475 2459 Ventique
498 2415 713 2460 pluviaeque
739 2422 770 2451 et
797 2429 925 2454 saevae
948 2421 1053 2466 siqna
1078 2423 1258 2467 procellae

303 2476 388 2521 Ipsa
419 2489 607 2523 sequensve
634 2480 708 2514 dies
737 2485 800 2515 aut
825 2483 931 2517 tertia
961 2485 1099 2529 perficit
1132 2485 1215 2520 Eos.

305 2538 401 2582 Quin
426 2542 535 2575 etiam
561 2553 714 2586 parvo-3,
745 2544 908 2588 despecta
932 2547 1112 2582 animalia
1128 2575 1137 2588 ,
1175 2560 1292 2584 mures

304 2601 527 2645 Confremere
554 2609 585 2639 et
612 2605 724 2639 laetas
759 2607 853 2640 visos
880 2608 1027 2644 ductare
1054 2611 1200 2646 choreas

305 2663 431 2699 Usibus
459 2667 573 2701 edocti
596 2677 668 2701 non
695 2673 932 2714 contempsere
956 2672 1099 2715 priores

302 2725 550 2773 Sollicitosque
577 2741 701 2764 canes.-
730 2732 871 2776 qemino
896 2734 983 2777 pede
1011 2745 1097 2769 nam
1123 2737 1201 2771 sola
1228 2743 1345 2774 terrae

298 2788 393 2824 Dum
421 2792 520 2825 canis
550 2793 712 2835 infestat,
744 2804 872 2828 saevas
899 2798 1134 2839 praenuntiat
1160 2810 1284 2836 auras,

302 2851 397 2887 Tunc
423 2854 531 2888 ctiam
559 2857 742 2900 aequoreis
769 2860 929 2904 eoesurqit
957 2871 1084 2895 cancer
1111 2862 1155 2896 ab
1187 2865 1310 2909 undis,

298 2913 402 2949 Solus
425 2921 456 2950 et
484 2917 522 2950 in
553 2919 647 2953 sicca
674 2930 791 2955 secum
819 2923 1002 2966 spatiatur
1033 2933 1165 2958 arena:

296 2975 383 3011 Inde
412 2978 534 3013 domus
557 2982 647 3015 socii
668 2992 785 3016 mures
810 2994 826 3017 e
855 2984 1024 3019 mollibus
1052 2986 1169 3021 herbis

298 3038 516 3084 Componunt
541 3045 689 3087 pedibus
713 3045 817 3080 lectos
842 3047 1075 3093 pluviamque
1104 3050 1266 3092 suturam

299 3100 539 3148 Venturasque
572 3106 701 3141 hiemes
731 3110 886 3153 qaudent
914 3110 1052 3145 eludere
1083 3114 1229 3147 somnis.

293 3163 392 3199 Haec
418 3176 459 3200 ne
485 3167 680 3211 despicias:
710 3172 770 3205 sed
799 3172 941 3217 siqnum
973 3173 1117 3218 iunqere
1154 3175 1255 3220 siqno

293 3226 377 3261 Esto
404 3238 557 3263 memor:
587 3232 737 3275 qeminis
763 3244 839 3268 rem
868 3236 1186 3281 praesiqnantibus
1213 3249 1342 3283 unam,

293 3286 377 3334 Spes
403 3290 547 3326 subeat:
577 3294 685 3328 ternis
712 3299 795 3329 rata
826 3297 872 3331 sit
906 3298 1039 3342 fiducia
1071 3299 1196 3344 siqnis.

2013 481 2086 525 370

2011 795 2082 834 375

2009 1108 2080 1147 380

2005 1416 2076 1462 385

1999 1735 2072 1774 390

1995 2048 2067 2088 395

1989 2362 2062 2401 400

1982 2680 2054 2720 405

1975 2993 2049 3032 410

1965 3303 2037 3343 415
