2249 3624
359 149 440 192 312
800 149 1230 192 TUSCULANARUM
1259 151 1697 192 DISPUTATIONUM

358 259 576 300 iracundia
607 259 770 307 dicitur,
802 272 910 312 quae
941 259 992 300 ab
1021 260 1082 300 ira
1105 259 1262 307 differt,
1294 262 1441 312 estque
1463 257 1578 297 aliud
1600 256 1844 298 iracundum
1867 270 1982 305 esse,
2013 258 2128 299 aliud

359 322 530 370 iratum,
560 326 608 362 ut
638 321 779 361 differt
807 322 997 362 anxietas
1030 322 1080 362 ab
1111 334 1290 374 angore3
1323 332 1460 373 neque
1492 318 1604 358 enim
1625 332 1768 359 omnes
1797 321 1932 368 anxii,
1964 321 2036 374 qui
2056 334 2127 361 an-

358 389 512 437 guntur
541 383 794 437 aliquando,
825 397 922 432 nec,
954 385 1027 438 qui
1058 384 1189 431 anxii,
1222 395 1387 436 semper
1418 385 1639 434 anguntur,
1672 385 1717 420 ut
1746 381 1854 420 inter
1885 382 2126 423 ebrietatem

357 451 400 486 et
436 446 720 486 ebriositatem
760 446 956 494 interest,
995 446 1197 500 aliudque
1238 450 1300 485 est
1340 447 1565 484 amatorem
1609 456 1719 490 esse,
1761 443 1874 483 aliud
1905 449 2125 484 amantem.

324 506 422 548 ⁵28.
453 509 590 561 Atque
619 507 724 547 haec
754 508 930 549 aliorum
960 509 1013 550 ad
1044 508 1147 548 alios
1180 508 1348 547 morbos
1380 504 1619 559 proclivitas
1641 504 1724 545 late
1747 509 1883 558 patet3
1915 519 2010 545 nam
2033 519 2126 559 per-

354 571 458 611 tinet
487 569 539 610 ad
571 583 714 610 omnes
744 571 1099 624 perturbationes:
1130 570 1173 610 in
1204 569 1345 609 multis
1377 567 1503 608 etiam
1525 566 1637 606 vitiis
1659 572 1845 620 apparet,
1877 566 1951 606 sed
1972 580 2126 608 nomen

354 645 421 673 res
451 646 535 673 non
563 632 702 672 habet.
749 633 860 686 Ergo
899 638 939 673 et
978 632 1110 673 invidi
1141 637 1181 672 et
1211 630 1407 671 malevoli
1440 626 1497 683 [et
1526 625 1661 682 lividi]
1696 633 1737 669 et
1766 627 1901 669 timidi
1932 633 1972 669 et
2002 629 2126 669 mise-

354 694 559 743 ricordes,
590 694 688 748 quia
718 696 925 748 proclives
956 695 1008 735 ad
1031 708 1100 735 eas
1124 693 1478 748 perturbationes,
1511 704 1596 730 non
1619 691 1717 744 quia
1739 705 1902 746 semper
1924 690 2122 732 ferantur.

354 757 468 797 Haec
506 757 635 810 igitur
672 758 912 811 proclivitas
943 757 994 798 ad
1027 771 1148 797 suum
1181 754 1381 809 quodque
1414 766 1545 807 genus
1577 766 1601 793 a
1631 753 1907 795 similitudine
1939 755 2126 808 corporis

305 830 340 859 io
353 819 586 873 aegrotatio
617 818 799 868 dicatur,
830 819 928 859 dum
960 832 1009 859 ea
1038 818 1306 871 intellegatur
1336 816 1387 856 ad
1410 816 1709 868 aegrotandum
1741 817 1996 870 proclivitas.
2044 816 2127 856 Sed

353 882 456 922 haec
486 880 529 919 in
560 880 679 921 bonis
709 881 855 930 rebus,
895 881 1008 935 quod
1039 881 1109 921 alii
1140 880 1189 920 ad
1223 880 1303 920 alia
1332 879 1444 919 bona
1475 882 1570 917 sunt
1600 877 1808 931 aptiores,
1840 878 2019 919 facilitas
2050 892 2127 918 no-

354 943 548 990 minetur,
578 942 621 982 in
652 944 770 984 malis
802 943 1067 999 proclivitas,
1107 947 1154 983 ut
1184 941 1391 995 significet
1420 939 1675 993 lapsionem,
1707 940 1751 980 in
1782 940 1943 981 neutris
1973 941 2126 982 habeat

354 1019 547 1060 superius
577 1019 745 1046 nomen.

467 1068 580 1107 XIII.
611 1066 678 1108 29.
717 1068 810 1117 Quo
851 1067 976 1108 modo
1016 1072 1154 1108 autem
1190 1067 1232 1106 in
1265 1079 1439 1120 corpore
1473 1070 1535 1106 est
1564 1065 1758 1113 morbus,
1790 1069 1852 1105 est
1882 1065 2127 1118 aegrotatio,

304 1143 341 1173 45
355 1136 418 1172 est
447 1130 614 1178 vitium,
655 1131 713 1171 sic
752 1131 796 1170 in
838 1130 990 1171 animo.
1046 1130 1238 1170 Morbum
1270 1128 1486 1182 appellant
1517 1128 1643 1168 totius
1676 1127 1863 1180 corporis
1895 1127 2128 1181 corruptio-

355 1206 470 1241 nem,
502 1192 833 1246 aegrotationem
864 1192 1054 1233 morbum
1087 1205 1180 1232 cum
1212 1191 1524 1238 imbecillitate,
1556 1190 1722 1237 vitium,
1755 1203 1846 1229 cum
1878 1194 2016 1243 partes
2038 1201 2128 1229 cor-

353 1256 469 1309 poris
492 1255 601 1295 inter
622 1268 666 1295 se
690 1254 907 1303 dissident,
940 1268 991 1295 ex
1015 1268 1100 1308 quo
1123 1254 1305 1307 pravitas
1328 1253 1623 1299 membrorum,
1645 1251 1850 1300 distortio,
1874 1251 2127 1292 deformitas.

354 1317 497 1372 Itaque
527 1317 599 1357 illa
630 1317 735 1365 duo,
767 1317 936 1357 morbus
970 1322 1011 1357 et
1042 1316 1286 1369 aegrotatio,
1318 1330 1370 1355 ex
1400 1315 1527 1355 totius
1551 1314 1800 1355 valetudinis
1823 1314 2009 1368 corporis
2031 1327 2128 1354 con-

354 1381 623 1434 quassatione
655 1386 695 1420 et
724 1380 1037 1434 perturbatione
1070 1379 1318 1432 gignuntur3
1350 1378 1496 1418 vitium
1528 1383 1664 1418 autem
1698 1377 1859 1431 integra
1889 1377 2127 1417 valetudine

303 1443 493 1496 20ipsum
525 1456 578 1482 ex
610 1455 654 1482 se
685 1444 881 1482 cernitur.
931 1441 1013 1481 Sed
1044 1442 1084 1481 in
1116 1440 1256 1481 animo
1290 1445 1448 1481 tantum
1480 1441 1605 1480 modo
1628 1441 1882 1494 cogitatione
1904 1453 2127 1493 possumus

353 1505 544 1546 morbum
575 1504 627 1545 ab
658 1504 945 1557 aegrotatione
977 1504 1213 1556 seiungere.
1261 1503 1475 1543 Vitiositas
1505 1508 1642 1544 autem
1667 1508 1729 1544 est
1758 1503 1924 1543 habitus
1955 1507 2027 1542 aut
2055 1502 2128 1542 ad-

353 1567 478 1608 fectio
509 1568 550 1607 in
583 1572 670 1607 tota
701 1566 785 1607 vita
816 1566 1059 1607 inconstans
1092 1572 1132 1606 et
1162 1580 1185 1606 a
1215 1580 1259 1605 se
1290 1566 1381 1618 ipsa
1411 1565 1677 1606 dissentiens.
1720 1567 1781 1606 Ita
1803 1563 1847 1605 fit
1869 1564 1975 1604 utin
1998 1565 2128 1605 altera

355 1630 622 1684 corruptione
654 1630 901 1683 opinionum
945 1629 1115 1669 morbus
1155 1628 1359 1668 efficiatur
1391 1634 1430 1668 et
1461 1628 1712 1682 aegrotatio,
1752 1628 1793 1667 in
1826 1628 1955 1667 altera
1985 1627 2128 1667 incon-

355 1692 509 1732 stantia
539 1696 580 1732 et
609 1692 897 1745 repugnantia.
940 1692 1032 1732 Non
1064 1691 1174 1731 enim
1207 1704 1329 1730 omne
1360 1690 1504 1731 vitium
1537 1691 1648 1744 paris
1682 1690 1808 1730 habet
1829 1690 2127 1738 dissensiones,

440 1878 471 1911 ⁴.
496 1878 588 1909 aliud
618 1877 848 1908 iracundum-
864 1894 881 1899 -
900 1877 1101 1916 aliquando:
1133 1878 1220 1907 inter
1253 1876 1442 1907 ebrietatem
1458 1894 1475 1898 -
1490 1893 1506 1898 -
1523 1876 1678 1913 inle7·est;
1710 1877 1803 1907 aliud
1833 1880 1879 1907 est
1894 1893 1911 1899 -
1926 1895 1941 1899 -
1960 1881 2128 1908 amantem

350 1929 482 1960 Nonius
507 1937 540 1969 p.
560 1927 633 1960 444.
663 1945 697 1949 -
725 1927 756 1958 3.
782 1928 850 1966 nec]
876 1927 955 1958 haec
980 1927 1043 1958 GR
1070 1944 1104 1948 —
1133 1925 1164 1957 4.
1192 1930 1220 1957 el.
1244 1926 1464 1957 ebriositatem
1481 1934 1550 1957 om.
1572 1927 1596 1957 C
1618 1944 1652 1947 —
1674 1935 1735 1965 que
1760 1935 1829 1959 om.
1849 1928 1887 1958 G¹
1905 1936 1984 1958 eum
2003 1927 2124 1959 Nonio.

353 1996 389 2002 —
416 1978 447 2008 7.
472 1977 622 2009 maliuoli
647 1977 671 2008 C
702 1994 734 1998 —
763 1977 853 2016 «Ego
879 1980 907 2007 et
932 1976 1024 2007 lividi
1048 1978 1145 2007 certe
1171 1976 1269 2007 uncis
1295 1974 1546 2006 includendum
1572 1978 1668 2016 puto.
1705 1977 1860 2007 Primum
1885 1977 1978 2008 enim
2004 1978 2126 2008 Cicero

351 2036 466 2068 neque
498 2027 619 2058 licendi
649 2025 799 2057 verbum
832 2034 945 2065 neque
980 2034 1071 2065 quae
1102 2024 1181 2056 inde
1218 2025 1374 2056 derivata
1407 2027 1486 2056 sunt
1520 2025 1562 2056 de
1594 2026 1719 2056 invidia
1750 2034 1940 2066 usurpasse
1966 2025 2124 2062 videtur;

350 2076 477 2108 deinde
502 2079 532 2108 et
562 2076 653 2107 lividi
683 2076 762 2116 post
785 2078 815 2106 el
846 2076 950 2106 invidi
975 2083 1280 2116 supervacaneum
1307 2076 1377 2111 est,
1405 2074 1558 2115 denique
1584 2076 1674 2106 inter
1698 2076 1801 2106 invidi
1826 2078 1860 2107 et
1884 2076 1977 2107 lividi
2001 2085 2125 2117 parum

349 2125 536 2158 commode
566 2126 811 2166 interpositum
847 2123 878 2155 id
910 2126 980 2156 est.
1019 2125 1114 2165 quod
1147 2124 1301 2164 quodam
1335 2124 1439 2155 modo
1470 2125 1594 2165 prioris
1628 2127 1681 2156 est.
1705 2126 1939 2162 contrarium,
1975 2126 2126 2157 malevoli

347 2191 385 2207 =
409 2176 693 2220 ἑπιχαιρέκακοι
728 2174 781 2211 (cs.
809 2174 849 2214 gg
876 2175 926 2205 46.
955 2175 1006 2205 v⁴7.
1033 2175 1085 2206 ΞΟ.
1114 2175 1177 2212 66).
1215 2176 1301 2207 Usus
1333 2173 1386 2205 illc
1417 2183 1493 2205 voc.
1521 2175 1635 2206 livoris
1665 2184 1728 2215 pro
1761 2175 1888 2206 invidia
1911 2174 1955 2205 ab
1981 2176 2125 2215 Augusti

350 2225 569 2268 temporibus
599 2225 766 2265 frequens
797 2224 869 2255 fuit.
910 2225 956 2255 Ex
982 2224 1237 2264 antiquioribus
1263 2224 1493 2265 scriptoribus
1519 2234 1609 2256 unus
1634 2224 1728 2257 solus
1754 2226 1895 2264 citatur,
1931 2226 1970 2256 D.
1997 2225 2127 2257 Brutus

349 2276 424 2318 (qui
448 2275 513 2307 alia
538 2284 680 2316 quoque
705 2274 813 2306 habet
837 2283 855 2305 a
882 2275 1063 2306 Ciceronis
1089 2283 1153 2306 usu
1185 2273 1307 2313 aliena)
1341 2275 1373 2305 in
1405 2275 1504 2315 epist.
1532 2274 1576 2305 ad
1601 2273 1718 2306 Famil.
1745 2275 1800 2312 XI,
1829 2275 1880 2313 40,
1909 2276 1944 2306 l:
1976 2275 2126 2306 malevo-

348 2328 449 2359 lentia
473 2330 501 2358 el
526 2327 662 2357 livore.»
687 2326 742 2357 W.
770 2342 813 2347 —-
837 2324 867 2355 8.
891 2324 1038 2363 proclive
1063 2323 1219 2364 Bentley.
1252 2342 1279 2346 -
1311 2324 1466 2362 feruntur
1490 2325 1513 2355 C
1531 2325 1574 2356 O.
1602 2324 1812 2355 «indicativo
1837 2325 1941 2356 invidi
1965 2325 2126 2356 homines

347 2385 473 2417 semper
496 2375 541 2407 ad
565 2375 730 2407 invidiam
755 2374 836 2414 ferri
861 2373 946 2405 falso
972 2373 1186 2405 dicerentur.
1226 2374 1275 2405 Cf.
1303 2373 1345 2405 de
1371 2383 1409 2405 re
1435 2375 1615 2406 notissima
1641 2375 1676 2405 T.
1703 2375 1743 2406 D.
1772 2375 1811 2413 II,
1837 2374 1890 2405 56.
1918 2373 1969 2406 64.
1996 2375 2051 2411 ΙΙΙ,
2070 2373 2124 2406 54.

349 2427 420 2458 Fin.
446 2427 470 2464 I,
498 2426 549 2457 32.
576 2426 617 2463 11,
643 2425 662 2456 8
687 2424 808 2465 (magis
831 2432 932 2462 quam
956 2432 1020 2462 quo
1044 2439 1083 2453 z
1108 2422 1223 2454 Famil.
1251 2424 1341 2462 XVI,
1369 2424 1400 2461 6,
1428 2425 1456 2455 vi.
1493 2426 1560 2455 Att.
1587 2424 1672 2462 XIII,
1699 2424 1730 2461 3,
1759 2424 1788 2454 Ι1.
1816 2424 1887 2454 Liv.
1915 2424 1954 2462 II,
1982 2425 2011 2455 l.
2044 2425 2123 2456 Tac.

350 2477 435 2508 Hist.
462 2476 501 2513 II,
529 2475 559 2507 4.
586 2475 640 2513 ΙΙΙ,
667 2474 732 2513 72).
762 2475 853 2505 Fam.
874 2475 897 2511 Ι,
919 2474 949 2511 9,
968 2473 1009 2504 033
1035 2473 1114 2513 (non
1138 2482 1206 2509 eOS,
1233 2474 1353 2512 qui--
1372 2473 1722 2511 arbitrarentur,
1749 2474 1804 2504 sed
1827 2482 1897 2512 eos,
1924 2482 2004 2513 quos
2028 2477 2127 2506 erat

348 2524 540 2566 infinitum.)
565 2524 600 2555 T.
629 2525 668 2556 D.
696 2524 750 2561 III,
778 2523 796 2555 4
821 2523 952 2562 (Utrum
976 2523 1063 2562 quod
1079 2540 1126 2545 ——
1145 2526 1344 2561 noceant,
1371 2532 1415 2553 an
1440 2524 1525 2562 quod
1548 2522 1644 2562 sili),
1671 2531 1822 2563 quorum
1848 2524 2036 2563 utrumque
2062 2523 2080 2563 g
2104 2524 2123 2554 5

349 2576 494 2615 negatur
519 2576 553 2605 et
576 2572 766 2611 refellitur).
795 2572 1004 2603 Indicativus
1029 2573 1126 2603 recte
1152 2581 1189 2603 se
1215 2571 1323 2603 habet
1340 2573 1442 2613 Legg.
1462 2574 1501 2610 ΙΙ,
1521 2573 1555 2604 31
1581 2574 1663 2613 (erat
1680 2573 1773 2604 enim
1791 2573 1926 2612 augur).
1955 2582 1986 2613 p.
2007 2572 2122 2604 Plane.

350 2624 368 2665 g
392 2625 433 2656 78
458 2624 602 2664 (debebat
624 2621 774 2660 multis);
802 2630 869 2652 non
896 2621 980 2652 item
1005 2621 1048 2652 de
1074 2623 1110 2652 R.
1135 2623 1170 2652 P.
1191 2623 1216 2660 I,
1239 2622 1278 2653 30
1304 2621 1525 2663 (quaerebat),
1552 2623 1580 2653 si
1603 2623 1692 2654 haec
1717 2624 1769 2654 est
1793 2622 1977 2659 sententia,
2004 2623 2035 2654 S.
2055 2624 2125 2654 Ae-

349 2673 431 2705 lium
463 2683 542 2704 non
572 2682 611 2705 ea
640 2672 820 2712 quaesisse,
855 2680 944 2711 quae
975 2680 1169 2711 numquam
1194 2672 1382 2710 inveniret,
1419 2672 1478 2703 ubi
1502 2671 1666 2703 fibrarius
1692 2672 1735 2703 ad
1760 2680 1835 2712 seq.
1861 2671 1934 2702 ebat
1957 2671 2124 2703 aberrare

350 2723 478 2763 potuit;
507 2731 589 2754 nam
614 2722 707 2762 quod
734 2720 825 2762 apud
852 2721 1027 2757 Tacitum,
1055 2721 1113 2759 qui
1139 2720 1253 2759 idem,
1280 2722 1316 2751 ut
1342 2720 1396 2753 alii
1422 2722 1672 2759 recentiorum,
1700 2721 1886 2753 modorum
1910 2724 1989 2763 post
2006 2732 2122 2762 quam-

350 2781 452 2813 quam
476 2780 577 2803 usum
603 2771 762 2809 variarit,
791 2771 817 2802 si
844 2770 932 2802 fides
949 2768 1129 2802 codicibus
1150 2770 1312 2802 habenda
1331 2773 1403 2809 est,
1430 2771 1637 2802 indicativus
1654 2770 1707 2801 bis
1724 2769 1847 2810 legitur
1864 2772 1962 2810 (Ann.
1982 2772 2051 2810 XV,
2071 2772 2122 2804 60.

350 2823 435 2854 Hist.
463 2823 517 2861 III,
544 2822 578 2859 4;
606 2831 686 2854 nam
712 2824 799 2854 Ann.
826 2822 914 2860 XIII,
943 2822 953 2852 l
986 2829 1027 2852 ex
1053 2820 1108 2851 ed.
1137 2820 1223 2860 Spir.
1252 2820 1437 2851 irrilaverit
1462 2819 1578 2860 legere
1604 2818 1714 2859 licet),
1741 2819 1823 2851 nihil
1848 2820 1892 2852 ad
1917 2822 2124 2853 Ciceronem

350 2873 512 2914 pertinet.
546 2871 680 2912 Duplex
706 2872 953 2903 coniunctivus
979 2872 1074 2902 recte
1101 2870 1152 2901 est
1176 2869 1283 2900 Acad.
1312 2870 1336 2907 I,
1364 2869 1404 2900 42
1430 2869 1642 2910 (relinqueret
1667 2870 1756 2901 coni.
1783 2869 1889 2910 obliq.
1916 2870 1960 2901 ab
1984 2871 2013 2902 ei
2035 2872 2127 2904 vide-

350 2923 449 2954 batur
471 2921 654 2962 pendens).
694 2922 764 2953 Fin.
792 2922 817 2960 Ι,
844 2920 885 2953 48
910 2922 1144 2961 (consequatur
1169 2919 1258 2950 coni.
1286 2918 1421 2959 ol)liq.).
1450 2920 1541 2951 Fam.
1569 2920 1624 2959 IV,
1651 2920 1682 2959 7,
1711 2921 1745 2951 l:
1773 2928 1842 2951 non
1867 2920 1950 2951 item
1977 2921 2124 2960 Legg.1,

351 2971 385 3004 41
417 2971 487 3011 (ubi
511 2980 575 3012 pro
599 2974 722 3002 metuat.
746 2969 936 3010 legendum
963 2972 1017 3001 est
1039 2969 1181 3006 metuet).
1211 2967 1370 3006 Quinctil.
1398 2969 1468 3006 XII,
1497 2971 1548 3007 Μ,
1570 2970 1609 3000 46
1636 2969 1705 3009 (ubi
1723 2978 1786 3011 pro
1802 2979 1867 3000 non
1884 2973 1924 3003 sil
1941 2970 2021 3002 licet
2037 2971 2126 3002 scri-

350 3022 436 3054 bere
468 3030 532 3052 non
555 3021 658 3059 estl.»
684 3022 737 3052 W.
772 3021 858 3052 Vide
886 3022 992 3052 etiam
1018 3020 1061 3051 ad
1086 3021 1098 3051 Ι
1124 3018 1142 3059 S
1168 3018 1221 3050 8¹.
1252 3035 1284 3041 -
1319 3019 1369 3050 40.
1397 3020 1528 3050 dicatur
1553 3019 1713 3060 Bentley:
1745 3020 1867 3051 dicitur
1891 3021 1934 3051 C.
1968 3020 2056 3051 Vide
2081 3020 2126 3051 ad

351 3072 377 3103 ΙΙ
403 3070 421 3111 ἓ
446 3069 499 3102 47.
530 3089 563 3093 -
592 3070 643 3102 «il.
671 3072 859 3111 aegrotatio
882 3074 913 3102 et
935 3071 1051 3102 vilium
1076 3070 1100 3101 C
1122 3086 1155 3090 —
1184 3068 1236 3099 46.
1265 3067 1471 3100 imbecilitate
1495 3071 1520 3100 G
1539 3087 1573 3091 —
1601 3070 1654 3102 ⁶24.
1676 3079 1777 3110 pares
1800 3070 1893 3103 habel
1915 3071 2126 3102 dissensiones

350 3119 514 3160 Bentley:
538 3121 646 3160 pariis
668 3120 761 3152 habet
785 3121 999 3152 dissentientis
1025 3121 1068 3157 C;
1091 3122 1206 3160 parles
1229 3119 1322 3150 habel
1346 3120 1565 3152 dissentientes
1591 3121 1636 3152 Ο.
1665 3121 1731 3152 «Ex
1755 3121 1852 3160 paris
1876 3128 1956 3152 cum
1981 3121 2126 3162 propter

350 3170 532 3211 superiora
557 3168 611 3200 illa
632 3174 781 3210 parles
804 3171 953 3211 corporis
975 3171 1061 3202 inter
1083 3179 1115 3202 se
1138 3169 1293 3201 dissident
1317 3169 1445 3202 sactum
1465 3172 1557 3202 esset
1573 3171 1692 3210 partis,
1720 3179 1788 3202 non
1807 3171 1947 3209 mirum,
1974 3170 2001 3202 si
2020 3171 2123 3202 etiam

349 3220 561 3252 dissensiones
584 3220 617 3252 in
640 3220 853 3252 dissentientis
877 3222 1051 3253 mutatum
1076 3221 1146 3259 est,
1182 3220 1391 3260 praesertim
1416 3228 1497 3252 cum
1528 3220 1738 3262 praecedat:
1776 3220 1918 3261 adfectio
1935 3236 1983 3243 --
1999 3219 2124 3250 dissen-

349 3271 466 3302 tiens.»
490 3270 546 3302 W.
