2249 3624
250 135 331 176 48⁶2
904 136 974 174 DE
1005 134 1356 175 DIVINATIONE

252 243 437 283 mortalis
470 244 602 295 possit
631 241 843 281 accedere.
890 241 1037 292 Itaque
1068 244 1113 278 ut
1143 239 1225 279 alia
1254 252 1330 278 nos
1362 238 1512 278 melius
1543 237 1673 278 multa
1704 252 1827 292 quam
1860 240 2020 290 Graeci,

253 307 311 346 sic
347 306 446 345 huic
492 304 875 357 praestantissimae
915 303 974 341 rei
1013 315 1166 340 nomen
1206 301 1337 340 nostri
1378 314 1401 340 a
1440 300 1571 348 divis,
1614 302 1776 350 Graeci,
1820 308 1866 343 ut
1905 304 2022 344 Plato

251 369 568 421 interpretatur,
609 380 632 406 a
670 366 810 405 furore
847 365 1073 403 duxerunt.
1133 361 1171 402 2.
1203 363 1379 402 Gentem
1411 363 1579 416 quidem
1613 364 1768 404 nullam
1801 365 1922 406 video
1953 380 2024 406 ne-

254 445 334 483 que
366 437 446 470 tam
480 431 705 468 humanam
736 433 859 479 atque
892 426 1068 472 doctam,
1100 439 1237 478 neque
1260 430 1343 464 tam
1366 427 1577 465 inmanem
1601 431 1768 479 tamque
1790 428 2025 476 barbaram,

223 505 361 545 &quae
404 506 483 531 non
522 488 746 543 significari
782 489 922 528 futura
959 493 1000 527 et
1035 501 1058 527 a
1099 486 1347 540 quibusdam
1377 488 1564 541 intellegi
1597 489 1872 543 praedicique
1903 503 2026 543 posse

253 560 432 594 censeat.
477 553 689 604 Principio
721 551 902 604 Assyrii,
932 555 978 589 ut
1008 550 1058 589 ab
1090 550 1259 590 ultumis
1291 551 1581 591 auctoritatem
1612 557 1821 605 repetam,
1855 557 2028 605 propter

253 616 469 669 planitiam
501 613 917 666 magnitudinemque
948 612 1186 664 regionum,
1219 627 1323 667 quas
1353 615 1616 662 incolebant,
1657 628 1749 654 cum
1783 615 1943 654 caelum
1976 628 2028 654 ex

254 678 367 718 omni
412 683 528 730 parte
570 681 716 728 patens
757 681 883 728 atque
931 679 1122 726 apertum
1164 676 1444 724 intuerentur,
1488 677 1758 716 traiectiones
1802 682 2027 730 motusque

253 741 466 780 stellarum
498 738 877 783 observitaverunt,
911 737 1063 790 quibus
1084 738 1264 785 notatis,
1295 739 1395 791 quid
1419 739 1570 792 cuique
1592 739 1908 792 significaretur,
1942 753 2028 778 me-

203 816 239 844 to
254 804 409 843 moriae
431 801 725 855 prodiderunt.
774 800 867 847 Qua
889 799 932 838 in
953 800 1124 839 natione
1149 800 1360 849 Chaldaei,
1393 815 1478 840 non
1501 815 1554 841 ex
1576 802 1691 848 artis,
1724 802 1796 841 sed
1818 816 1870 841 ex
1893 803 2028 854 gentis

253 863 455 905 vocabulo
497 863 721 910 nominati,
764 861 959 902 diuturna
1006 862 1298 903 observatione
1344 864 1527 904 siderum
1575 864 1791 904 scientiam
1832 870 2030 917 putantur

255 928 461 973 effecisse,
496 931 542 965 ut
572 925 752 979 praedici
783 930 925 978 posset
955 924 1056 976 quid
1088 926 1241 978 cuique
1273 932 1520 966 eventurum
1554 932 1594 966 et
1624 940 1706 978 quo
1731 927 1912 980 quisque
1942 927 2028 967 fato

254 995 374 1030 natus
413 993 536 1028 esset.
591 988 778 1027 Eandem
814 993 946 1027 artem
978 987 1103 1026 etiam
1134 989 1327 1043 Aegyptii
1358 988 1668 1042 longinquitate
1699 993 1936 1042 temporum
1967 990 2031 1029 in-

252 1051 585 1092 numerabilibus
616 1064 749 1104 paene
781 1050 957 1090 saeculis
990 1051 1204 1090 consecuti
1236 1057 1446 1103 putantur.
1499 1051 1676 1091 Cilicum
1698 1058 1837 1092 autem
1862 1058 1902 1092 et
1928 1053 2033 1092 Pisi-

202 1128 237 1155 r15
253 1115 399 1155 darum
438 1127 539 1166 gens
579 1119 620 1153 et
659 1113 722 1153 his
763 1111 950 1153 finituma
988 1113 1254 1166 Pamphylia,
1297 1114 1450 1167 quibus
1477 1114 1735 1154 nationibus
1775 1115 2031 1168 praefuimus

252 1178 354 1231 ipsi,
395 1177 602 1217 volatibus
642 1176 784 1216 avium
823 1178 1119 1229 cantibusque,
1159 1182 1201 1214 uc
1241 1176 1483 1216 certissimis
1525 1177 1675 1230 signis,
1722 1176 1924 1219 declarari
1964 1191 2031 1218 res

252 1241 415 1280 futuras
451 1244 615 1292 putant.
674 1236 712 1278 3.
747 1239 882 1287 Quam
913 1253 1011 1279 vero
1045 1238 1220 1278 Graecia
1251 1239 1458 1278 coloniam
1490 1240 1602 1279 misit
1641 1240 1684 1278 in
1714 1239 1926 1287 Aeoliam,
1967 1240 2033 1279 Io-

252 1303 386 1349 niam,
418 1301 577 1350 Asiam,
611 1301 813 1349 Siciliam,
846 1302 1006 1342 Italiam
1040 1303 1129 1341 sine
1162 1301 1309 1354 Pythio
1341 1307 1410 1341 aut
1440 1301 1670 1341 Dodonaeo
1694 1307 1764 1341 aut
1785 1302 2032 1342 Hammonis

254 1365 454 1405 oraculo?
487 1371 558 1403 aut
589 1364 702 1416 quod
732 1364 888 1404 bellum
921 1370 1161 1417 susceptum
1192 1364 1242 1402 ab
1275 1377 1322 1404 ea
1354 1365 1444 1404 sine
1476 1366 1653 1405 consilio
1687 1364 1860 1405 deorum
1893 1368 1988 1406 est?

204 1440 240 1470 20
367 1428 417 1466 ΙΙ.
449 1429 534 1466 Nec
565 1441 691 1467 unum
725 1440 856 1479 genus
888 1433 950 1468 est
971 1427 1242 1467 divinationis
1276 1428 1440 1480 publice
1463 1429 1743 1481 privatimque
1765 1428 2032 1467 celebratum.

255 1493 380 1538 Nam,
410 1496 455 1530 ut
486 1491 673 1530 omittam
705 1495 865 1530 ceteros
897 1490 1098 1543 populos,
1129 1495 1271 1529 noster
1303 1504 1429 1544 quam
1460 1491 1589 1530 multa
1621 1503 1773 1544 genera
1802 1490 2031 1542 conplexus

256 1554 347 1595 est!
400 1553 608 1606 Principio
641 1553 765 1592 huius
796 1553 911 1592 urbis
943 1566 1093 1606 parens
1124 1552 1324 1592 Romulus
1356 1567 1441 1593 non
1473 1554 1610 1593 solum
1641 1554 1856 1606 auspicato
1887 1553 2031 1592 urbem

257 1617 514 1663 condidisse,
547 1615 619 1655 sed
652 1615 741 1668 ipse
772 1616 897 1655 etiam
922 1622 1119 1669 optumus
1150 1628 1283 1668 augur
1316 1615 1443 1655 fuisse
1476 1617 1665 1655 traditur.
1710 1615 1873 1655 Deinde
1904 1629 2033 1669 augu-

256 1682 370 1720 ribus
403 1685 443 1719 et
472 1679 626 1731 reliqui
656 1691 778 1729 reges
810 1678 895 1725 usi,
929 1684 968 1717 et
999 1679 1157 1717 exactis
1188 1678 1356 1731 regibus
1387 1678 1491 1717 nihil
1525 1679 1693 1731 publice
1716 1679 1806 1718 sine
1834 1678 2033 1731 auspiciis

207 1752 243 1782 -25
258 1757 334 1784 nec
367 1742 477 1782 domi
518 1755 595 1780 nec
635 1741 810 1780 militiae
841 1741 1077 1792 gerebatur.
1129 1741 1317 1793 Cumque
1349 1754 1498 1793 magna
1529 1741 1590 1780 vis
1624 1741 1839 1780 videretur
1868 1753 1960 1780 esse
1993 1744 2035 1779 et

257 1804 531 1860 inpetriendis
570 1803 925 1856 consulendisque
966 1803 1089 1842 rebus
1128 1807 1168 1842 et
1206 1803 1402 1843 monstris
1443 1804 1767 1856 interpretandis
1798 1816 1845 1843 ac
1882 1817 2035 1856 procu-

258 1869 399 1910 randis
439 1868 481 1906 in
521 1866 791 1919 haruspicum
822 1866 1061 1918 disciplina,
1095 1879 1262 1905 omnem
1294 1866 1400 1905 hanc
1433 1880 1485 1905 ex
1515 1866 1681 1905 Etruria
1712 1866 1929 1906 scientiam
1962 1865 2035 1905 ad-

258 1932 476 1977 hibebant,
511 1943 560 1969 ne
594 1942 724 1982 genus
757 1934 865 1968 esset
897 1929 1027 1968 ullum
1059 1928 1330 1968 divinationis
1352 1929 1464 1982 quod
1498 1929 1733 1981 neglectum
1766 1929 1816 1968 ab
1849 1929 1898 1969 iis
1921 1928 2034 1968 vide-

260 2001 386 2035 retur.
433 1991 470 2032 4.
502 1993 555 2031 Et
586 2005 677 2031 cum
710 1990 872 2030 duobus
904 1991 1038 2031 modis
1070 1991 1198 2030 animi
1232 1991 1321 2030 sine
1354 1992 1515 2031 ratione
1550 1997 1591 2031 et
1617 1992 1793 2031 scientia
1815 1997 1931 2031 motu
1954 1992 2034 2045 ipsi

210 2071 247 2101 30
263 2072 337 2099 suo
370 2056 506 2096 soluto
540 2059 579 2094 et
610 2054 740 2093 libero
774 2054 1065 2101 incitarentur,
1098 2067 1182 2093 uno
1213 2053 1397 2095 furente.
1431 2055 1561 2094 altero
1595 2055 1848 2102 somniante,
1880 2053 2034 2094 furoris

263 2119 564 2160 divinationem
599 2116 812 2170 Sibyllinis
846 2117 1026 2156 maxime
1052 2117 1241 2157 versibus
1275 2117 1480 2157 contineri
1513 2117 1698 2157 arbitrati
1721 2130 1865 2157 eorum
1889 2117 2034 2156 decem

263 2184 508 2235 interpretes
540 2180 725 2219 delectos
758 2193 779 2219 e
803 2180 968 2218 civitate
1001 2193 1093 2219 esse
1125 2179 1359 2219 voluerunt.
1410 2182 1473 2219 Ex
1506 2194 1590 2233 quo
1622 2193 1776 2234 genere
1808 2192 1932 2232 saepe
1961 2178 2035 2218 ha-

261 2245 465 2284 riolorum
507 2244 629 2282 etiam
671 2248 712 2282 et
750 2248 889 2282 vatum
930 2240 1176 2281 furibundas
1212 2243 1542 2294 praedictiones,
1583 2249 1631 2283 ut
1661 2243 1892 2283 Octaviano
1923 2241 2034 2281 bello

265 2308 431 2348 Corneli
473 2306 672 2353 Culleoli,
711 2306 940 2345 audiendas
982 2310 1246 2358 putaverunt.
1302 2307 1387 2345 Nec
1426 2320 1525 2346 vero
1564 2306 1725 2346 somnia
1756 2304 1962 2357 graviora,
2001 2303 2035 2343 si

213 2385 250 2413 :35
265 2384 372 2424 quae
393 2370 443 2410 ad
466 2384 552 2409 rem
575 2369 785 2422 publicam
808 2369 1016 2421 pertinere
1039 2368 1126 2408 visa
1149 2373 1257 2415 sunt,
1280 2381 1303 2407 a
1325 2383 1487 2409 summo
1512 2369 1689 2409 consilio
1711 2368 1902 2421 neglecta
1924 2371 2034 2406 sunt.

354 2517 384 2548 4.
409 2516 544 2546 mortali
569 2516 613 2553 C,
640 2514 703 2546 sed
728 2516 761 2546 in
786 2517 812 2546 A
837 2515 848 2545 i
871 2524 949 2555 sup.
969 2515 1028 2547 lin.
1051 2533 1084 2538 —
1112 2517 1141 2546 2.
1159 2515 1440 2555 praestantissime
1455 2516 1482 2546 A
1493 2515 1539 2552 H,
1560 2522 1647 2554 quas
1666 2511 1826 2552 vulgares
1842 2511 2037 2545 litterarum

266 2574 305 2597 ae
329 2567 362 2597 et
386 2575 401 2597 e
426 2566 704 2606 permutationes
730 2566 877 2605 posthac
903 2575 972 2597 non
998 2566 1241 2597 exscribeinus
1266 2566 1329 2596 nisi
1353 2564 1438 2595 locis
1465 2562 1745 2596 notabiliorilmS.
1780 2579 1816 2584 -
1850 2561 1880 2593 4.
1907 2566 2039 2603 tamque

268 2615 310 2647 C:
338 2619 436 2655 alque
461 2615 538 2645 cod.
560 2614 704 2647 Eliensis
731 2616 858 2646 Davisii
884 2618 917 2646 et
941 2617 965 2646 Ο
996 2634 1026 2638 —-
1056 2617 1085 2647 ὅ.
1113 2619 1143 2647 ct
1166 2617 1199 2646 in
1225 2615 1420 2654 quibusdam
1446 2615 1471 2644 ll
1501 2632 1533 2635 —
1562 2613 1592 2643 6.
1620 2612 1731 2643 assirii
1755 2612 1781 2642 A
1810 2629 1843 2634 -
1871 2613 1901 2644 7.
1923 2614 2039 2653 plani-

266 2666 341 2696 tiem
365 2666 432 2696 ΗΟ
459 2682 493 2686 ——
528 2674 570 2696 er
594 2674 663 2696 om.
691 2666 718 2696 H
748 2683 777 2688 -
816 2666 846 2697 8.
874 2666 1044 2696 intuentur
1069 2666 1106 2696 Η1
1137 2684 1168 2687 -
1202 2666 1472 2703 traiectionesque
1494 2666 1666 2701 motusque
1689 2665 1727 2693 si.
1754 2662 2040 2696 obseruitauerant

268 2715 295 2745 H
315 2731 348 2735 —
377 2716 407 2746 9.
426 2716 543 2754 cuique
561 2716 608 2746 C:
635 2724 763 2754 quoque
787 2724 867 2746 cum
894 2716 1096 2755 Hottingero
1122 2717 1166 2753 O,
1194 2716 1236 2746 cf.
1257 2714 1382 2746 Manilii
1408 2716 1497 2745 Astr.
1518 2715 1530 2744 l
1555 2723 1587 2744 v.
1607 2715 1642 2745 51
1666 2724 1742 2755 sqq.
1767 2729 1801 2735 -—
1828 2716 1991 2745 memoria
2013 2716 2037 2746 B

267 2782 309 2786 —
335 2765 385 2795 40.
412 2774 490 2805 qens
515 2763 605 2796 ss1-
633 2766 684 2796 llt.
712 2766 878 2796 nominari
910 2766 936 2796 ΙΙ
971 2783 1005 2787 -
1037 2767 1191 2804 syderum
1217 2767 1243 2797 H
1277 2783 1311 2787 —
1348 2766 1397 2796 42.
1425 2765 1558 2804 efficisse
1582 2764 1604 2794 B
1642 2783 1674 2787 —
1710 2766 1762 2798 43.
1789 2765 1921 2805 aeqypto·
1946 2765 1973 2796 H
1999 2780 2035 2786 —-

269 2814 319 2846 44.
347 2815 511 2846 Caelicum
537 2817 562 2847 H
591 2834 624 2838 —
648 2817 824 2857 fisidarum
850 2817 890 2854 Β,
917 2818 954 2847 ut
978 2826 1084 2858 saepe
1110 2817 1213 2847 codd.
1244 2834 1277 2838 —
1313 2817 1362 2847 45.
1387 2815 1570 2854 pamphilia
1593 2816 1619 2845 A
1638 2815 1665 2846 H
1692 2833 1726 2839 —
1760 2817 1811 2847 46.
1838 2819 1868 2846 et
1890 2813 2041 2845 cantibus

268 2864 317 2901 H,
351 2864 414 2894 sed
438 2868 468 2895 et
492 2874 537 2896 m.
564 2874 635 2896 rec.
664 2866 744 2897 add.
773 2883 808 2887 —
847 2869 881 2896 ut
906 2866 1039 2897 addidit
1065 2866 1271 2903 Lambinus,
1303 2869 1334 2896 ct
1357 2865 1438 2895 add.
1468 2865 1507 2894 VJ
1531 2881 1566 2886 —
1607 2865 1657 2896 ⁴7.
1684 2866 1831 2898 Aeoliam
1854 2863 2038 2896 Turnebus

269 2913 425 2953 (Advers.
444 2915 483 2951 V,
506 2915 578 2950 20);
606 2916 762 2946 aetoliam
786 2916 810 2947 C
840 2933 874 2936 —
909 2916 960 2946 48.
984 2917 1117 2955 phythio
1142 2918 1164 2947 A
1195 2934 1229 2938 —
1262 2916 1423 2947 ammonis
1446 2915 1469 2945 B
1485 2915 1511 2945 V
1539 2932 1574 2937 -—
1608 2917 1658 2947 ⁴9.
1686 2920 1720 2947 at
1744 2916 1830 2956 quod
1853 2915 1893 2946 A¹
1921 2933 1954 2937 —
1981 2915 2035 2946 ⁶22.

266 2964 411 2994 romulos
426 2966 476 3003 Αἱ,
504 2966 646 2996 romolus
672 2967 697 2997 Η
726 2983 760 2988 -
788 2966 839 2996 23.
866 2965 1014 2997 obsumus
1038 2969 1064 2997 A
1092 2985 1125 2988 -
1155 2966 1206 2998 24.
1233 2970 1262 2998 et
1286 2975 1361 3007 sup.
1389 2965 1446 2997 lin.
1473 2965 1498 2996 B
1527 2983 1562 2989 -—
1588 2966 1640 2997 ¹25.
1667 2967 1810 2998 miliciae
1824 2966 1852 2996 A
1872 2982 1906 2986 —-
1933 2967 1962 2995 et
1987 2964 2034 2995 C:

267 3017 297 3043 et
318 3016 351 3044 in
381 3014 455 3043 ΨΟ
482 3031 516 3035 -
551 3015 603 3045 26.
629 3016 842 3054 inpetriendis
866 3016 1038 3046 Manutius
1073 3016 1157 3055 (cf.l
1183 3017 1270 3055 5²28.
1299 3017 1326 3046 11
1352 3015 1462 3055 §35):
1497 3016 1701 3055 impetrandis
1726 3017 1822 3056 (imp.
1842 3014 1921 3052 HV)
1948 3013 1972 3044 C
2000 3029 2035 3034 —

269 3066 297 3093 et.
320 3063 474 3093 monstris
504 3064 684 3095 Davisius:
724 3068 753 3095 et
776 3066 806 3095 in
834 3067 986 3096 monstris
1011 3066 1074 3096 ‹20
1116 3084 1147 3088 —-
1186 3066 1460 3105 procurandissin
1484 3074 1596 3105 arusp.
1624 3066 1682 3105 W,
1718 3063 1942 3105 procurandis
1971 3062 2040 3092 sine

269 3120 379 3151 arusp.
406 3112 447 3141 V·—'
472 3129 506 3133 —
535 3113 585 3143 27.
612 3114 645 3143 in
671 3114 715 3144 C:
743 3123 784 3144 ex
809 3116 898 3145 coni.
920 3115 1074 3153 Ernesti,
1101 3114 1290 3148 delendum
1317 3125 1395 3148 esse
1420 3117 1453 3147 in
1479 3118 1614 3148 censuit
1639 3118 1766 3148 Moser.
1789 3133 1823 3138 —
1849 3113 2040 3153 aruspicum

269 3161 337 3192 ΑΗ
354 3161 377 3189 V
407 3178 437 3183 —
474 3169 516 3191 ea:
540 3171 609 3194 oni.
637 3163 663 3194 H
692 3180 725 3185 —-
756 3164 806 3195 28.
832 3164 925 3195 illam
948 3166 974 3196 A
996 3182 1030 3187 -—
1055 3165 1104 3195 his
1127 3163 1204 3196 [3¹11
1227 3184 1258 3187 -
1286 3165 1338 3196 30.
1365 3174 1422 3196 suo
1447 3169 1476 3196 et
1498 3166 1602 3197 soluto
1627 3166 1655 3197 H
1675 3166 1873 3205 —furentes
1888 3180 1937 3187 --
1952 3170 2040 3193 som-

268 3211 397 3241 niantes
422 3211 580 3243 Schuetz.
602 3229 634 3234 —
655 3214 860 3252 sompniante
886 3215 911 3245 H
938 3215 1036 3245 etsic
1053 3215 1206 3255 saepius.
1237 3233 1271 3236 -
1298 3216 1351 3247 3²2.
1377 3216 1562 3247 ariolorum
1584 3216 1647 3247 BH
1675 3234 1710 3238 —-
1737 3215 1790 3248 34.
1816 3213 1932 3247 culeola·
1956 3212 1979 3243 B
2000 3227 2035 3234 —-

273 3260 324 3290 35.
353 3268 422 3292 rem
444 3262 610 3298 pertinere
633 3263 712 3300 AB,
738 3262 803 3294 sed
827 3264 835 3293 i
861 3264 884 3294 B
910 3266 990 3305 post
1012 3273 1082 3295 rem
1107 3264 1218 3295 littera
1238 3273 1359 3305 erasa,
1387 3269 1512 3305 tempus
1531 3266 1703 3306 pertinere
1727 3265 1771 3298 H.
