2249 3624
163 1654 248 1681 G:

732 592 786 650 M.
824 593 1007 650 'l'lsslilll
1048 592 1352 651 (fill‘lclloNlS

312 728 1017 789 TUSCULANARUM
1058 731 1764 791 DISPUTATIONUM

795 869 878 909 Al)
926 869 976 910 M.
1021 870 1300 913 BRUTUM

851 1005 976 1043 [inni
1006 1006 1241 1052 omnuim.

908 1143 1179 1174 Rl-ltlouNovlT

685 1258 759 1297 10.
787 1259 1072 1298 GEORGIUS
1099 1260 1396 1298 BAITERUS.

830 1558 1073 1596 NOTARUM
1099 1558 1270 1597 INDEX.

273 1651 351 1683 cod.
379 1651 555 1682 Gudianus
581 1660 675 1683 nuni.
699 1652 758 1684 2941
784 1654 852 1692 (ap.
874 1652 991 1684 libert.
1013 1662 1044 1684 n.
1065 1654 1139 1690 238,
1167 1653 1254 1685 Gutl.
1274 1655 1284 1684 l
1310 1654 1403 1694 apud
1426 1654 1629 1696 Moserum).
1658 1655 1755 1686 llunc
1773 1654 1933 1686 codicem

273 1705 325 1734 Fr.
351 1704 388 1733 G.
416 1702 701 1733 Selineiilcwinus
726 1703 756 1733 in
784 1703 937 1733 editione
964 1704 1158 1734 Mosei-iana
1177 1703 1453 1735 Tusculanarum
1470 1703 1536 1736 vol.
1559 1706 1566 1735 Ι
1594 1715 1628 1745 p.
1646 1705 1719 1735 XIV
1736 1705 1779 1735 ita
1799 1704 1935 1735 descri-

272 1754 360 1794 psit:
389 1751 702 1783 «Menibranaceus
728 1753 759 1783 in
778 1752 807 1784 4.
828 1753 985 1787 1niiiore;
1013 1754 1046 1784 in
1065 1762 1131 1784 una
1151 1763 1290 1794 quaque
1316 1754 1440 1794 pagina
1461 1754 1502 1785 20
1520 1763 1644 1786 versus
1668 1753 1793 1788 habet:
1820 1753 1935 1785 lineae

272 1803 398 1833 (luctae
431 1804 511 1832 sunt.
542 1804 774 1833 instrumento
805 1805 921 1838 acuto,
955 1804 991 1832 ut
1022 1802 1152 1843 aliquot
1181 1802 1263 1834 locis
1293 1803 1444 1835 dissecta
1472 1804 1679 1835 membrana
1704 1805 1759 1835 sit.
1794 1805 1937 1835 Praeter

270 1851 485 1883 Tusculanas
511 1851 591 1882 nihil
617 1852 782 1882 continet.
820 1852 857 1882 In
885 1852 997 1883 fronte
1022 1852 1310 1892 Lauterbacliius,
1337 1853 1572 1885 bibliothecae
1598 1853 1678 1885 olim
1703 1853 1747 1884 ab
1767 1853 1934 1894 epistolis,

272 1902 422 1933 notavit:
452 1902 563 1933 Codex
586 1902 711 1941 ἐπίομεν
734 1905 761 1932 σι
787 1902 889 1932 bonae
912 1905 1020 1933 notae.
1049 1902 1194 1933 Saeculo
1220 1904 1370 1943 scriptus
1395 1905 1449 1934 est
1473 1903 1612 1935 decimo
1636 1913 1775 1935 nonove
1801 1905 1835 1935 et
1859 1903 1936 1944 ple-

272 1961 423 1992 rumque
448 1953 623 1992 conspirat
649 1960 729 1982 cum
756 1953 859 1991 Regio
884 1954 1041 1992 optumo.
1078 1952 1193 1983 Verba
1220 1953 1292 1993 ipsa
1314 1952 1406 1984 nullo
1429 1953 1608 1985 intervallo
1627 1954 1786 1986 distincta
1805 1954 1937 1986 cohae-

272 2004 365 2040 rent,
398 2002 574 2033 scribendi
609 2002 817 2042 compendia
847 2002 918 2033 sere
944 2001 1045 2032 nulla.
1084 2002 1267 2034 Seribcndi
1295 2004 1379 2034 ratio
1404 2004 1539 2043 Integra
1564 2006 1598 2035 et
1623 2005 1793 2036 Cicerone
1818 2004 1934 2044 digna,

274 2054 311 2082 ut
335 2060 424 2092 quae
449 2053 667 2083 Beierianain
693 2052 864 2083 rationein
890 2052 1099 2092 plerumque
1124 2055 1303 2092 sequatur.
1332 2053 1392 2085 Ubi
1409 2054 1516 2084 verba
1536 2056 1666 2086 mutata
1685 2057 1777 2093 sunt,
1804 2057 1936 2086 mutata

273 2104 354 2132 sunt
384 2111 403 2132 a
435 2111 542 2133 manu
572 2101 712 2133 librario
738 2102 809 2132 fere
835 2101 990 2141 aequali,
1023 2102 1198 2133 interdum
1225 2102 1268 2133 ab
1295 2102 1420 2134 eadem
1446 2112 1588 2135 manu.»
1621 2105 1743 2136 Denuo
1768 2114 1848 2136 eum
1874 2113 1959 2136 ex-·

274 2152 381 2183 cussit
415 2152 574 2190 meurs,
609 2152 707 2183 cuius
738 2151 922 2183 collatione
953 2150 1050 2182 multi
1080 2161 1238 2190 errores,
1266 2154 1323 2193 qui
1349 2154 1382 2184 in
1408 2153 1560 2185 editione
1586 2155 1780 2186 Moseriana
1805 2155 1938 2196 depre-

273 2201 486 2243 henduntur,
513 2203 661 2233 correcti
686 2205 777 2234 sunt.
816 2203 846 2233 ls
872 2202 1125 2233 Schneidewini
1151 2202 1270 2233 verbiS
1295 2203 1383 2234 haec
1408 2203 1557 2234 addidit:
1594 2204 1801 2246 «Conspirat
1824 2204 1938 2236 codex

275 2260 356 2283 cum
380 2252 504 2292 insigni
530 2253 682 2283 Parisino
708 2262 741 2283 n.
766 2252 862 2290 6332,
890 2258 996 2291 quem
1022 2252 1166 2291 Regium
1191 2254 1338 2290 vocant,
1365 2252 1438 2283 sere
1463 2253 1507 2284 ad
1531 2252 1700 2291 verbum,
1728 2264 1793 2286 nec
1817 2256 1937 2286 tamen

273 2301 360 2332 alter
384 2301 427 2333 ab
452 2302 561 2333 altero
586 2302 785 2342 descriptus
810 2304 881 2340 est,
908 2301 971 2332 sed
996 2310 1038 2332 ex
1056 2302 1235 2333 communi
1259 2301 1352 2333 sonte
1371 2302 1513 2334 deducti
1538 2304 1630 2343 sunt,
1655 2304 1768 2344 pretio
1791 2304 1882 2335 inter
1898 2304 1937 2336 s’e

274 2360 388 2392 pares.
426 2351 541 2383 Altera
574 2361 717 2389 manus,
753 2361 843 2392 quae
876 2352 908 2382 ln
934 2350 1055 2382 codice
1081 2354 1238 2392 apparet,
1265 2351 1422 2391 aequalis
1446 2352 1596 2391 videtur,
1628 2352 1753 2385 saltem
1778 2354 1831 2385 est
1854 2362 1939 2394 per-

274 2403 431 2441 antiqua:
458 2401 665 2442 videturque
692 2401 892 2442 exemplum
917 2400 961 2432 ad
986 2400 1081 2439 illud,
1109 2410 1149 2432 ex
1176 2410 1246 2441 quo
1272 2400 1383 2433 codex
1401 2401 1598 2442 descriptus
1623 2405 1687 2441 est,
1714 2403 1758 2434 ab
1783 2403 1849 2434 alio
1873 2404 1939 2434 ho-

276 2452 368 2482 mine
394 2450 576 2491 diligenter
600 2453 820 2491 recognitum
844 2453 877 2482 et
901 2449 968 2481 loci
992 2450 1153 2490 quidam,
1180 2459 1269 2490 quos
1293 2450 1455 2482 librarius
1481 2452 1514 2482 in
1539 2452 1808 2484 transcribendo
1834 2462 1938 2493 prae-

276 2501 445 2538 termisit,
478 2500 629 2542 suppleti
659 2510 751 2533 esse.
792 2499 976 2537 Versiculi,
1009 2499 1138 2540 quibus
1162 2499 1239 2532 cod.
1266 2500 1391 2540 Regius
1415 2500 1600 2533 distinctus
1625 2502 1695 2539 est,
1721 2503 1757 2533 in
1781 2502 1938 2533 Gudiano

277 2559 418 2590 quoque
450 2553 666 2591 comparent.
710 2550 814 2582 Plene
847 2551 983 2581 exstant
1013 2550 1047 2581 in
1076 2558 1188 2590 prima
1214 2549 1344 2581 codicis
1369 2551 1514 2591 pagina;
1548 2551 1582 2581 in
1613 2552 1780 2591 proximis
1804 2552 1938 2592 paginis

276 2599 455 2639 librarius,
488 2601 549 2632 ubi
573 2609 685 2632 novus
709 2609 833 2632 xersus
858 2601 892 2630 in
917 2600 994 2630 cod.
1021 2600 1217 2640 archetypo
1243 2601 1337 2637 erat,
1371 2601 1482 2631 maius
1508 2599 1730 2632 intervallum
1755 2602 1788 2632 in
1813 2601 1938 2633 mediis

276 2648 375 2681 lineis
400 2649 539 2690 reliquit
556 2651 706 2690 novique
726 2658 848 2681 versus
865 2650 999 2680 initium
1017 2648 1129 2680 littera
1148 2650 1282 2681 maiore
1300 2649 1465 2681 distinxit.
1493 2649 1594 2687 (Alias
1612 2658 1786 2690 nusquam
1802 2649 1938 2682 litterae

278 2701 429 2731 maiores
460 2701 686 2731 inveniuntur
717 2708 833 2739 neque
864 2700 897 2730 in
930 2698 1131 2731 nominibus
1164 2699 1379 2740 appellativis
1408 2707 1523 2739 neque
1546 2699 1581 2730 in
1605 2700 1779 2740 propriis.)
1814 2701 1939 2732 Postea

278 2753 397 2782 autem
427 2752 515 2782 haec
541 2760 682 2791 quoque
714 2749 893 2782 intervalla
919 2750 1035 2781 omisit
1059 2752 1093 2781 et
1116 2749 1309 2781 versiculos
1335 2749 1425 2781 nulla
1449 2758 1487 2781 re
1513 2750 1578 2781 nisi
1601 2750 1723 2782 litteris
1748 2750 1940 2782 maioribus

278 2800 443 2833 distinxit.
481 2800 583 2833 Plane
609 2801 716 2831 iidem
741 2802 822 2832 sunt
845 2803 949 2840 atque
975 2800 1013 2837 ii,
1040 2808 1128 2840 quos
1153 2799 1261 2831 habet
1285 2799 1362 2831 cod.
1390 2799 1527 2838 Regius.
1562 2801 1796 2832 Personarum
1813 2800 1940 2832 distin—

280 2851 414 2882 ctiones
440 2851 552 2882 codex
576 2852 712 2881 tantum
735 2849 843 2881 habet
867 2858 981 2890 usque
1006 2849 1050 2880 ad
1076 2849 1152 2890 §40
1177 2852 1373 2881 extremam
1397 2848 1475 2880 libri
1500 2849 1525 2880 1.
1560 2849 1704 2881 Constat
1723 2848 1833 2881 codex
1851 2858 1940 2889 qua-

278 2899 496 2931 ternionibus
522 2900 714 2931 numeratis
740 2900 791 2938 47,
819 2898 905 2930 loliis
931 2899 1005 2937 436,
1032 2901 1069 2930 ut
1093 2898 1216 2939 singuli
1234 2899 1484 2939 quaterniones
1510 2900 1637 2930 octona
1654 2898 1731 2930 solia
1749 2898 1938 2930 habeant.»

282 2955 360 2987 cod.
390 2956 514 2995 Regius
541 2955 746 2987 parisiensis
772 2964 805 2987 n.
831 2956 932 2993 6:332,
967 2953 1097 2986 saeculi
1124 2955 1223 2991 noni,
1261 2954 1372 2986 forma
1397 2955 1588 2994 quartana,
1625 2954 1716 2986 binis
1739 2955 1773 2985 in
1799 2962 1939 2995 quaque

279 3005 404 3044 pagina
430 3004 612 3043 columnis,
639 3003 822 3037 versiculis
846 3004 1042 3036 secundum
1068 3005 1326 3035 enuntiationes
1352 3005 1386 3034 et
1410 3004 1602 3035 sententias
1623 3004 1820 3042 distinctus,
1845 3003 1941 3035 velut

281 3056 316 3086 L.
337 3056 348 3085 l
380 3054 398 3094 g
424 3056 435 3085 l
467 3056 501 3085 et
524 3055 562 3085 2:
597 3055 678 3087 Cum
694 3056 922 3086 ——7·evocavi.
956 3057 971 3095 11
998 3055 1039 3085 Ee
1063 3062 1137 3084 cum
1153 3053 1344 3093 --putavi.
1369 3055 1384 3094 Ι]
1418 3054 1493 3084 Non
1517 3054 1597 3093 quia
1612 3071 1660 3076 -—
1675 3053 1894 3085 elaborarent.
1915 3056 1930 3094 Η

280 3104 368 3135 Nam
398 3112 504 3135 mores
519 3120 567 3126 --
583 3107 613 3135 et
637 3104 770 3144 legibus.
795 3106 809 3145 11
839 3105 923 3143 Quid
954 3104 1075 3143 loquar
1091 3120 1139 3126 —-
1156 3104 1254 3134 eliam
1278 3102 1463 3141 de'sciplina.
1491 3105 1505 3144 Ι]
1530 3103 1602 3133 Iam
1625 3103 1748 3134 illa--
1763 3106 1838 3133 sunt
1860 3111 1941 3133 con-

279 3154 426 3193 ferenda.
441 3156 456 3194 Η
479 3154 568 3192 Quae
591 3154 677 3184 enim
696 3170 743 3176 --
761 3154 999 3192 comparanda.
1034 3152 1298 3184 Dubitationem
1324 3160 1365 3183 ex
1389 3152 1619 3192 repugnantia
1637 3151 1860 3184 collationum
1878 3152 1942 3183 ad-

282 3203 350 3234 huc
375 3204 624 3241 institutarum,
651 3202 841 3241 Gudianae,
870 3203 1115 3243 Bergerianae,
1141 3202 1392 3242 Krarupianae,
1417 3202 1550 3242 passim
1575 3202 1688 3233 ortam
1713 3210 1858 3242 prorsus
1881 3209 1942 3232 su-

284 3251 378 3284 stulit
402 3253 522 3284 Hunni
548 3251 737 3292 diligentia,
764 3252 823 3292 qui
846 3252 940 3285 hunc
964 3260 1106 3293 quoque
1131 3250 1292 3283 codicem
1316 3251 1582 3284 accuratissime
1608 3250 1771 3283 excussit.
