2249 3624
504 181 592 219 Lm.
624 179 654 218 1.
693 178 788 218 en».
822 175 1159 216 xxiv—xxv.
1197 171 1257 225 §5
1289 169 1478 210 56—60.
1792 166 1872 207 ⁶227

113 287 198 328 lieri
238 288 321 328 ullo
362 286 486 327 modo
528 298 649 338 posse
689 291 730 324 nt
770 298 791 323 a
834 283 973 337 pueris
1006 287 1063 320 tot
1097 293 1232 319 reruni
1266 284 1391 332 atque
1424 283 1629 318 tantarum
1662 275 1806 315 insitas
1838 282 1878 315 ct

111 352 231 405 quasi
271 351 532 401 consignatas
569 348 610 386 in
642 347 788 386 animis
822 345 1034 389 notiones,
1078 356 1181 396 quas
1213 348 1376 388 «ἐννοίας
1408 345 1575 386 vocant,
1616 338 1878 384 haberemus,

112 414 190 453 nisi
230 414 411 458 animus,
454 416 548 450 ante
589 422 713 462 quani
755 409 794 447 in
827 421 977 459 eorpus
1010 406 1264 451 intravisset,
1308 406 1348 443 in
1382 418 1517 443 reruni
1551 402 1787 452 cognitione
1822 401 1880 439 vi-

111 476 282 528 guisset.
333 473 398 512 538.
433 474 620 524 Cumque
663 471 763 510 niliil
806 478 935 515 essi-t,
974 476 1018 509 nt
1048 470 1240 507 omnihus
1273 468 1375 506 locis
1407 480 1429 506 a
1463 467 1631 506 Platone
1664 465 1882 504 disseritur

112 560 164 566 —-
188 536 288 575 niliil
323 536 433 574 enini
466 534 534 572 ille
564 539 677 585 putat
711 547 802 570 esse
835 534 947 586 qnod
982 534 1139 571 oriatur
1171 539 1206 570 el
1241 532 1429 576 intereat,
1462 530 1589 582 idque
1622 528 1752 568 solnm
1778 535 1912 571 esse,5

112 598 225 651 quod
257 610 421 648 semper
448 596 527 634 tale
559 595 628 640 sit,
656 595 778 646 quale
801 596 864 640 sil,
897 609 1014 646 quam
1042 598 1159 634 idern·
1182 593 1363 646 appellat
1385 592 1477 638 ille,
1518 606 1592 630 nos
1615 590 1794 643 speeiem
1815 611 1881 635 —-,

113 672 192 697 non
226 658 359 710 potuit
390 658 552 695 animus
585 656 686 693 havi·
721 657 758 693 in
794 670 971 708 corpore
1004 656 1191 694 inclusus
1224 656 1494 705 adgnoscere,
1529 655 1691 703 cognita
1724 652 1882 691 attulit:

113 734 164 759 ex
208 732 292 771 quo
336 724 416 757 tani
457 717 678 756 multarum
721 731 856 755 reruni
899 718 1151 766 cognitionis
1186 718 1406 756 admiratio
1440 716 1611 755 tollitur.
1664 716 1804 766 Neque
1837 725 1884 751 ea

112 782 234 834 plane.
267 780 378 819 videt
409 780 590 825 animus,
634 793 725 818 cuin
758 786 930 831 repente
964 780 1004 817 in
1038 786 1117 818 [ain
1151 780 1365 818 insolitum
1401 785 1568 831 tamque
1603 777 1884 830 perturbatum

114 843 369 884 domicilium
412 842 671 893 inmigravit,
713 842 806 888 sed,
849 856 942 881 cum
981 855 1023 880 se
1056 841 1225 891 collegit
1264 848 1388 894 atque
1430 841 1654 888 recreavit,
1696 847 1780 879 tum
1817 839 1938 877 ‘ad—40

117 906 277 960 gnoscit
319 905 389 943 illa
434 904 759 943 reminiscendo.
831 905 888 944 lta
932 903 1034 943 nihil
1080 910 1142 943 est
1184 905 1296 943 aliud
1340 904 1501 942 discere
1542 904 1620 942 nisi
1664 901 1888 941 recordari.

118 966 183 1008 59.
222 968 308 1019 Ego
347 972 484 1006 autem
524 967 680 1006 maiore
722 967 845 1006 etiam
879 967 1061 1019 quodam
1097 966 1219 1005 modo
1255 966 1499 1004 memoriam
1532 965 1726 1004 admiror.
1779 962 1888 1010 Quid

121 1037 181 1072 est
209 1030 316 1070 enim
348 1029 470 1075 illud,
511 1042 596 1082 quo
629 1030 909 1074 meminimus,
951 1035 1022 1068 aut
1054 1041 1177 1081 quam
1209 1027 1334 1066 habet
1367 1028 1449 1066 vim
1481 1033 1552 1066 aut
1583 1027 1692 1065 unde
1726 1026 1890 1064 natam?

120 1095 207 1134 Non
239 1104 396 1145 quaero
431 1098 587 1144 quanta
618 1092 819 1130 memoria
852 1091 1087 1131 Simonides
1127 1090 1255 1129 fuisse
1289 1089 1471 1135 dicatur,
1514 1095 1668 1142 quanta
1700 1087 1891 1127 Theode-

121 1162 221 1201 ctes,
264 1160 418 1208 quanta
456 1154 516 1201 is,
557 1154 627 1207 qui
668 1168 691 1192 a
732 1154 888 1207 Pyrrho
929 1153 1090 1205 legatus
1122 1152 1173 1192 ad
1205 1158 1394 1192 senatum
1428 1158 1491 1191 est
1522 1151 1696 1196 missus,
1730 1150 1942 1195 Cineasm

119 1224 274 1272 quanta
306 1229 441 1269 nuper
475 1216 747 1263 Charmadas,
781 1222 957 1270 quanta,
991 1218 1061 1269 qui
1095 1215 1220 1255 modo
1253 1215 1350 1262 suit,
1389 1215 1585 1267 Scepsius
1617 1211 1894 1258 Metrodorus,

120 1285 274 1334 quauta
305 1285 448 1319 noster
479 1279 752 1319 Hortensius:
786 1279 837 1318 de
869 1280 1082 1318 communi
1112 1278 1331 1318 hominum
1364 1278 1565 1317 memoria
1593 1277 1742 1328 loquor
1764 1280 1804 1313 et
1825 1287 1895 1313 eo-

117 1357 206 1383 rum
246 1354 463 1388 maxume,
513 1343 586 1394 qui
625 1342 666 1380 in
706 1342 848 1394 aliquo
886 1342 1040 1381 maiore
1074 1341 1212 1381 studio
1245 1347 1285 1380 et
1315 1346 1401 1381 arte
1432 1345 1672 1385 versantur,
1717 1350 1894 1390 quorum

119 1411 272 1459 quanta
304 1417 420 1443 mens
451 1403 505 1443 sit
536 1403 705 1443 difficile
737 1410 800 1443 est
832 1405 1096 1443 existimare:
1129 1405 1184 1444 ita
1216 1404 1345 1444 multa
1377 1403 1667 1443 meminerunt.

230 1466 361 1505 XXV.
393 1463 459 1504 60.
492 1464 683 1513 Quorsus
726 1465 853 1517 igitur
892 1466 995 1506 haec
1027 1472 1186 1519 spectat
1219 1467 1385 1505 oratio?
1428 1465 1546 1513 Quae
1578 1465 1631 1503 sit
1664 1464 1732 1503 illa
1765 1463 1826 1502 vis
1859 1467 1897 1501 et
1911 1471 1947 1499 20

122 1528 234 1569 unde
274 1529 327 1568 sit
367 1528 699 1581 intellegendum
740 1534 856 1581 puto.
913 1529 1004 1568 Non
1044 1535 1108 1568 est
1145 1535 1255 1567 certe
1295 1541 1373 1567 nec
1405 1526 1544 1566 cordis
1575 1540 1652 1565 nec
1684 1524 1898 1577 sanguinis

122 1604 198 1630 nec
229 1591 391 1630 cerebri
423 1604 499 1630 nec
531 1597 782 1630 atomorum:
815 1591 953 1630 anima
975 1591 1029 1630 sit
1056 1591 1219 1644 ignisne
1243 1591 1405 1638 nescio,
1439 1604 1515 1630 nec
1538 1589 1687 1642 pudet,
1718 1594 1763 1628 ut
1784 1588 1897 1634 istos,

120 1653 238 1693 fateri
270 1653 432 1693 nescire
466 1653 578 1706 quod
612 1654 817 1700 nesciam;
857 1653 979 1700 illud,
1021 1654 1054 1693 si
1087 1653 1171 1693 ulla
1202 1653 1282 1692 alia
1314 1652 1364 1691 de
1396 1666 1439 1691 re
1472 1652 1647 1690 obscura
1679 1648 1898 1690 adfirmare

123 1728 312 1768 possem,
356 1717 443 1755 sive
481 1716 619 1755 anima
655 1716 743 1755 sive
775 1717 881 1769 ignis
914 1722 974 1756 est
1005 1717 1188 1763 animus,
1231 1730 1326 1755 eum
1358 1716 1537 1754 iurarem
1570 1728 1661 1753 esse
1695 1714 1897 1753 divinum.

123 1779 235 1828 Quid
276 1779 418 1818 enim?
461 1779 635 1819 obsecro
678 1785 740 1827 te,
781 1786 946 1819 terrane
987 1779 1062 1819 tibi
1094 1779 1175 1819 hoc
1207 1779 1412 1818 nebuloso
1445 1783 1486 1817 et
1517 1777 1748 1829 caliginoso
1781 1775 1948 1816 cae1025

121 1846 193 1882 aut
223 1847 311 1882 sata
341 1847 412 1881 aut
442 1848 634 1882 concreta
666 1842 830 1882 videtur
861 1848 973 1882 tanta
1005 1842 1067 1882 vis
1099 1842 1361 1881 memoriae?
1405 1840 1448 1880 Si
1487 1839 1586 1894 quid
1618 1839 1670 1879 sit
1701 1839 1783 1878 hoc.
1814 1851 1900 1877 non

122 1998 204 2034 tius,
231 2005 338 2037 quam
363 1996 429 2028 dici
455 1996 589 2028 iudices
614 2006 654 2028 ex
682 1996 750 2028 filio
775 1999 956 2037 tamquam
983 2006 1023 2028 ex
1049 1995 1222 2028 simillima
1250 1995 1357 2036 patris
1382 1995 1532 2034 imagine
1551 1994 1670 2025 Verris
1691 1992 1900 2025 adolescen-

122 2047 204 2078 tiam
227 2056 420 2086 coqnoscere
445 2049 478 2078 et
502 2048 705 2088 perspicere
733 2048 863 2088 posse‘?
888 2046 1033 2078 Accedit
1058 2049 1200 2087 praeter
1225 2045 1323 2076 ovid.
1350 2045 1438 2076 Fast.
1466 2044 1520 2081 Ν,
1547 2043 1622 2075 418.
1650 2043 1694 2074 ad
1719 2046 1785 2075 Att.
1815 2045 1898 2081 vui,

123 2097 174 2133 Μ,
201 2097 224 2127 C
252 2096 449 2137 (Pompeii):
486 2096 570 2127 Tuas
599 2097 726 2128 litteras
757 2097 892 2128 libenter
919 2097 994 2136 leyi.
1031 2096 1212 2137 Recoynovi
1235 2097 1321 2126 enim
1346 2095 1399 2134 (ex
1424 2094 1475 2133 iis)
1509 2098 1600 2125 tuam
1627 2095 1807 2134 pristinam
1830 2096 1902 2125 τίν-
1955 2102 1958 2109 ’

122 2148 220 2176 tutem
245 2156 302 2179 —2
336 2154 444 2186 quare
478 2145 521 2177 ad
554 2145 669 2177 famil.
697 2147 772 2184 xli,
801 2147 840 2177 ’12
868 2146 1019 2185 (Cassii),
1047 2148 1082 2177 11:
1120 2147 1198 2186 Legi
1231 2149 1304 2176 tuas
1333 2145 1481 2183 litteras,
1516 2145 1549 2174 in
1581 2144 1697 2183 quibus
1724 2146 1902 2186 mirificum

122 2198 214 2226 tuum
236 2204 318 2235 erga
341 2204 392 2226 me
415 2204 562 2227 amorem
585 2196 827 2235 recognovi,
855 2195 913 2227 ubi
931 2196 1130 2236 Tregderus
1151 2196 1373 2227 correctione
1399 2195 1606 2235 ceteroquin
1632 2194 1808 2226 lenissima
1835 2194 1901 2235 legi

124 2244 195 2276 vult
219 2246 333 2277 amore?
359 2246 513 2286 cognovi,
548 2244 628 2276 nihil
655 2245 864 2276 mutandum
890 2248 954 2277 est.
994 2246 1089 2284 Quae
1116 2254 1196 2277 cum
1223 2246 1267 2275 ita
1293 2246 1378 2281 sint,
1409 2245 1484 2275 fieri
1510 2246 1625 2285 potest
1649 2245 1687 2275 ut
1711 2245 1743 2275 in
1769 2245 1903 2276 Arche—

123 2296 207 2335 typo
231 2304 266 2325 re
289 2294 490 2327 aberrando
515 2304 556 2325 ex
580 2295 816 2326 reminiscendo
841 2295 1029 2335 repetitum
1057 2296 1111 2326 sit:
1139 2293 1342 2325 verisimile
1361 2294 1415 2324 vix
1434 2296 1497 2325 est.
1525 2293 1625 2333 Apud
1650 2294 1783 2325 Livium
1802 2295 1841 2332 V,
1863 2295 1902 2325 46

125 2344 180 2386 (ad
203 2345 480 2385 recognoscendas
502 2344 585 2383 res),
612 2344 706 2383 quod
733 2353 877 2385 semper
901 2344 945 2375 de
971 2353 1011 2375 ea
1034 2353 1071 2375 re
1091 2353 1283 2384 cognoscere
1302 2345 1366 2383 (ΙΙΙ,
1387 2344 1439 2375 40.
1459 2344 1514 2380 IV,
1534 2344 1586 2374 ¹⁴29.
1607 2343 1693 2380 vill,
1712 2343 1763 2374 39.
1784 2345 1900 2383 XXIV,

125 2394 177 2425 46.
204 2394 348 2431 XXXIV,
376 2393 404 2432 i)
430 2395 489 2424 aut
512 2401 644 2424 noscere
670 2394 726 2431 (X,
752 2394 804 2424 20.
832 2394 891 2433 36)
919 2394 1019 2431 dicit,
1052 2394 1201 2425 fortasse
1236 2403 1271 2425 re
1295 2403 1337 2424 ex
1362 2402 1414 2424 res
1437 2394 1584 2433 petitum
1611 2395 1663 2424 est
1689 2394 1768 2433 (duo
1795 2394 1898 2425 codd.

125 2443 208 2475 dett.
236 2445 279 2475 ad
303 2444 545 2484 cognoscendas
567 2446 648 2481 res);
676 2442 740 2473 sed
766 2443 847 2474 nihil
873 2444 1145 2484 praestiterim„
1171 2444 1226 2474 W.
1256 2461 1288 2465 ——
1316 2444 1347 2474 ⁶2.
1374 2443 1510 2474 ennoias
1535 2444 1558 2474 C
1588 2461 1621 2465 -
1650 2444 1681 2474 5.
1709 2445 1760 2474 ille
1785 2453 1854 2475 om.
1875 2446 1899 2476 R

127 2509 161 2515 ·—
187 2494 291 2524 solum
315 2496 394 2525 esset
419 2493 442 2523 C
470 2509 505 2513 —
534 2492 564 2523 6,
592 2493 633 2523 sit
657 2501 756 2531 quam
781 2492 909 2524 Keilius
936 2492 1024 2533 (coll.
1053 2493 1159 2524 Acad.
1184 2495 1192 2523 l
1222 2494 1239 2533 g
1266 2493 1335 2532 30):
1364 2501 1433 2523 om.
1463 2493 1526 2523 CO
1555 2510 1589 2514 ——
1616 2492 1801 2525 ΕΙΔΕΑΝ
1821 2496 1898 2529 GR.

125 2543 239 2574 eidean
263 2543 287 2574 B
316 2560 350 2565 —
386 2543 438 2573 40.
465 2541 589 2582 colligit
613 2542 637 2572 C
667 2559 701 2564 —
730 2542 949 2582 «Tregderus
982 2551 1023 2573 ex
1052 2542 1200 2573 vindob.
1229 2543 1259 2579 Ι,
1287 2542 1368 2573 edd.
1395 2545 1480 2573 vett.
1508 2543 1648 2583 scripsit
1678 2545 1826 2583 aquosa-it
1854 2553 1901 2575 ea

124 2592 372 2630 reminiscendo,
399 2599 463 2631 ego
489 2600 530 2622 ex
556 2591 683 2622 ceteris
701 2591 820 2628 codd,
849 2593 868 2622 i.
890 2601 919 2623 e.
941 2601 982 2623 ex
1007 2592 1223 2633 Archetypo,
1251 2593 1335 2623 item
1360 2601 1401 2623 ex
1426 2592 1722 2624 Pseudo-Boethii
1747 2593 1904 2632 (Pseudo-

126 2641 251 2673 Boethii
285 2642 446 2682 inquam,
482 2649 562 2672 nam
595 2649 612 2671 a
642 2641 775 2672 Boethii
801 2640 940 2673 dicendi
965 2650 1095 2682 genere
1121 2641 1223 2682 longe
1249 2642 1425 2680 abhorret)
1451 2642 1646 2682 fragmento
1672 2642 1716 2674 ab
1743 2644 1845 2674 Hasio
1871 2644 1903 2674 in

127 2691 204 2722 cod.
231 2700 324 2723 saec.
350 2691 420 2722 th.
448 2692 600 2727 invento,
627 2700 660 2731 p.
687 2692 744 2722 392¹
775 2691 831 2722 ed.
859 2692 944 2722 Bait.
966 2692 1037 2722 Cic.
1057 2690 1266 2729 Scholiastt.)
1293 2692 1438 2723 restituo
1458 2692 1528 2722 illa.
1567 2693 1615 2723 De
1640 2692 1839 2723 haec--ea
1857 2710 1904 2715 —-

126 2740 186 2771 illa
209 2740 251 2771 ci.
272 2740 327 2777 ΙΙΙ,
345 2739 421 2772 47.»
447 2741 503 2772 W.
534 2759 569 2762 —
598 2741 649 2772 Μ.
676 2740 768 2771 aliud
791 2744 837 2772 est
860 2742 885 2772 Ο
913 2758 947 2762 -
977 2741 1027 2772 43.
1055 2742 1131 2780 quo]
1156 2742 1241 2780 quod
1266 2742 1289 2772 C
1318 2758 1352 2762 —
1382 2739 1443 2780 que
1471 2749 1561 2771 corr.
1582 2742 1613 2772 in
1633 2740 1699 2780 qua
1722 2743 1744 2773 R
1767 2760 1799 2764 —-
1819 2742 1905 2773 unde

127 2793 286 2821 naturam
310 2791 390 2825 GR:
418 2791 492 2821 inde
514 2793 676 2821 naturam
700 2791 723 2821 B
751 2808 784 2812 —
814 2790 864 2822 44.
893 2789 1159 2822 CIJLQNIAHC
1182 2792 1206 2821 C
1233 2808 1266 2812 —
1295 2791 1346 2821 45.
1367 2793 1493 2829 quanta
1515 2791 1564 2821 his
1582 2791 1610 2829 (h
1627 2793 1757 2831 puncto
1776 2790 1904 2829 deleta)

131 2841 175 2878 G;
202 2844 344 2881 quantas
370 2842 559 2881 (superscr.
585 2841 597 2872 i
621 2841 712 2872 inter
736 2849 757 2871 a
782 2842 815 2871 ct
839 2841 864 2882 s)
889 2842 914 2873 R
950 2859 984 2863 —
1013 2850 1119 2880 pyrro
1145 2842 1170 2871 G
1197 2858 1232 2863 —
1265 2842 1394 2872 ceineas
1418 2842 1441 2871 C
1470 2857 1504 2862 —
1533 2840 1583 2871 46.
1610 2842 1789 2872 carmadas
1812 2843 1837 2871 G
1865 2857 1900 2863 —

131 2891 272 2928 secpsius
288 2891 330 2928 G,
357 2890 500 2929 secspius
516 2898 606 2921 corr.
627 2891 661 2921 in
677 2891 818 2929 secpsius
835 2891 878 2929 R,
903 2891 1026 2930 sepsius
1042 2891 1066 2922 B
1087 2908 1122 2912 —
1151 2891 1202 2922 47.
1221 2889 1398 2930 hominum]
1424 2891 1570 2920 omnium
1588 2890 1611 2921 C
1633 2907 1668 2912 —
1695 2890 1748 2921 ΞΟ.
1777 2891 1904 2930 «Treg—

133 2938 238 2970 derus
263 2948 306 2970 ex
329 2938 402 2971 solo
429 2939 507 2971 cod.
534 2940 726 2971 Beruensi:
763 2941 853 2979 Quae
879 2941 920 2971 sit
943 2940 1002 2971 illa
1023 2941 1074 2972 vis
1096 2944 1126 2971 ει
1150 2941 1254 2978 unde,
1285 2940 1343 2970 sic
1372 2940 1624 2981 intellegendum
1643 2943 1736 2980 puto.
1776 2941 1904 2971 Dicen-

134 2987 218 3019 dum
242 2990 338 3020 certe
363 2989 425 3020 suit
446 2989 492 3019 sic
513 2989 657 3029 intellegi
688 2990 748 3027 (ef.
777 2989 884 3020 Acad.
911 2990 951 3027 ΙΙ,
979 2990 1037 3028 70)
1070 2992 1129 3021 aut
1159 2992 1204 3022 sic
1230 2990 1369 3029 intellegi
1398 2998 1501 3028 posse.
1529 2990 1598 3029 Ego
1624 2999 1665 3021 ex
1690 2991 1771 3021 ceti.
1800 2989 1902 3020 codd.

133 3038 218 3069 unde
239 3039 298 3076 sil,
324 3038 575 3079 intellegendum
598 3038 651 3078 (cf.
681 3040 749 3070 Fin.
778 3039 816 3076 V,
835 3039 887 3079 30)
910 3044 1003 3078 puto,
1030 3040 1124 3080 quod
1150 3040 1299 3072 eandem
1326 3040 1399 3070 sere
1425 3040 1458 3071 in
1475 3041 1685 3071 sententiam
1703 3040 1834 3072 dictum
1853 3042 1906 3071 est

135 3088 240 3127 atque
265 3087 365 3119 illud:
395 3089 540 3127 Quorsus
561 3089 642 3119 haec
667 3090 829 3129 (disputo)
843 3091 859 3119 ἴ)
882 3093 918 3120 αι
939 3090 1111 3130 intellegas
1130 3108 1164 3112 —
1186 3088 1293 3129 (Oi'iic.
1313 3088 1368 3124 ΙΙΙ,
1387 3088 1439 3119 68.
1467 3089 1540 3120 Cat.
1561 3090 1603 3120 M.
1633 3089 1651 3129 g
1670 3088 1721 3120 42.
1749 3097 1782 3129 p.
1804 3088 1904 3120 redit.

137 3136 180 3167 ad
205 3137 298 3175 Quir.
326 3138 344 3178 g
369 3139 413 3175 5).
445 3137 494 3168 Cf.
521 3137 626 3169 etiam
651 3138 796 3179 Philipp.
822 3139 892 3175 Vll,
918 3140 977 3170 26:
1015 3140 1180 3178 Quorsum
1196 3155 1244 3160 --
1262 3136 1395 3167 oratio?
1411 3154 1459 3160 —-
1479 3139 1615 3170 excitati
1631 3155 1680 3160 --
1696 3146 1762 3169 esse
1791 3137 1906 3168 debe-

137 3194 232 3217 mus.
267 3188 316 3218 De
342 3186 471 3228 duplici
495 3188 536 3217 sit
559 3186 602 3218 cs.
628 3186 670 3225 11,
696 3188 748 3218 29.
786 3188 851 3219 Fin.
881 3189 921 3226 11,
949 3190 979 3220 7.
1007 3189 1061 3225 IV,
1088 3189 1140 3220 28.
1169 3188 1219 3218 69.
1247 3187 1288 3225 V,
1315 3186 1367 3218 54.
1394 3188 1434 3218 N.
1461 3188 1501 3218 D.
1528 3189 1583 3224 ΙΙΙ,
1611 3188 1662 3219 47.
1700 3186 1803 3218 Paulo
1829 3189 1906 3226 post

141 3235 184 3274 (v,
200 3235 251 3274 22)
276 3235 467 3277 probabilis
490 3235 545 3267 illa
570 3236 713 3276 quidem
739 3239 791 3267 est
815 3236 959 3268 Bentleii
984 3239 1185 3268 coniectura
1210 3236 1362 3274 animae,
1393 3235 1456 3267 sed
1489 3238 1608 3268 tamen
1634 3246 1703 3268 non
1727 3237 1772 3267 ita
1798 3238 1905 3273 certa,

139 3284 178 3314 ut
200 3284 235 3315 in
258 3285 393 3317 textum
415 3284 619 3326 recipienda
643 3286 720 3317 sit.»
735 3286 790 3318 W.
821 3303 855 3309 -
881 3287 935 3318 22.
953 3287 1080 3327 ignisne
1096 3284 1304 3318 Lambinus:
1331 3285 1458 3326 iynisue
1475 3286 1498 3318 C
1519 3302 1555 3309 —
1576 3287 1628 3317 25.
1646 3285 1702 3317 eibi
1719 3288 1777 3317 aut
1792 3285 1851 3316 hoc
1867 3285 1906 3316 Ο.
