2249 3624
290 122 377 165 406
886 118 957 159 DE
987 115 1216 157 DEORUM
1245 113 1462 156 NATURA

297 244 425 286 quam
456 228 690 282 ceperimus
722 238 776 266 ex
805 222 1097 277 magnitudine
1127 220 1460 268 commodorum,
1500 233 1608 275 quae
1646 222 1941 276 percipiuntur
1967 223 2072 267 caeli

295 293 626 348 temperatione,
667 287 922 329 fecunditate
963 292 1167 326 terrarum
1211 284 1473 337 aliarumque
1515 284 1859 325 commoditatum
1898 285 2073 338 conplu-

295 358 406 398 rium
436 354 580 408 copia3
612 349 679 392 44.
710 352 898 397 tertiam,
931 361 1040 402 quae
1063 351 1238 387 terreret
1258 346 1420 386 animos
1442 346 1708 395 fulminibus,
1739 349 2074 402 tempestatibus,

296 418 471 466 nimbis,
509 414 698 462 nivibus,
742 411 1038 466 grandinibus,
1079 410 1294 457 vastitate,
1339 409 1599 463 pestilentia,
1644 415 1779 450 terrae
1821 412 2004 452 motibus
2036 417 2077 453 et

259 491 424 534 5saepe
454 477 689 519 fremitibus
719 474 986 529 lapideisque
1017 471 1221 512 imbribus
1256 477 1297 511 et
1333 472 1459 524 guttis
1495 472 1691 513 imbrium
1726 475 1849 527 quasi
1879 475 2076 524 cruentis,

296 549 385 585 tum
414 541 579 582 labibus
610 544 683 579 aut
711 536 944 591 repentinis
973 540 1178 575 terrarum
1198 533 1403 582 hiatibus,
1436 539 1524 574 tum
1545 541 1711 588 praeter
1730 541 1922 576 naturam
1940 538 2078 578 homi-

295 620 396 647 num
427 604 724 659 pecudumque
756 599 983 653 portentis,
1015 602 1104 637 tum
1134 596 1295 637 facibus
1317 597 1416 637 visis
1440 597 1712 646 caelestibus,
1743 603 1831 639 tum
1853 599 1985 639 stellis
2011 599 2078 649 iis,

298 682 402 724 quas
435 665 583 708 Graeci
615 667 819 709 cometas,
851 660 986 700 nostri
1017 660 1276 699 cincinnatas
1308 664 1480 708 vocant,
1513 673 1621 713 quae
1652 674 1786 715 nuper
1815 661 1928 701 bello
1956 661 2080 702 Octa-

297 733 423 774 viano
461 740 708 781 magnarum
746 724 918 764 fuerunt
959 722 1244 763 calamitatum
1281 722 1574 775 praenuntiae,
1617 728 1704 763 tum
1735 724 1823 764 sole
1856 725 2079 777 geminato,

249 804 286 833 4ο
301 795 438 849 quod,
469 797 516 832 ut
546 804 567 829 e
600 795 717 843 patre
750 787 915 835 audivi,
946 786 1157 826 Tuditano
1190 790 1232 824 et
1260 785 1433 838 Aquilio
1466 785 1709 826 consulibus
1742 792 1962 834 evenerat,
1994 801 2078 841 quo

299 858 470 913 quidem
502 866 611 894 anno
643 853 686 891 P.
708 849 929 890 Africanus
962 848 1025 888 sol
1056 847 1161 887 alter
1192 848 1402 888 extinctus
1435 853 1520 895 est,
1554 848 1707 901 quibus
1730 850 1915 889 exterriti
1944 850 2080 889 homi-

298 934 372 962 nes
402 918 487 959 vim
519 913 729 969 quandam
760 925 852 952 esse
884 911 1109 951 caelestem
1141 915 1182 950 et
1204 910 1385 950 divinam
1418 911 1620 963 suspicati
1642 916 1765 960 sunt3
1799 909 1864 951 45.
1888 918 2079 966 quartam

299 995 465 1025 causam
497 992 589 1020 esse
622 988 800 1029 eamque
822 974 889 1014 vel
920 973 1144 1014 maximam
1177 973 1520 1026 aequabilitatem
1551 973 1734 1026 motus-1-
1758 975 2080 1016 conversionem

298 1045 425 1092 cael-i,
463 1043 583 1089 solis,
621 1040 746 1079 lunae
785 1037 1057 1090 siderumque
1098 1035 1285 1075 omnium
1318 1036 1652 1083 distinctionem,
1683 1037 1948 1085 varietatem,
1986 1038 2081 1091 pul-

249 1116 284 1144 45
298 1105 602 1152 chritudinem,
643 1101 856 1148 ordinem,
898 1113 1075 1153 quarum
1106 1112 1243 1138 rerum
1274 1103 1469 1151 aspectus
1500 1098 1592 1150 ipse
1625 1099 1726 1139 satis
1758 1099 1965 1140 indicaret
1993 1114 2081 1141 non

299 1184 390 1212 esse
422 1183 471 1210 ea
501 1167 685 1208 fortuita.
734 1164 810 1211 Ut,
855 1163 889 1203 si
922 1162 1016 1216 quis
1048 1162 1092 1200 in
1125 1162 1296 1201 domum
1327 1160 1510 1213 aliquam
1542 1166 1614 1200 aut
1643 1161 1687 1200 in
1718 1163 1979 1216 gymnasium
2011 1169 2083 1205 aut

297 1235 343 1275 in
373 1232 511 1272 forum
541 1228 722 1276 venerit,
754 1240 847 1267 cum
878 1225 1022 1266 videat
1041 1224 1227 1264 omnium
1248 1236 1385 1262 rerum
1408 1222 1638 1271 rationem,
1670 1225 1862 1272 modum,
1894 1226 2081 1279 discipli—

297 1310 417 1344 nam,
448 1307 532 1334 non
563 1291 696 1346 possit
726 1303 775 1329 ea
806 1289 898 1328 sine
931 1300 1058 1327 causa
1083 1285 1173 1327 fieri
1196 1286 1401 1332 iudicare,
1434 1285 1509 1325 sed
1533 1299 1623 1326 esse
1645 1286 1830 1340 aliquem
1851 1288 2080 1342 intellegat,

298 1358 369 1412 qui
400 1355 559 1411 praesit
589 1360 632 1394 et
662 1352 731 1393 cui
761 1356 979 1406 pareatur,
1021 1349 1153 1389 multo
1186 1348 1318 1402 magis
1349 1349 1392 1389 in
1423 1349 1547 1389 tantis
1578 1351 1835 1391 motionibus
1868 1353 2083 1406 tantisque

248 1419 676 1466 20vicissitudinihus,
708 1423 792 1456 tam
822 1414 1046 1455 multarum
1079 1426 1219 1452 reruni
1250 1417 1378 1466 atque
1410 1418 1619 1452 tantarum
1652 1414 1893 1462 ordinibus,
1923 1415 1966 1454 in
1989 1415 2083 1468 qui-

297 1486 376 1526 hus
407 1483 512 1524 nihil
532 1493 734 1534 umquam
756 1479 947 1518 inmensa
970 1481 1011 1515 et
1034 1473 1197 1515 infinita
1218 1480 1405 1515 vetustas
1429 1476 1605 1516 mentita
1627 1476 1700 1524 sit,
1733 1482 1887 1517 statuat
1909 1491 2082 1518 necesse

298 1553 362 1588 est
391 1546 443 1586 ab
475 1545 618 1598 aliqua
649 1547 789 1582 mente
820 1545 958 1580 tantos
980 1544 1155 1578 naturae
1178 1544 1315 1578 motus
1338 1538 1576 1591 gubernari.
1635 1540 1705 1578 VI.
1728 1537 1793 1579 116.
1821 1540 2082 1594 Chrysippus

295 1609 489 1665 quidem,
521 1618 776 1661 quamquam
807 1609 871 1643 est
900 1601 1105 1642 acerrimo
1149 1601 1342 1654 ingenio,
1381 1607 1520 1641 tamen
1563 1614 1612 1641 ea
1649 1601 1772 1649 dicit,
1811 1608 1858 1642 ut
1898 1600 1950 1643 ab
1991 1604 2083 1655 ipsa

295 1677 445 1713 natura
475 1669 689 1715 didicisse,
720 1681 806 1707 non
837 1671 883 1706 ut
910 1666 1000 1719 ipse
1029 1665 1269 1718 repperisse
1292 1663 1497 1704 videatur.
1551 1664 1620 1703 «Si
1652 1664 1787 1705 enim»
1822 1666 1963 1719 inquit
1995 1670 2084 1705 «est

244 1742 282 1772 25
296 1733 458 1788 aliquid
489 1733 531 1772 in
552 1745 694 1771 rerum
714 1735 883 1777 natura,
916 1728 1030 1782 quod
1052 1727 1237 1768 hominis
1260 1740 1400 1775 menS,
1434 1727 1549 1780 quod
1570 1727 1690 1775 ratio,
1723 1727 1837 1780 quod
1859 1728 1936 1775 vis,
1969 1726 2082 1781 quod

295 1801 480 1852 potestas
511 1794 696 1834 humana
727 1790 891 1832 efficere
923 1805 1010 1831 non
1042 1790 1196 1844 possit,
1229 1795 1291 1829 est
1322 1795 1433 1829 certe
1464 1789 1526 1837 id,
1559 1789 1672 1842 quod
1701 1790 1806 1830 iliud
1830 1787 1977 1838 efficit,
2008 1789 2083 1830 ho-

296 1861 408 1901 mine
439 1858 617 1898 melius:
656 1856 773 1910 atqui
804 1869 872 1895 res
904 1855 1107 1895 caelestes
1139 1866 1373 1906 omnesque
1406 1865 1500 1899 eae,
1540 1866 1715 1905 quarum
1747 1858 1809 1892 est
1841 1852 1942 1892 ordo
1975 1865 2084 1892 sem-

296 1923 507 1978 piternus,
537 1920 591 1960 ab
622 1918 795 1958 homine
827 1916 975 1958 confici
1008 1930 1094 1956 non
1126 1921 1326 1968 possunt:
1359 1920 1420 1954 est
1451 1914 1579 1967 igitur
1609 1915 1670 1963 id,
1703 1928 1728 1955 a
1759 1928 1844 1969 quo
1876 1914 1948 1955 illa
1979 1927 2079 1954 con-

296 1985 512 2032 ficiuntur,
550 1982 723 2023 homine
766 1981 929 2021 melius.
980 1979 1027 2019 Id
1069 1984 1206 2019 autem
1246 1977 1348 2032 quid
1391 1978 1532 2031 potius
1572 1978 1730 2018 dixeris
1761 1991 1887 2032 quam
1919 1978 2082 2018 deum?

246 2047 464 2089 30Etenim
496 2046 530 2086 si
562 2046 603 2085 di
634 2058 719 2084 non
750 2049 866 2092 sunt,
909 2042 1011 2097 quid
1049 2054 1140 2081 esse
1179 2046 1322 2094 potest
1363 2040 1407 2080 in
1445 2054 1584 2081 rerum
1614 2046 1763 2081 natura
1794 2041 1963 2081 homine
1995 2054 2083 2081 me-

296 2111 412 2151 lius?
443 2110 487 2149 in
519 2122 568 2149 eo
601 2109 713 2148 enim
745 2106 833 2146 solo
866 2111 928 2146 est
959 2106 1084 2152 ratio,
1118 2117 1200 2158 qua
1232 2104 1335 2144 nihil
1365 2109 1507 2158 potest
1528 2117 1620 2144 esse
1641 2105 1933 2158 praestantius.
1977 2104 2083 2144 Esse

298 2178 439 2214 autem
469 2171 710 2217 hominem,
755 2169 826 2222 qui
856 2168 962 2208 nihil
993 2168 1037 2207 in
1070 2167 1183 2207 omni
1216 2167 1374 2207 mundo
1407 2166 1556 2206 melius
1592 2180 1684 2206 esse
1717 2180 1842 2220 quam
1874 2181 1918 2207 se
1950 2172 2083 2221 putet,

299 2234 545 2289 desipientis
577 2232 845 2286 adrogantiae
878 2236 967 2270 est:
1012 2243 1109 2282 ergo
1141 2235 1202 2269 est
1234 2229 1396 2282 aliquid
1428 2229 1605 2269 melius:
1649 2234 1712 2269 est
1741 2230 1866 2282 igitur
1895 2230 2082 2283 profecto

301 2298 445 2338 deus.»
499 2294 566 2336 ¹17.
593 2297 658 2335 An
679 2308 798 2341 vero,
832 2294 867 2333 si
890 2293 1061 2332 domum
1085 2305 1278 2345 magnam
1300 2291 1606 2346 pulchramque
1629 2292 1806 2339 videris,
1838 2305 1923 2331 non
1946 2292 2083 2345 possis

250 2369 287 2399 35
301 2360 452 2402 adduci
482 2364 551 2407 ut,
583 2359 709 2399 etiam
741 2359 775 2398 si
807 2357 1023 2397 dominum
1055 2369 1140 2395 non
1171 2355 1335 2402 videas,
1367 2355 1556 2395 muribus
1587 2355 1702 2395 illam
1734 2360 1775 2395 et
1800 2355 1992 2395 mustelis
2014 2368 2084 2395 ae-

389 2561 421 2592 4.
446 2558 646 2599 coeperimus
674 2559 702 2589 A
735 2574 769 2578 —
802 2556 834 2588 4.
860 2558 959 2588 terret
991 2555 1015 2587 C
1051 2572 1085 2577 —
1119 2554 1149 2586 6.
1177 2554 1303 2586 labibus
1327 2552 1551 2585 Gulielmius:
1585 2553 1751 2593 lapidibus
1775 2551 1804 2585 ⁹21
1832 2570 1866 2575 -
1900 2553 1931 2584 7.
1959 2552 2085 2592 (acibus

303 2611 358 2653 (us
381 2619 427 2642 m.
455 2618 526 2642 sec.
554 2609 588 2640 in
613 2607 751 2647 rasura)
777 2608 804 2638 A
832 2624 866 2629 —
898 2606 947 2637 his
970 2608 997 2636 A
1012 2605 1036 2637 C
1051 2605 1098 2642 E3
1131 2605 1159 2635 is
1181 2605 1205 2635 B
1235 2622 1270 2626 —
1302 2604 1332 2636 8.
1360 2604 1570 2635 cincinnatas
1593 2603 1670 2635 A2'B
1687 2604 1710 2635 C
1726 2604 1775 2635 E:
1802 2602 2000 2634 cincinnitas
2022 2602 2082 2641 A¹;

301 2662 442 2694 crinitas
466 2661 503 2692 Ο.
538 2658 588 2692 Cf.
607 2656 724 2690 Schol.
742 2658 864 2689 iuven.
883 2657 939 2695 Vl,
959 2655 1036 2688 407.
1058 2673 1092 2677 —
1121 2655 1152 2686 9.
1178 2655 1312 2694 fuerunt
1336 2663 1427 2686 corr.
1449 2663 1491 2685 ex
1514 2654 1614 2694 fuerit
1631 2656 1657 2685 Α
1677 2669 1711 2676 -
1740 2654 1793 2685 40.
1813 2653 1939 2694 aquilio
1955 2653 1982 2683 A
1999 2653 2022 2683 C
2038 2652 2080 2684 E:

304 2712 428 2753 quilino
452 2712 498 2747 133
525 2709 669 2749 Aquillio
693 2708 717 2739 O
745 2725 780 2730 -—
806 2716 871 2738 608.
897 2708 924 2738 A
939 2707 962 2738 C
993 2723 1026 2727 —
1055 2704 1107 2737 13.
1132 2707 1240 2735 motus
1264 2704 1297 2735 in
1321 2704 1532 2735 conversione
1555 2703 1638 2734 caeli
1661 2703 1845 2740 Davisius,
1875 2706 1982 2734 motus
2005 2711 2085 2733 con-

302 2763 555 2801 versionumque
581 2759 665 2790 caeli
693 2757 885 2789 Ernestius.
916 2774 951 2778 —
985 2754 1037 2787 214.
1066 2755 1261 2786 varietatem
1286 2754 1485 2784 Manutius:
1517 2753 1694 2784 utilitatem
1717 2752 1745 2785 ⁸21
1774 2770 1808 2775 -
1848 2753 1900 2784 119.
1921 2754 2086 2792 pareator

304 2808 345 2845 A¹
373 2829 407 2834 —
433 2811 486 2842 20.
513 2810 593 2841 Post
615 2806 897 2840 uicissitudinibzcs
921 2804 1036 2836 deleta
1061 2807 1142 2836 sunt
1165 2805 1198 2835 in
1218 2805 1241 2835 B
1260 2803 1368 2835 verba
1395 2808 1465 2835 tam
1489 2804 1673 2834 mullorum
1689 2820 1737 2826 --
1753 2807 1861 2834 motus
1883 2802 2082 2844 yubernari;

305 2864 382 2894 tum
406 2861 602 2900 sequuntur
625 2858 735 2890 verba
758 2867 801 2889 ea:
823 2865 888 2888 sese
906 2856 1119 2896 perfectiores
1144 2856 1172 2895 (ἓ
1191 2855 1242 2895 86)
1268 2872 1286 2877 -
1302 2872 1320 2877 -
1337 2863 1421 2893 qaae
1446 2863 1519 2885 cum
1544 2863 1707 2885 maxuma
1732 2853 1761 2894 <g
1787 2853 1879 2892 456),
1906 2854 1980 2883 tum
2007 2852 2085 2892 (ite-

307 2912 397 2949 rum)
423 2914 493 2942 cam
515 2910 697 2941 multarum
721 2916 834 2939 rerum
859 2908 926 2938 cet.
954 2905 1003 2937 Cf.
1023 2915 1055 2946 p.
1075 2905 1149 2936 369.
1172 2921 1206 2926 ——
1234 2908 1302 2936 lam
1326 2905 1511 2935 mzdtarwn
1528 2922 1576 2927 --
1595 2902 1765 2936 ordinibus
1788 2903 1822 2933 in
1846 2909 1916 2933 ras.
1938 2909 1985 2932 m.
2008 2909 2082 2933 sec.

308 2964 335 2995 A
359 2978 403 2985 -—
431 2959 483 2991 24.
510 2959 687 2999 repperisse
716 2958 764 2989 B:
798 2965 956 2997 reperisse
978 2955 1085 2987 ACE
1104 2955 1128 2985 O
1161 2971 1192 2977 -
1226 2955 1277 2986 ⁶26,
1305 2954 1377 2987 illuc
1409 2952 1449 2986 Α1
1478 2972 1513 2976 -
1545 2955 1598 2986 27.
1625 2954 1727 2992 adqui
1750 2955 1776 2985 Α
1811 2969 1845 2974 -
1877 2951 1931 2983 ⁶28.
1957 2960 1979 2982 a
2003 2951 2081 2983 cod.

310 3009 571 3050 Glogaviensis:
597 3017 667 3040 om.
687 3006 754 3041 QIO
782 3025 817 3029 —
845 3016 908 3047 quo
934 3015 1024 3037 corr.
1052 3014 1093 3037 ex
1118 3005 1205 3044 quod
1229 3005 1278 3039 C:
1306 3005 1392 3044 quod
1417 3005 1441 3035 E
1468 3022 1502 3026 —
1530 3005 1583 3036 ⁶29.
1610 3006 1693 3037 Post
1717 3005 1812 3035 deum
1836 3003 1870 3034 in
1896 3003 1920 3033 A
1937 3001 2000 3034 CE
2025 3009 2084 3033 se-

311 3059 466 3101 quuntur
488 3059 645 3099 largitate
661 3075 708 3081 —-
725 3058 856 3089 uidetur
880 3057 909 3095 (ἓ
937 3056 1030 3095 1156),
1064 3057 1138 3086 tum
1163 3064 1204 3085 ez
1228 3063 1292 3085 sese
1316 3054 1527 3094 perfectiores
1543 3053 1573 3094 (δ’
1592 3054 1642 3093 86)
1662 3071 1710 3078 --
1728 3062 1813 3093 quae
1835 3062 1909 3084 cum
1932 3053 2084 3084 maxima

311 3110 344 3151 (g
370 3109 460 3149 ⁴56),
493 3110 567 3139 tum
591 3108 624 3139 in
647 3109 674 3139 A
689 3108 712 3139 C
739 3107 856 3139 etenim
880 3107 907 3137 si
930 3106 963 3138 di
988 3106 1070 3143 cet.,
1102 3104 1137 3135 in
1162 3103 1186 3134 E
1212 3106 1331 3134 autem
1356 3108 1424 3135 [arn
1447 3104 1629 3135 >mitellarum
1652 3112 1766 3135 rerum
1790 3107 1889 3142 atque
1911 3106 2086 3134 tantarum

313 3161 380 3192 cet.
406 3159 453 3190 ita
477 3160 514 3190 ut
537 3159 572 3189 in
596 3158 664 3188 hoc
688 3158 809 3189 codice
834 3165 960 3189 versus
977 3154 1106 3187 20—29
1131 3154 1211 3195 (tant
1234 3154 1483 3185 ‹mullarum—-
1500 3163 1601 3194 quam
1625 3153 1732 3195 deum)
1756 3153 1810 3185 bis
1834 3152 2006 3193 legantur.
2032 3152 2082 3184 De

313 3208 379 3242 PV
403 3207 493 3239 conf.
518 3216 554 3249 p.
573 3207 635 3239 369
659 3215 712 3247 sq.
734 3224 769 3230 —
795 3207 848 3240 30.
869 3209 976 3247 potest
998 3214 1063 3238 esse
1087 3204 1111 3236 O
1140 3222 1174 3227 —-
1202 3204 1255 3236 31.
1281 3204 1368 3235 ratio
1393 3208 1437 3236 esc
1461 3205 1486 3236 O
1512 3221 1547 3226 —
1575 3203 1629 3236 32.
1651 3203 1813 3235 hominem
1837 3210 1928 3234 corr.
1953 3210 1997 3234 ex
2021 3201 2083 3232 Ιιο-

316 3259 443 3291 minum
466 3259 504 3289 A.
