2249 3624
922 187 1263 232 FRAGMENTA.
1863 188 1970 230 ’1049

216 301 274 329 or.
304 301 378 341 pro
418 288 580 328 Plancio
621 301 656 328 c.
699 291 758 328 34.
800 289 1015 328 voluminis
1053 292 1180 330 instar
1219 292 1342 331 fuisse
1373 298 1557 333 testatur.
1599 295 1667 341 (cf.
1698 295 1780 334 Cic.
1811 307 1867 332 or.
1898 306 1970 345 pro

216 351 327 392 Sulla
365 365 400 391 c.
435 353 514 401 24.)
554 353 899 392 Commentariun]
936 360 1071 392 autem
1111 356 1318 405 ιίιτιψικὸν
1347 358 1473 406 magis
1503 369 1622 408 quum
1652 358 1970 408 ιζ’κιυιιιιιυιικὶιν

215 414 341 454 fuisse
374 415 462 466 ipse
494 414 647 454 ibidem
684 416 896 466 siguificat.
951 419 1009 455 Ac
1046 424 1237 468 quautam
1276 418 1514 458 Plutarchus
1556 422 1589 458 ei
1620 420 1739 459 {idem
1769 420 1968 467 habuerit,

214 475 355 515 videre
384 476 478 516 licet
505 489 527 516 e
556 478 744 516 Caesaris
773 479 878 516 vitae
907 491 940 516 c.
970 480 1005 517 8.
1063 480 1253 518 Ceterum
1283 481 1334 518 de
1355 482 1562 520 Ciceronis
1583 482 1794 521 consulatu
1816 483 1970 521 Atticus

215 537 360 578 eodem
399 545 583 591 tempore
624 540 778 580 Graece
819 542 1021 592 exposuit.
1077 542 1189 579 Idem
1232 548 1273 580 ut
1313 544 1553 582 Posidonius
1593 545 1771 583 Rhodius
1805 546 1968 592 faceret,

213 606 355 654 optare
394 614 438 640 se
479 603 691 653 professus
732 609 794 641 est
823 604 966 642 Cicero
995 602 1047 641 ad
1075 606 1157 642 Att.
1191 604 1217 642 l.
1248 606 1292 643 11.
1325 618 1388 656 ep.
1422 607 1454 644 1.
1513 606 1558 644 Ut
1584 606 1729 645 iisdem
1758 606 1807 644 (le
1844 606 1969 645 rebus

213 663 437 703 memoriae
463 663 683 715 proderet,
714 666 929 704 Lucceium
957 665 1161 716 pulcliella
1187 666 1276 715 illa,
1307 679 1427 718 quain
1450 669 1537 719 ipse
1559 669 1723 720 quidem
1744 668 1967 719 praedicat,

213 725 383 778 epistola
425 726 497 774 (ad
532 728 618 766 Div.
656 727 681 766 l.
712 729 756 766 V.
800 729 874 778 12.)
917 728 1109 778 flagitavit
1148 741 1253 768 anno
1292 742 1328 768 u.
1369 732 1454 770 698.
1514 732 1660 770 Nonne.
1714 730 1970 779 (Plutarchus

210 788 252 828 in
291 789 469 829 Caesare
512 802 545 828 c.
587 791 622 829 8.
668 791 906 829 Ciceronem
946 792 986 828 ἐν
1015 795 1069 838 τῷ
1095 792 1181 842 ,Ἶῳὶ
1212 796 1283 839 τῆς
1313 796 1500 835 maram
1528 793 1700 832 laudans
1729 800 1768 832 et
1805 794 1968 832 Cassius

208 851 282 891 Dio
322 853 383 902 46,
425 853 487 893 21.
529 855 576 901 Q.
615 854 725 892 Fufio
765 852 916 892 Caleno
946 853 1046 892 haec
1073 854 1178 892 inter
1205 854 1280 893 alia
1309 855 1517 894 tribuens:
1559 858 1810 908 :19‹›1‘›‘e]a.<1·‹1‚.·
1837 863 1968 894 ςιιιῑιίιι

208 913 262 953 τὰ
301 918 350 971 τῇ
390 915 499 953 πόλει.
537 914 800 965 πει-τραχιιέττι
841 914 1080 964 σι’γγραιβναι
1123 913 1210 960 (καὶ
1249 918 1322 965 γὰρ
1361 916 1559 964 mustum).-
1599 915 1667 954 καὶ
1696 915 1862 965 ποιητὴς
1897 915 1965 952 καὶ

209 976 436 1026 φιλόσοφος
469 974 537 1014 καὶ
574 976 706 1026 ῥήτωρ
741 974 809 1013 καὶ
850 978 1108 1026 σι’;’γρ(ι(]ᾘ“·ς
1143 975 1244 1013 εἶναι
1282 977 1510 1026 πλάττεται)
1549 976 1657 1016 ἔπειτ’
1693 981 1766 1015 mm.
1795 981 1874 1015 (12:11)
1901 981 1968 1026 τῆς

208 1039 373 1082 κτίσεως
409 1038 550 1086 αὐτῆς,
583 1037 713 1087 ὥσπερ
750 1043 787 1075 οἱ
817 1036 930 1074 ἄλλοι
965 1043 1003 1074 οἱ
1039 1041 1159 1075 τοῦτο
1201 1042 1419 1081 ποιοῦντες,
1446 1040 1547 1077 ἀλλὰ
1576 1040 1657 1078 απὸ
1683 1045 1752 1088 τῆς
1781 1041 1967 1081 ι’,κίατέίιις

207 1103 277 1150 τῆς
318 1100 465 1139 ἑαυτοῦ
504 1100 670 1151 ἤρξατο,
713 1102 780 1138 ἵνα
808 1100 1013 1137 &umatus
1040 1104 1263 1150 προχωρῶν
1288 1100 1422 1151 ἀρχὴν
1448 1105 1523 1152 μέν
1551 1105 1621 1139 τοῦ
1648 1102 1766 1152 λόγον
1801 1104 1966 1148 ἑκειίιμπ

208 1162 392 1212 τελευτὴν
418 1162 456 1202 δὲ
485 1162 558 1212 τὴν
586 1166 657 1200 τοῦ
679 1163 894 1213 Ῥωμύλου
920 1163 1131 1212 ιι’)ἀιῑιλιειίιν
1159 1163 1392 1209 ποιήσηται·
1424 1185 1467 1190 --
1496 1162 1606 1202 illuni
1634 1164 1964 1202 commentarium

208 1225 365 1264 Graece
401 1225 600 1276 scriptum
635 1222 825 1262 videntur
851 1222 1104 1274 significare,
1135 1235 1184 1261 ex
1213 1225 1414 1263 sententia
1443 1226 1562 1264 etiam
1590 1226 1776 1264 Reimari.
1811 1226 1964 1264 Gracco

207 1292 343 1326 autem
377 1285 443 1325 illo
484 1286 774 1325 commentario
803 1285 854 1324 de
896 1284 1109 1323 consulatu
1145 1297 1240 1334 suo,
1283 1292 1448 1325 notante
1477 1288 1598 1326 etiam
1627 1288 1839 1334 Heerenio‚
1869 1287 1964 1326 Plu—

206 1350 372 1389 tarchus
399 1362 500 1389 usus
527 1349 688 1388 videtur
713 1349 754 1386 in
783 1346 987 1387 narranda
1016 1348 1293 1387 coniuratione
1323 1348 1553 1388 Catilinaria
1582 1363 1750 1401 prorsus
1780 1350 1964 1400 neglecto

207 1411 414 1451 Sallustio.
470 1413 530 1451 Ex
569 1411 645 1451 hoc
685 1411 974 1450 commentario
1014 1411 1140 1461 petita
1177 1418 1271 1450 sunt
1310 1412 1430 1451 etiam
1465 1412 1531 1451 illa
1572 1413 1681 1464 apud
1710 1412 1963 1452 Plutarchum

210 1474 349 1514 Crass.
386 1487 422 1514 c.
455 1476 525 1515 13:
574 1475 649 1513 Ἐν
670 1479 726 1522 τῷ
764 1474 852 1523 περὶ
883 1475 1071 1516 ὑπατείας
1099 1476 1120 1511 ὑ
1147 1476 1327 1526 Κικέρων
1355 1476 1512 1525 νύκτωρ
1544 1476 1642 1523 (smil
1675 1478 1742 1513 τοτ’
1771 1481 1965 1525 Κράσσον

210 1538 439 1586 ἀφικέσθαι
470 1536 570 1586 πρὸς
606 1535 730 1575 αὑτὸν
769 1535 980 1584 ἐπιστολὴν
1020 1539 1242 1587 κομίζοντα
1282 1536 1368 1586 περὶ
1403 1541 1476 1574 τοῦ
1502 1539 1698 1575 Κατιλίνα
1724 1537 1792 1575 καὶ
1823 1542 1962 1584 ζητου-

204 1600 332 1652 μένην
361 1599 451 1651 (leg.
485 1602 680 1638 Κατιλίνα
708 1598 981 1650 αἰτιωμὲιᾛν),
1016 1600 1068 1641 ως
1094 1597 1166 1648 ἤδη
1193 1602 1442 1650 βεβαιοῦντα
1469 1600 1542 1648 τὴν
1570 1602 1844 1651 συνωμοσίαν.
1874 1599 1962 1648 OR.)

1000 1735 1107 1773 L113.
1150 1737 1181 1774 Ι.

315 1859 526 1898 Servius
568 1858 620 1897 ad
656 1859 762 1909 Virg.
800 1857 883 1897 Ecl.
920 1859 1024 1897 VIII.
1067 1871 1104 1895 v.
1135 1859 1203 1898 106
1232 1870 1294 1910 sq.
1325 1871 1365 1910 p.
1396 1860 1456 1897 47.
1512 1859 1768 1911 (Adspice,
1799 1861 1963 1899 corri-

207 1922 316 1974 puit
355 1920 585 1960 tremulis
627 1919 812 1959 altaria
852 1919 1077 1959 flammis
1117 1921 1306 1971 Sponte
1347 1922 1460 1969 sua)
1501 1921 1601 1960 haee
1647 1921 1835 1961 adnotat:
1880 1924 1964 1960 Sine

205 1989 290 2034 iqne
329 1987 446 2022 subito
490 1996 533 2021 επ
569 1987 657 2031 ipsis
687 1985 864 2020 cineribus
891 1987 1040 2030 flamma
1072 1987 1225 2020 emersit.
1262 1985 1341 2020 Hoc
1375 1987 1485 2021 uxori
1515 1985 1693 2021 Ciceronis
1720 1989 1854 2021 dicitur
1881 1998 1964 2022 con-

204 2051 348 2097 tiqisse,
393 2060 473 2085 cum
510 2054 590 2094 post
628 2053 813 2094 peractum
852 2049 1071 2093 sacrificium
1106 2049 1221 2083 libare
1261 2049 1362 2083 vellet
1401 2051 1439 2083 in
1472 2051 1646 2090 cinerem,
1677 2061 1721 2084 em
1747 2052 1822 2095 ipso
1848 2052 1963 2085 cinere

207 2115 359 2160 flamma
401 2114 586 2156 surrexit,
634 2123 724 2158 quae
758 2114 907 2158 flamma
934 2113 1053 2146 eodem
1083 2122 1178 2146 αηηο
1206 2112 1384 2146 consulem
1413 2113 1576 2155 futurum
1604 2114 1753 2148 ostendit
1779 2115 1853 2147 eius
1886 2124 1963 2148 ma-

203 2176 330 2217 ritum,
366 2177 458 2211 sicut
489 2174 608 2210 Cicero
637 2176 675 2210 in
701 2185 765 2210 suo
798 2179 947 2209 testatur
972 2179 1147 2220 poemate.
1258 2168 1261 2171 ’

978 2308 1091 2346 LIB.
1143 2308 1188 2346 ll.

303 2433 502 2485 Principio
533 2431 713 2472 aetherio
740 2431 971 2470 flammatus
1002 2432 1184 2482 Iuppiter
1214 2432 1292 2481 igni
1351 2470 1356 2474 ,

201 2497 381 2535 Vertitur
412 2502 452 2534 et
479 2499 606 2534 totum
638 2493 862 2533 conlustrat
890 2493 1041 2532 lumine
1075 2492 1269 2532 mundum

201 2560 417 2609 Menteque
452 2557 586 2596 divina
613 2556 769 2595 caelum
795 2562 1010 2607 terrasque
1031 2557 1218 2607 petessit‚

201 2622 314 2668 Quae
341 2620 505 2672 penitus
534 2631 682 2657 sensus
710 2618 916 2656 hominum
945 2619 1133 2668 vitasque
1159 2624 1353 2667 retentat,

197 2682 385 2722 Aetheris
413 2682 567 2721 aeterni
591 2686 732 2732 saepta
762 2686 884 2731 atque
913 2680 1069 2719 inclusa
1098 2682 1296 2719 cavernis.
1935 2684 1957 2721 5

197 2745 248 2784 Et
277 2744 311 2783 si
339 2743 550 2783 stellarum
583 2749 717 2781 motus
749 2754 978 2793 cursusque
1011 2744 1195 2793 vagantis

197 2807 328 2846 Nosse
355 2805 481 2853 velis,
512 2818 616 2857 quae
640 2807 719 2844 sint
751 2806 958 2856 signorum
985 2806 1025 2843 in
1056 2805 1154 2844 sede
1186 2804 1369 2853 locatae,

198 2870 312 2917 Quae
339 2868 466 2907 verbo
494 2874 533 2906 et
562 2868 671 2906 falsis
698 2868 907 2907 Graiorum
937 2867 1106 2906 vocibus
1141 2874 1300 2914 errant,

196 2931 254 2970 Re
282 2943 378 2969 vera
403 2936 513 2969 certo
539 2930 657 2982 lapsu
686 2931 900 2981 spatioque
931 2930 1127 2975 seruntur,

199 2992 344 3031 Omnia
370 2993 450 3031 iam
478 3004 622 3030 cernes
650 2991 784 3030 divina
817 2996 954 3030 mente
987 2997 1139 3030 notata.
1910 2996 1954 3034 10

198 3054 299 3092 Nam
327 3055 501 3104 primum
542 3059 743 3092 astrorum
776 3052 952 3091 volucris
980 3058 1018 3090 te
1047 3052 1213 3091 consule
1242 3058 1375 3090 motus

201 3115 520 3167 Concursusque
552 3115 685 3165 gravis
714 3113 923 3153 stellarum
951 3114 1096 3154 ardore
1128 3115 1312 3153 micantis

201 3177 261 3229 Tu
283 3188 472 3228 quoque,
502 3189 593 3215 cum
619 3176 794 3216 tumulos
819 3177 979 3217 Albano
1003 3178 1042 3215 in
1076 3182 1211 3215 monte
1243 3176 1385 3216 nivalis

201 3238 397 3277 Lustrasti
427 3243 467 3277 et
493 3238 598 3278 laeto
625 3239 809 3278 mactasti
836 3237 940 3277 lacte
980 3239 1163 3287 Latinas,
