2249 3624
341 133 421 175 460
722 139 790 178 DE
821 139 1028 180 FINIBUS
1060 140 1321 184 BONORUM
1350 144 1419 183 ET
1451 144 1715 185 MALORUM

340 254 477 297 neret,
509 262 618 296 Qvon
649 263 739 290 Elvs
771 263 949 292 VIRTVTE
982 257 1053 293 aut
1083 267 1329 295 FELICITATE
1362 262 1504 310 posset
1534 257 1692 304 dicere,
1738 257 1772 296 si
1804 270 1939 310 neque
1971 260 2102 299 virtus

337 313 380 352 in
420 313 504 353 ullo
545 314 624 353 nisi
661 314 704 353 in
746 315 934 367 sapiente
965 329 1042 355 nec
1071 315 1249 358 felicitas
1279 332 1375 358 vere
1408 318 1489 358 dici
1521 321 1690 371 potest?
1738 318 1854 366 Quae
1886 326 1949 360 est
1978 321 2104 373 igitur

336 376 416 417 ista
444 376 733 430 philosophia,
766 391 873 430 quae
904 379 1114 418 communi
1149 394 1260 420 more
1291 381 1334 420 in
1364 381 1454 421 foro
1486 381 1695 435 loquitur,
1733 381 1777 420 in
1808 381 1963 422 libellis
1994 386 2102 422 suo?

336 439 578 491 praesertim
618 453 730 487 cum,
773 440 886 493 quod
932 441 993 480 illi
1036 442 1124 481 suis
1155 443 1293 482 verbis
1325 444 1580 496 significent,
1621 445 1663 483 in
1695 458 1745 483 eo
1778 444 1881 483 nihil
1912 451 2103 493 novetur,

305 501 508 542 5eaedem
538 514 604 540 res
635 507 832 542 maneant
862 502 943 542 alio
976 503 1114 544 modo.
1165 503 1232 544 ⁶23.
1259 506 1370 553 Quid
1402 507 1513 546 enim
1544 507 1739 554 interest,
1772 507 1957 556 divitias,
1989 522 2104 561 opes,

336 563 618 603 valetudinem
658 564 769 604 bona
800 565 911 605 dicas
947 579 1055 606 anne
1086 569 1342 621 praeposita,
1385 583 1478 609 cum
1511 569 1602 617 ille,
1635 570 1707 623 qui
1739 570 1818 609 ista
1849 570 1960 610 bona
1991 570 2104 618 dicit,

334 626 466 665 nihilo
510 626 604 679 plus
646 626 695 666 iis
737 628 891 667 tribuat
926 642 1049 682 quam
1092 634 1158 677 tu,
1204 631 1274 683 qui
1310 631 1456 671 eadem
1488 632 1556 671 illa
1600 632 1838 685 praeposita
1883 634 2103 673 nominas?

334 689 481 741 Itaque
525 689 652 728 homo
700 690 743 729 in
789 690 932 743 primis
980 692 1187 744 ingenuus
1234 699 1274 733 et
1317 694 1474 746 gravis,
1515 695 1666 747 dignus
1710 695 1782 734 illa
1823 695 2103 735 familiaritate

335 751 540 803 Scipionis
582 756 623 791 et
663 752 819 800 Laelii,
861 754 1103 802 Panaetius,
1143 769 1236 795 cum
1276 757 1327 795 ad
1368 755 1417 803 Q.
1449 756 1713 796 Tuberonem
1754 757 1804 796 de
1847 757 1990 797 dolore
2031 771 2104 810 pa-

286 826 319 855 10
333 812 475 853 tiendo
509 813 727 862 scriberet,
768 816 882 869 quod
914 829 1005 856 esse
1038 823 1162 870 caput
1193 817 1391 865 debebat,
1435 819 1467 857 si
1500 819 1668 871 probari
1700 825 1865 872 posset,
1897 833 2100 873 nusquam

333 876 489 929 posuit,
520 889 604 916 non
636 891 728 917 esse
760 879 914 918 malum
946 879 1155 927 dolorem,
1188 880 1259 919 sed
1293 880 1395 934 quid
1427 886 1538 920 esset
1569 886 1608 920 et
1639 882 1782 934 quale,
1815 887 2101 934 quantumque

332 938 372 976 in
415 951 463 977 eo
505 943 617 978 esset
656 940 801 988 alieni,
845 940 997 981 deinde
1035 955 1142 993 quae
1180 943 1284 982 ratio
1317 949 1426 982 esset
1456 943 1714 996 perferendi:
1758 945 1876 984 cuius
1908 944 2100 997 quidem,

332 1001 529 1052 quoniam
564 1002 729 1043 Stoicus
765 1003 864 1052 fuit,
914 1005 1121 1044 sententia
1153 1003 1430 1043 condemnata
1470 1005 1573 1044 mihi
1604 1005 1771 1044 videtur
1801 1019 1891 1045 esse
1922 1007 2101 1047 inanitas

331 1063 411 1102 ista
441 1064 673 1105 verborum.

282 1137 317 1166 15
443 1127 495 1166 Χ.
526 1125 592 1166 ⁶24.
626 1127 707 1168 Sed
746 1133 791 1168 ut
821 1129 991 1182 propius
1023 1128 1074 1168 ad
1107 1142 1176 1176 ea,
1212 1129 1326 1176 Cato,
1358 1129 1577 1178 accedam,
1610 1144 1716 1183 quae
1745 1144 1769 1170 a
1798 1136 1837 1170 te
1860 1130 1969 1170 dicta
1992 1136 2101 1178 sunt,

330 1190 514 1241 pressius
555 1203 726 1242 agamus
759 1204 911 1243 eaque,
953 1204 1061 1244 quae
1093 1192 1218 1230 modo
1251 1190 1417 1239 dixisti,
1458 1206 1552 1232 cum
1584 1193 1634 1232 iis
1667 1193 1952 1239 conferamus,
1995 1206 2101 1246 quae

329 1253 410 1292 tuis
450 1260 673 1305 antepono.
738 1253 857 1301 Quae
890 1259 984 1292 sunt
1015 1253 1140 1305 igitur
1172 1255 1410 1294 communia
1443 1255 1558 1294 vobis
1591 1269 1683 1295 cum
1715 1256 1922 1309 antiquis,
1961 1255 2012 1294 iis
2045 1255 2102 1294 sic

329 1319 492 1354 utamur
524 1316 644 1368 quasi
676 1316 906 1363 concessis,
939 1329 1047 1369 quae
1079 1315 1121 1355 in
1145 1317 1476 1356 controversiam
1500 1318 1692 1365 veniunt,
1725 1317 1775 1357 de
1797 1318 1862 1365 iis,
1894 1317 1928 1356 si
1950 1317 2100 1369 placet,

328 1376 594 1417 disseramus.
652 1378 753 1417 Mihi
791 1392 911 1424 vero,
951 1378 1111 1431 inquit,
1155 1379 1291 1431 placet
1322 1380 1387 1432 agi
1419 1380 1614 1419 subtilius
1647 1386 1706 1428 et,
1746 1386 1792 1419 ut
1822 1380 1911 1433 ipse
1944 1380 2100 1427 dixisti,

277 1449 312 1478 20
327 1441 525 1492 pressius.
587 1441 705 1489 Quae
746 1441 858 1480 enim
888 1441 1024 1481 adhuc
1056 1441 1284 1494 protulisti,
1327 1443 1545 1495 popularia
1577 1448 1694 1490 sunt,
1727 1456 1803 1495 ego
1836 1448 1973 1482 autem
2006 1455 2029 1481 a
2060 1448 2099 1482 te

327 1502 584 1554 elegantiora
615 1503 822 1543 desidero.
872 1504 906 1543 A
929 1517 1049 1544 mene
1073 1507 1144 1543 tu?
1176 1505 1361 1557 inquam,
1393 1505 1466 1544 sed
1494 1511 1633 1545 tamen
1657 1505 1792 1545 enitar
1812 1511 1872 1552 et,
1906 1505 1939 1545 si
1962 1506 2099 1545 minus

327 1565 456 1604 multa
486 1565 587 1604 mihi
618 1571 860 1613 occurrent,
902 1580 985 1607 non
1025 1566 1180 1619 fugiam
1213 1567 1291 1606 ista
1324 1567 1557 1619 popularia.
1618 1566 1684 1606 (¹25.
1719 1568 1799 1607 Sed
1832 1568 2015 1620 positum
2047 1568 2100 1606 sit

325 1626 503 1679 primum
553 1633 716 1667 nosmet
757 1628 871 1681 ipsos
914 1629 1224 1668 commendatos
1267 1642 1357 1668 esse
1399 1630 1520 1669 nobis
1563 1631 1824 1683 primamque
1865 1643 1917 1669 ex
1953 1635 2099 1669 natura

324 1688 431 1728 hanc
461 1690 615 1730 habere
646 1692 968 1743 appetitionem,
1000 1697 1046 1731 ut
1078 1705 1371 1731 conservemus
1394 1697 1557 1731 nosmet
1589 1691 1716 1744 ipsos.
1766 1692 1856 1731 Hoc
1880 1693 2096 1732 convenit:

274 1763 310 1791 25
324 1752 517 1804 sequitur
546 1753 673 1802 illud,
706 1760 751 1793 ut
781 1755 1163 1794 animadvertamus
1195 1754 1267 1807 qui
1299 1754 1429 1793 sinius
1461 1754 1560 1807 ipsi,
1594 1759 1637 1794 ut
1669 1768 1744 1793 nos
1766 1755 1912 1807 quales
1935 1760 2098 1807 oportet

324 1826 415 1853 esse
447 1828 671 1856 servemus.
723 1817 875 1856 Sumus
906 1817 1033 1869 igitur
1063 1817 1278 1857 homines:
1312 1831 1365 1856 ex
1395 1818 1534 1856 animo
1568 1822 1805 1856 constamus
1837 1821 1876 1856 et
1907 1830 2096 1869 corpore,

324 1888 431 1928 quae
463 1882 559 1917 sunt
589 1878 805 1918 cuiusdam
839 1879 974 1927 modi,
1014 1893 1176 1932 nosque
1209 1885 1390 1931 oportet,
1422 1884 1468 1918 ut
1497 1881 1629 1932 prima
1659 1879 1861 1932 appetitio
1895 1879 2096 1918 naturalis

324 1939 524 1991 postulat,
569 1940 672 1980 haec
715 1941 888 1994 diligere
928 1943 1268 1995 constituereque
1312 1955 1363 1981 ex
1400 1942 1464 1982 his
1506 1940 1629 1982 finem
1660 1942 1778 1981 illum
1810 1943 1963 1981 summi
1995 1941 2094 1981 boni

323 2006 449 2054 atque
482 2003 639 2042 ultimi:
672 2017 817 2056 quem,
850 2005 883 2043 si
916 2005 1048 2056 prima
1069 2017 1164 2044 vera
1187 2010 1306 2052 sunt,
1339 2006 1396 2044 ita
1418 2005 1615 2044 constitui
1636 2018 1810 2043 necesse
1834 2010 1919 2052 est,
1952 2018 2094 2044 earum

273 2073 309 2103 30
323 2076 479 2112 rerum,
523 2078 630 2117 quae
669 2068 751 2106 sint
789 2066 1019 2106 secundum
1065 2072 1276 2114 naturam,
1318 2081 1442 2120 quam
1478 2067 1655 2120 plurima
1686 2071 1727 2106 et
1759 2080 1882 2120 quam
1914 2068 2096 2106 maxima

322 2127 509 2180 adipisci.
570 2126 635 2167 26.
679 2129 799 2169 Hunc
841 2130 966 2181 igitur
1006 2126 1129 2168 finem
1171 2130 1231 2168 illi
1277 2135 1521 2177 tenuerunt,
1563 2131 1763 2183 quodque
1797 2142 1872 2181 ego
1905 2128 2094 2181 pluribus

322 2189 480 2237 verbis,
522 2190 583 2229 illi
622 2191 812 2239 brevius,
852 2190 1083 2231 secundum
1123 2198 1312 2232 naturam
1344 2193 1501 2240 vivere,
1544 2193 1623 2232 hoc
1655 2193 1705 2232 iis
1738 2192 1941 2231 bonorum
1978 2190 2095 2230 vide-

323 2251 444 2291 batur
475 2258 722 2292 extremum.

435 2316 505 2354 XI.
537 2317 623 2368 Age
654 2330 764 2355 nunc
796 2317 862 2356 isti
885 2317 1062 2356 doceant
1084 2318 1147 2357 vel
1171 2323 1213 2357 tu
1238 2318 1377 2371 potius
1398 2340 1453 2344 —
1476 2318 1569 2370 quis
1592 2317 1703 2356 enim
1726 2316 1805 2356 ista
1828 2315 2004 2355 melius?
2031 2340 2094 2363 —,

271 2384 503 2429 35quonam
535 2378 659 2418 modo
690 2380 741 2419 ab
781 2379 911 2419 isdem
952 2380 1169 2433 principiis
1209 2381 1385 2433 profecti
1418 2380 1606 2420 efficiatis
1649 2386 1693 2419 ut
1731 2380 1908 2419 honeste
1939 2379 2092 2427 vivere,

320 2439 363 2478 id
403 2445 465 2480 est
504 2441 615 2480 enim
654 2443 719 2482 vel
760 2456 781 2482 e
829 2443 980 2481 virtute
1028 2443 1093 2481 vel
1137 2449 1308 2483 naturae
1356 2448 1636 2495 congruenter
1674 2443 1838 2489 vivere,
1886 2455 2093 2481 summum

320 2501 476 2542 bonum
517 2505 570 2544 sit
612 2510 653 2544 et
693 2518 875 2558 quonam
917 2505 1040 2544 modo
1081 2511 1150 2545 aut
1190 2520 1273 2558 quo
1314 2505 1407 2545 loco
1450 2519 1601 2558 corpus
1644 2505 1781 2545 subito
1825 2503 2093 2543 deserueritis

321 2565 546 2620 omniaque
590 2581 661 2615 ea,
713 2581 842 2621 quae,
889 2568 1120 2607 secundum
1160 2574 1350 2607 naturam
1393 2581 1486 2607 cum
1529 2568 1637 2614 sint,
1689 2567 1828 2607 absint
1877 2579 1901 2606 a
1951 2571 2095 2606 nostra

405 2765 437 2795 2.
463 2765 497 2796 in
521 2766 608 2796 nullo
631 2767 655 2796 B
672 2767 695 2798 E
728 2783 761 2789 -
797 2768 858 2798 m'si
880 2768 1025 2806 sapiente
1048 2768 1072 2798 B
1100 2784 1134 2788 -
1168 2768 1197 2798 3.
1225 2766 1337 2797 libellis
1360 2766 1383 2796 B
1400 2767 1444 2797 D:
1470 2765 1573 2796 libello
1599 2766 1663 2796 CO
1691 2783 1724 2786 —
1760 2764 1790 2797 l».
1817 2766 1867 2796 sui
1891 2766 1999 2797 uerbis
2027 2767 2050 2797 B
2066 2765 2090 2797 Ε

323 2832 356 2836 -
384 2819 520 2846 nocetur
544 2817 578 2847 P.
606 2816 734 2847 Faber:
768 2821 919 2848 mouetur
942 2818 965 2848 B
982 2818 1025 2854 E;
1051 2821 1226 2848 mouealur
1249 2818 1286 2846 G.
1314 2815 1414 2853 Quod
1440 2816 1471 2845 in
1498 2814 1674 2854 plerisque
1701 2815 1804 2846 codd.
1832 2814 1972 2846 additur
1995 2814 2089 2855 glos-

319 2872 417 2894 sema
434 2865 564 2904 deipsis
585 2866 679 2897 rebus
701 2867 782 2897 rnihil
804 2871 948 2898 mutetur
967 2876 1035 2898 om.
1056 2868 1080 2897 G
1091 2867 1135 2905 M,
1162 2865 1304 2897 seclusit
1321 2866 1345 2896 O
1371 2883 1404 2887 —
1432 2865 1461 2895 6.
1482 2865 1601 2895 bonam
1625 2865 1656 2895 d.
1676 2865 1699 2895 B
1714 2865 1738 2895 Ε
1759 2882 1793 2886 -
1821 2866 1852 2896 7.
1879 2865 1927 2906 iis]
1953 2866 2001 2897 his
2024 2867 2047 2897 B
2064 2866 2088 2897 O

323 2932 358 2936 —-
385 2914 415 2945 9.
434 2918 463 2945 el
487 2915 599 2954 Laelii]
624 2917 723 2947 edulii
747 2918 770 2947 Β
796 2934 830 2939 -
859 2918 896 2956 Q.
916 2926 985 2948 om.
1006 2917 1030 2948 B
1052 2935 1086 2938 —
1114 2916 1166 2947 40.
1189 2916 1291 2955 possit
1314 2915 1337 2946 B
1358 2931 1393 2936 —
1422 2916 1473 2945 Μ.
1501 2918 1530 2946 et
1553 2923 1623 2946 om.
1643 2915 1666 2946 B
1690 2932 1727 2938 —
1755 2915 1805 2946 ⁴2.
1825 2919 1902 2947 esset
1926 2917 1949 2947 B
1966 2918 2008 2947 G:
2035 2917 2090 2947 in—

319 2967 396 2994 esset
413 2965 443 2995 M
458 2965 494 2995 O.
523 2965 572 2996 Cf.
592 2974 624 3005 p.
646 2967 719 3003 458,
739 2967 769 2997 8.
787 2984 821 2988 -
847 2967 1043 3006 perferenda
1066 2966 1091 2997 E
1113 2984 1146 2988 -
1174 2967 1226 2997 43.
1247 2965 1413 3006 quonium]
1441 2974 1534 3003 quem
1559 2966 1582 2995 B
1612 2982 1642 2988 ——
1676 2964 1725 2996 44.
1754 2965 1898 2996 inanitas
1921 2966 1944 2996 B
1960 2967 2007 2995 G:
2034 2966 2090 2996 in·

319 3014 463 3044 manitas
486 3015 551 3046 Mo
571 3033 606 3037 —
635 3016 684 3046 45.
712 3025 732 3046 a
756 3016 794 3057 le]
821 3020 920 3047 antea
944 3017 967 3047 B
987 3033 1021 3037 —
1051 3016 1102 3047 116.
1128 3015 1178 3055 iis]
1202 3015 1250 3045 his
1273 3017 1296 3046 B
1312 3016 1336 3046 O
1358 3033 1391 3036 —
1424 3015 1475 3046 47.
1501 3014 1600 3055 rubis]
1625 3014 1716 3045 nobis
1741 3016 1764 3046 B
1780 3016 1803 3046 E
1824 3033 1857 3037 —
1885 3015 1935 3054 iis]
1960 3015 2008 3045 his
2024 3015 2047 3045 Β
2063 3015 2088 3045 O

322 3080 357 3084 —-
384 3063 436 3093 48.
464 3064 497 3094 in
521 3073 590 3095 om.
619 3065 641 3095 Β
672 3083 703 3085 -1
731 3066 782 3096 20.
809 3075 830 3097 a
855 3070 883 3097 te
907 3074 976 3096 om.
1004 3066 1027 3096 B
1056 3083 1090 3087 —
1117 3065 1170 3096 Χ22.
1196 3065 1301 3095 mulla
1323 3064 1420 3095 michi
1445 3065 1485 3094 B:
1512 3065 1591 3095 mihi
1615 3066 1719 3095 inulla
1743 3066 1811 3096 ΜΟ
1832 3082 1866 3087 —
1894 3065 1947 3096 ⁶25.
1972 3067 2008 3094 ul
2031 3072 2089 3094 vos

321 3113 400 3151 (non
423 3116 453 3144 et
476 3114 543 3153 nos)
569 3115 672 3145 etiam
698 3115 722 3145 E
745 3133 777 3137 ——
805 3116 857 3146 ⁶27.
881 3116 994 3155 prima
1014 3116 1132 3154 peticio
1156 3116 1179 3145 B
1195 3116 1218 3146 E
1240 3133 1275 3137 —
1302 3115 1353 3145 30.
1381 3123 1481 3152 quam
1503 3115 1649 3153 plurima
1665 3133 1713 3138 —-
1729 3116 1905 3146 secundum
1928 3118 2087 3144 naluram

321 3170 391 3192 0111.
419 3162 442 3192 Β
472 3180 504 3183 -
532 3162 584 3193 32.
609 3165 734 3201 vivere,
760 3165 818 3195 hoc
841 3165 1080 3204 Wesenberg:
1112 3165 1231 3196 vivere.
1258 3164 1325 3195 Hoc
1350 3164 1374 3193 Ο
1401 3181 1435 3184 -
1466 3164 1515 3204 iis]
1541 3164 1589 3194 his
1612 3165 1635 3195 B
1651 3166 1677 3196 D
1693 3166 1717 3195 O
1733 3182 1779 3187 ·-
1805 3164 1977 3195 videbatur
2000 3163 2085 3194 ‘Ne-

321 3211 491 3252 senberg:
516 3213 669 3244 videatur
691 3215 806 3252 Bl)G;
831 3216 961 3247 videtur
984 3215 1086 3247 CMO
1108 3232 1140 3236 —
1169 3214 1221 3246 34.
1249 3214 1311 3245 ista
1331 3214 1354 3244 B
1381 3231 1414 3235 —-
1442 3214 1494 3245 35.
1519 3214 1650 3253 hysclem
1675 3216 1718 3253 133
1746 3215 1862 3246 eisdem
1879 3214 1904 3244 Ο
1924 3231 1957 3236 -—
1986 3213 2038 3244 37.
2057 3215 2085 3243 ec

321 3261 476 3302 quonam]
500 3271 681 3302 ecquonam
704 3264 743 3295 D.
