2249 3624
265 88 318 130 74
545 92 871 133 FRAGMENTA
901 90 1330 131 ACADEMICORUM
1360 91 1753 133 POSTERIORUM.

266 203 417 244 Contra
454 205 657 258 Epicurus
698 203 763 242 vel
804 203 898 255 quis
939 203 1045 242 alius
1085 202 1418 242 adversariorum
1455 204 1623 256 negabit
1653 219 1858 258 suumque
1890 209 2026 260 potius

263 266 560 319 peritissimum
601 266 859 318 voluptatum
902 278 1105 318 aucupem
1147 266 1377 318 sapientem
1417 280 1507 306 esse
1539 268 1778 307 contendet.
1836 270 1936 308 Inde
1976 270 2027 310 ad

262 328 470 381 iurgium:
504 329 652 368 clamat
680 329 790 366 Zeno
822 332 862 366 et
892 332 977 366 tota
1006 328 1076 366 illa
1108 328 1291 381 porticus
1323 330 1617 378 tumultuatur,
1648 331 1858 371 hominem
1884 340 2027 373 natum

262 391 314 429 ad
360 391 462 431 nihil
500 391 613 430 aliud
651 403 742 428 esse
787 402 909 442 quam
953 390 1003 428 ad
1042 391 1328 430 honestatem:
1375 392 1506 444 ipsam
1541 407 1616 432 suo
1649 393 1872 446 splendore
1903 395 1953 434 ad
1985 409 2028 434 se

231 452 422 492 5animos
455 453 624 499 ducere,
658 451 772 491 nullo
805 465 973 505 prorsus
1005 452 1225 492 commodo
1249 454 1509 494 extrinsecus
1542 456 1676 507 posito
1699 461 1739 494 et
1763 457 1883 509 quasi
1914 457 2030 496 leno-

263 514 428 554 cinante
467 514 683 562 mercede;
725 514 1071 568 voluptatemque
1109 514 1221 553 illam
1260 516 1431 568 Epicuri
1462 518 1562 556 solis
1593 518 1702 557 inter
1732 532 1775 558 se
1807 522 2030 572 pecoribus

263 590 354 616 esse
397 591 681 624 communem,
721 577 762 616 in
804 590 983 629 quorum
1022 577 1263 617 societatem
1296 583 1336 616 et
1368 578 1578 619 hominem
1611 585 1652 620 et
1682 582 1913 633 sapientem
1946 590 2032 624 tru-

264 640 361 679 dere
406 640 521 680 nefas
567 653 671 680 esse.
733 640 883 680 Contra
925 640 994 680 ille
1033 645 1259 680 convocata
1298 640 1349 679 de
1387 640 1561 681 hortulis
1599 643 1641 682 in
1677 644 1881 685 auxilium
1914 648 2032 700 quasi

264 701 387 740 Liber
417 703 537 742 turba
568 703 917 749 temulentorum,
951 703 1243 756 quaerentium
1278 708 1432 749 tamen,
1466 718 1587 757 quem
1626 706 1846 759 incomptis
1884 710 2034 760 ungui-

216 764 341 804 iohus
371 765 620 805 bacchantes
652 779 889 819 asperoque
921 779 992 805 ore
1026 766 1277 817 discerpant,
1310 766 1539 818 voluptatis
1572 781 1743 814 nomen,
1776 771 2033 820 suavitatem,

264 828 445 880 quietem
477 834 582 868 teste
613 830 771 882 populo
804 842 1061 882 exaggerans
1094 827 1222 866 instat
1252 828 1422 875 acriter,
1465 835 1508 868 ut
1545 830 1623 868 nisi
1657 844 1703 870 ea
1734 831 1880 872 beatus
1914 847 2034 874 nemo

265 903 358 929 esse
389 904 511 943 posse
543 891 746 931 videatur.
806 892 853 930 ln
888 904 1066 944 quorum
1099 890 1231 929 rixam
1265 891 1297 929 si
1322 892 1593 931 Academicus
1624 892 1868 942 incurrerit,
1900 902 2035 936 utros-

265 966 348 1005 que
379 952 522 993 audiet
553 954 767 993 trahentes
799 967 842 993 se
874 954 924 993 ad
958 967 1055 992 suas
1086 958 1245 1006 parte-S,
1278 954 1349 992 sed
1383 954 1416 992 si
1449 955 1490 993 in
1522 954 1617 993 illos
1650 961 1720 994 aut
1747 956 1788 995 in
1812 958 1914 996 istos
1937 971 2035 997 con-

266 1016 455 1063 cesserit,
495 1016 545 1056 ab
578 1017 637 1056 eis
669 1030 773 1069 quos
806 1017 988 1062 deseret,
1031 1017 1224 1062 insanus,
1270 1017 1490 1069 imperitus
1523 1019 1852 1072 temerariusque
1885 1020 2035 1059 clama-

216 1083 251 1112 45
265 1078 386 1118 bitur.
433 1080 577 1131 ltaque
600 1094 691 1118 cum
716 1084 755 1118 et
781 1079 857 1119 hac
880 1084 919 1118 et
940 1078 1035 1117 illac
1057 1091 1198 1117 aurem
1223 1079 1446 1131 diligenter
1466 1078 1708 1126 admoverit,
1742 1081 2034 1134 interrogatus,

265 1141 366 1193 quid
400 1141 436 1180 ei
470 1142 679 1189 videatur,
713 1142 900 1181 dubitare
933 1155 977 1180 se
1009 1141 1132 1180 dicet.
1165 1142 1275 1193 Roga
1310 1154 1418 1180 nunc
1442 1141 1647 1188 Stoicum,
1681 1142 1774 1195 quis
1798 1144 1848 1183 sit
1878 1145 2034 1192 melior,

262 1203 545 1255 Epicurusne,
590 1205 660 1258 qui
693 1204 870 1244 delirare
903 1204 1020 1243 illum
1053 1204 1222 1249 clamat,
1262 1217 1312 1242 an
1345 1203 1644 1251 Academicus,
1689 1205 1758 1258 qui
1791 1207 1868 1246 sibi
1901 1208 2037 1247 adhuc

265 1265 316 1304 de
358 1279 400 1304 re
443 1272 557 1306 tanta
599 1266 916 1307 deliberandum
959 1280 1049 1306 esse
1083 1268 1337 1319 pronuntiat.
1389 1268 1519 1305 Nemo
1553 1268 1712 1306 dubitat
1743 1269 2034 1310 Academicum

264 1328 495 1380 praelatum
528 1329 590 1368 iri.
637 1330 793 1368 Rursus
827 1334 866 1367 te
898 1330 948 1368 ad
979 1329 1097 1368 illuni
1121 1335 1317 1368 converte
1341 1335 1380 1368 et
1402 1343 1577 1382 quaere,
1610 1345 1734 1383 quem
1761 1333 1890 1384 magis
1913 1339 2035 1380 amet,

215 1396 251 1425 ‘20
266 1393 496 1439 Zenonem,
538 1406 559 1432 a
593 1407 676 1446 quo
720 1393 852 1432 bestia
888 1398 1077 1438 vocatur,
1118 1405 1171 1431 an
1205 1392 1439 1436 Arcesilan,
1484 1405 1506 1430 a
1538 1405 1620 1444 quo
1653 1392 1790 1432 audit:
1834 1395 1920 1433 «Tu
1953 1395 2036 1434 sor-

265 1459 375 1493 tasse
406 1469 549 1495 verum
583 1456 707 1502 dicis,
739 1456 811 1494 sed
843 1455 1052 1507 requiram
1088 1454 1367 1506 diligentius.»
1422 1453 1567 1493 Nonne
1599 1460 1784 1506 apertum
1817 1461 1879 1495 est
1910 1461 2035 1496 totam

265 1516 378 1556 illam
411 1519 617 1570 porticum
649 1518 856 1564 insanam,
889 1516 1158 1556 Academicos
1182 1522 1319 1555 autem
1350 1529 1446 1569 prae
1470 1516 1551 1555 illis
1575 1516 1786 1556 modestos
1810 1524 2036 1571 cautosque

265 1579 457 1621 homines
488 1582 620 1621 videri
646 1582 859 1635 Epicuro?
902 1583 962 1620 lta
987 1592 1180 1631 peraeque
1207 1592 1330 1630 prope
1356 1580 1399 1617 de
1425 1580 1603 1617 (minibus
1630 1581 1743 1618 sectis
1770 1581 2037 1631 copiosissime

267 1643 402 1682 Cicero
432 1645 760 1683 iucundissimwn
796 1645 1005 1696 leyentibus
1044 1643 1158 1693 quasi
1199 1642 1461 1693 spectaculum
1494 1642 1666 1692 praebet,
1706 1643 1807 1682 relat
1838 1644 2037 1682 ostendens

216 1709 252 1738 ‘25
265 1705 417 1744 nullam
448 1707 608 1746 illorum
639 1721 739 1753 esse,
774 1707 842 1758 qui
869 1720 964 1749 non,
996 1719 1083 1744 cum
1114 1706 1188 1743 sibi
1213 1706 1369 1756 primas
1396 1711 1533 1756 partes
1561 1705 1727 1751 dederit,
1762 1706 1863 1757 qaod
1890 1719 2037 1745 necesse

266 1773 339 1816 est,
373 1770 561 1808 secandas
597 1771 631 1809 ei
664 1770 771 1808 dicat
801 1770 916 1813 darc,
949 1782 1059 1820 quern
1093 1781 1169 1806 non
1202 1781 1437 1819 repussnare,
1469 1768 1533 1806 scd
1564 1769 1741 1807 dubitare
1771 1770 2033 1820 conspexerit.

380 1829 446 1870 35.
478 1833 738 1884 Augustinus
770 1846 803 1871 c.
835 1831 961 1871 Acad.
996 1832 1069 1877 ΙΙΙ,
1104 1828 1173 1877 ἸΟ,
1206 1829 1232 1882 §
1266 1829 1331 1869 43.
1384 1832 1468 1869 Hoc
1499 1832 1597 1869 milii
1627 1831 1671 1869 de
1702 1830 1947 1870 Academicis
1976 1832 2038 1870 in-

266 1895 382 1933 terim
406 1895 678 1946 probabiliter,
710 1902 751 1933 ut
779 1896 911 1946 potui,
938 1895 1138 1946 persuasi.
1187 1894 1299 1942 (laod
1325 1894 1360 1931 si
1384 1895 1533 1945 falsam
1564 1900 1636 1943 est,
1666 1894 1767 1932 nihil
1792 1894 1843 1932 ad
1870 1907 1946 1938 nie,
1974 1896 2038 1934 cm·

267 1956 366 1995 satis
396 1963 450 1995 est
480 1958 561 1996 iani
592 1970 671 1996 non
702 1958 897 1996 arbitrari
928 1969 1005 1995 non
1035 1969 1149 2006 posse
1183 1956 1229 1994 ab
1260 1956 1413 1995 homine
1445 1958 1616 1995 inveniri
1649 1957 1867 1995 veritatem.
1921 1956 2038 2005 Quis-

216 2021 254 2050 30
269 2019 357 2070 quis
380 2025 509 2058 autem
534 2026 649 2071 putat
678 2020 748 2058 hoc
772 2020 935 2057 sensisse
957 2018 1228 2063 Academicos,
1262 2020 1390 2069 ipsum
1414 2020 1637 2058 Ciceronem
1659 2019 1810 2061 audiat.
1844 2018 1910 2057 Ait
1937 2020 2040 2058 enim

268 2081 352 2120 illis
392 2096 550 2121 morem
591 2082 719 2122 fuisse
758 2080 995 2121 occultandi
1040 2081 1288 2120 seutentiam
1326 2095 1441 2121 suam
1475 2096 1551 2121 nec
1582 2095 1671 2121 eam
1704 2082 1921 2134 cuiquam,
1960 2082 2039 2121 nisi

271 2143 342 2196 qui
374 2157 516 2183 secum
548 2145 599 2183 ad
630 2149 885 2183 senectutem
918 2157 1052 2196 usque
1085 2143 1307 2190 vixissent,
1340 2145 1502 2196 aperire
1535 2157 1773 2183 consuesse.

382 2203 448 2245 36.
479 2207 736 2260 Augustinus
770 2206 820 2244 de
855 2205 974 2245 Civit.
1007 2205 1081 2243 Dei
1116 2205 1187 2251 VI,
1211 2203 1248 2244 '’2.
1290 2207 1465 2258 Denique
1495 2213 1529 2245 et
1560 2208 1641 2258 ipse
1675 2206 1826 2245 Tattius
1857 2207 1947 2245 kuic
1972 2204 2039 2258 (M.

270 2269 467 2308 Terentio
501 2267 690 2320 Varroni)
734 2269 809 2307 tale
849 2268 1116 2307 testimonium
1139 2268 1334 2319 perhibet,
1372 2276 1414 2307 ut
1444 2270 1486 2307 in
1517 2269 1630 2307 tibris
1660 2269 1905 2308 Academicis
1934 2269 2039 2307 dicat

220 2334 256 2362 35
271 2344 374 2376 eam,
410 2344 507 2383 quae
538 2332 591 2370 ibi
620 2338 821 2375 versatur,
854 2331 1157 2382 disputationem
1188 2344 1225 2369 se
1256 2331 1435 2370 habuisse
1466 2344 1553 2370 cam
1581 2333 1719 2370 Marco
1748 2332 1931 2375 Varrone,
1964 2331 2040 2369 ho-

272 2393 406 2440 mine,
448 2395 592 2445 inquit,
636 2395 822 2433 omnium
854 2392 974 2432 facile
1007 2393 1248 2432 acutissimo
1282 2399 1322 2432 et
1353 2394 1442 2432 sine
1476 2394 1558 2432 ulla
1592 2394 1851 2433 dubitatione
1883 2393 2040 2433 doctis-

271 2455 390 2494 simo.
435 2457 523 2496 Non
549 2457 607 2495 (cit
641 2455 1095 2507 «eloquentissimo»
1132 2456 1186 2493 cel
1221 2456 1646 2506 «facmzdz'sstmo»,
1678 2456 1864 2507 quoniam
1887 2469 1927 2494 re
1950 2469 2040 2495 cera

272 2517 314 2556 in
344 2518 417 2557 hac
443 2520 631 2570 facultate
661 2520 827 2558 inultum
857 2519 988 2568 impar
1018 2524 1090 2561 est,
1123 2518 1187 2555 sed
1219 2518 1419 2563 omnium,
1451 2519 1600 2569 inquit,
1635 2518 1754 2557 facile
1786 2517 2039 2557 acutissimo.

273 2580 329 2617 Et
366 2580 408 2619 in
448 2582 502 2619 eis
540 2582 674 2631 tibris,
716 2582 756 2620 id
797 2587 850 2620 cst
887 2580 1152 2625 Academicis,
1193 2581 1258 2619 'abi
1296 2587 1435 2620 cancta
1476 2581 1688 2619 dediitanda
1718 2593 1797 2619 esse
1827 2580 2039 2625 contendit,

224 2645 260 2675 40
275 2641 423 2682 addidit
454 2644 543 2683 sine
574 2645 659 2683 ulla
689 2643 950 2683 dubitatione
982 2642 1241 2682 doctissimo.

364 2799 393 2828 4.
420 2798 492 2835 quis
515 2798 555 2828 F:
587 2799 680 2837 quasi
704 2799 727 2829 B
744 2799 766 2829 E
792 2798 890 2837 (alius
913 2798 1006 2836 quasi
1029 2797 1064 2835 Ρ»)
1095 2814 1127 2818 ——
1156 2796 1185 2827 3.
1213 2796 1429 2827 tumultuatas
1456 2798 1474 2827 [³
1503 2814 1536 2819 -
1565 2796 1593 2828 t.
1623 2798 1666 2827 ad
1691 2806 1754 2829 nos
1779 2798 1978 2830 addidimus
2006 2817 2040 2820 —-

276 2847 306 2878 7.
333 2851 362 2878 et
385 2850 464 2878 ante
489 2857 560 2886 sap.
588 2857 657 2878 oni,
684 2849 708 2878 B
740 2867 770 2870 -—
803 2849 833 2879 9,
860 2848 955 2879 Liber
978 2847 1123 2886 scripsi:
1150 2846 1230 2876 liber
1256 2847 1277 2877 E
1295 2847 1332 2884 1³,
1358 2847 1461 2877 libera
1487 2848 1507 2877 Β
1528 2849 1561 2878 ct
1585 2847 1680 2885 cdd,
1707 2848 1813 2879 Liberi
1832 2849 1920 2879 coni.
1942 2846 2043 2879 Orelli

279 2915 312 2918 —
340 2898 488 2928 incomtis
512 2898 533 2927 F
561 2913 595 2919 —
631 2899 682 2929 Μ.
708 2900 770 2929 nisi
795 2899 818 2930 E
835 2900 872 2929 F:
908 2899 976 2928 sinc
998 2897 1061 2927 nisi
1085 2897 1126 2932 Β,
1159 2896 1227 2926 sine
1252 2897 1276 2926 O
1305 2913 1338 2918 —-
1375 2895 1427 2927 lli.
1454 2897 1574 2927 deseret
1604 2899 1626 2928 Β
1645 2898 1666 2928 Ε
1684 2899 1721 2928 F:
1755 2898 1870 2929 deserit
1896 2897 1977 2929 edd.
2007 2915 2041 2918 —

277 2948 329 2978 45.
355 2948 416 2977 hac
439 2950 468 2978 et
492 2947 567 2978 illuc
587 2948 611 2978 O
630 2965 664 2969 —
693 2949 877 2988 diliyentem
895 2947 1014 2979 Lanib.
1037 2964 1071 2968 —
1100 2946 1151 2976 Ι16.
1172 2947 1227 2984 qni
1250 2947 1289 2976 sit
1314 2947 1336 2976 B
1352 2947 1375 2977 E
1393 2947 1412 2977 F
1438 2964 1470 2968 —-
1498 2948 1550 2977 20.
1569 2948 1749 2978 Arcesilam
1774 2947 1854 2978 edd.
1877 2965 1910 2969 —
1939 2947 2042 2986 audit]

278 2998 320 3029 cf.
347 2997 505 3037 Madvigii
532 2997 671 3028 emend.
700 2999 728 3030 1.
758 3000 828 3029 422.
859 3016 892 3019 —
921 2998 973 3029 23.
1002 2997 1104 3027 risum
1128 2996 1170 3025 iri
1191 2997 1215 3026 Ο
1246 3013 1279 3017 —
1306 2996 1358 3026 ⁹26.
1387 2996 1462 3026 dari
1486 2996 1508 3026 B
1538 3015 1571 3018 —
1600 2998 1651 3028 32.
1678 2998 1811 3028 vicisset
1835 2998 1872 3028 O.
1900 2996 2042 3027 Krische

277 3057 310 3089 p.
339 3048 378 3079 63
404 3048 470 3079 boc
495 3048 616 3087 fragm.
645 3049 802 3079 extremo
826 3047 914 3079 libro
940 3048 981 3079 111
1006 3045 1174 3086 adsignat,
1202 3047 1282 3086 apte
1309 3045 1493 3077 conterens
1520 3046 1650 3078 Luculli
1676 3047 1694 3089 g
1719 3048 1772 3079 60.
