2249 3624
236 145 318 186 688
668 121 672 124 ’
956 142 1026 182 DE
1060 140 1284 182 orricns

234 253 406 294 interitu
444 251 683 297 hominum,
725 247 995 301 Peripatetici
1036 249 1172 301 magni
1213 252 1254 288 et
1293 246 1475 300 copiosi,
1517 246 1589 300 qui
1629 245 1818 286 collectis
1849 245 2000 286 ceteris

235 317 372 358 causis
403 313 629 360 eluvionis,
661 311 943 365 pestilentiae,
966 310 1193 358 vastitatis,
1215 309 1433 350 beluarum
1466 308 1590 349 etiam
1621 309 1865 361 repentinae
1896 306 2002 347 mul-

233 378 449 425 titudinis,
489 388 666 429 quarum
707 375 865 427 impetu
905 374 1029 413 docet
1069 373 1274 426 quaedam
1317 372 1538 412 hominum
1582 384 1736 425 genera
1774 384 1866 411 esse
1905 383 2002 409 con-

234 446 422 496 sumpta,
464 436 618 478 deinde
650 441 886 489 comparat,
928 441 1083 489 quanto
1115 435 1258 489 plures
1290 434 1417 475 deleti
1451 435 1531 474 sint
1560 434 1751 474 homines
1783 433 2001 473 hominum

202 505 414 557 5impetu,
457 501 498 541 id
536 505 599 539 est
634 498 755 538 bellis
797 503 868 538 aut
908 494 1213 546 seditionibus,
1256 511 1381 551 quam
1413 497 1528 537 omni
1558 496 1722 550 reliqua
1752 495 2002 537 calamitate.

236 564 302 606 47.
336 565 438 605 Cum
468 562 596 615 igitur
624 560 694 601 hic
723 560 841 600 locus
873 559 978 600 nihil
1009 560 1163 600 habeat
1192 560 1483 607 dubitationis,
1516 559 1620 613 quin
1649 559 1842 599 homines
1872 557 2004 611 pluri-

235 642 349 670 mum
380 624 618 666 hominibus
651 628 691 663 et
720 623 883 675 prosint
913 628 955 663 et
985 622 1144 671 obsint,
1174 623 1391 676 proprium
1421 623 1503 662 hoc
1533 627 1670 662 statuo
1702 634 1794 661 esse
1824 620 2004 668 virtutis,

236 690 461 732 conciliare
503 686 664 727 animos
702 685 922 725 hominum
963 690 1003 725 et
1041 685 1092 725 ad
1132 699 1232 725 usus
1265 699 1361 725 suos
1393 684 1633 737 adiungere.
1694 685 1864 738 Itaque,
1896 695 2004 736 quae

234 756 278 795 in
307 752 431 793 rebus
462 749 659 790 inanimis
690 761 888 802 quaeque
918 748 963 788 in
996 745 1091 802 [usu
1114 745 1169 801 et]
1202 747 1449 788 tractatione
1480 746 1698 787 beluarum
1718 746 1824 786 fiunt
1844 745 2007 786 utiliter

185 824 222 853 40
236 817 288 858 ad
318 815 536 856 hominum
566 812 703 859 vitam,
735 811 891 851 artibus
923 824 971 851 ea
1002 811 1246 851 tribuuntur
1276 811 1478 864 operosis,
1510 808 1724 850 hominum
1756 815 1894 850 autem
1917 813 2006 849 stu-

236 880 305 920 dia
347 877 399 918 ad
438 872 806 928 amplificationem
847 879 1084 914 nostrarum
1124 888 1263 914 rerum
1306 878 1499 927 prompta
1545 886 1593 913 ac
1636 877 1780 926 parata
1820 872 2006 913 virorum

236 938 538 997 praestantium
581 936 785 990 sapientia
825 942 865 976 et
901 937 1055 976 virtute
1095 937 1343 976 excitantur.
1404 933 1468 974 48.
1510 935 1676 975 Etenim
1706 935 1840 976 virtus
1871 932 2007 974 omnis

236 1006 367 1046 tribus
398 1003 441 1043 in
471 1001 597 1041 rebus
626 999 716 1039 fere
748 1000 944 1047 vertitur,
986 1012 1159 1053 quarum
1192 1012 1276 1039 una
1308 1003 1370 1039 est
1401 998 1443 1038 in
1476 997 1792 1052 perspiciendo,
1831 996 1935 1050 quid
1964 996 2007 1035 in

237 1080 409 1123 quaque
452 1078 496 1104 re
537 1076 683 1104 verum
722 1063 1016 1115 sincerumque
1055 1061 1134 1108 sit,
1175 1060 1277 1114 quid
1319 1065 1647 1101 consentaneum
1684 1060 1862 1113 cuique,
1903 1057 2007 1113 quid

187 1136 224 1166 ⁴5
239 1141 525 1181 consequens,
567 1139 619 1166 ex
658 1138 742 1179 quo
784 1138 979 1178 quaeque
1021 1124 1263 1177 gignantur,
1308 1136 1416 1177 quae
1457 1123 1661 1176 cuiusque
1692 1122 1754 1162 rei
1785 1134 1911 1162 causa
1940 1121 2007 1168 sit,

237 1194 413 1234 alterum
453 1189 650 1231 cohibere
690 1193 829 1228 motus
869 1187 997 1227 animi
1038 1187 1248 1234 turbatos,
1286 1200 1391 1240 quos
1433 1185 1579 1225 Graeci
1621 1185 1738 1235 πάδη
1780 1184 2007 1231 nominant,

237 1254 628 1310 appetitionesque,
670 1264 774 1305 quas
805 1251 867 1291 illi
898 1251 1060 1303 ὁρμάς,
1101 1249 1376 1289 oboedientes
1417 1248 1585 1288 efficere
1624 1247 1800 1295 rationi,
1841 1247 2008 1287 tertium

236 1319 310 1366 iis,
352 1316 599 1371 quibuscum
632 1326 954 1366 congregemur,
996 1313 1056 1353 uti
1088 1313 1303 1352 moderate
1335 1316 1374 1351 et
1406 1311 1611 1358 scienter,
1652 1324 1827 1364 quorum
1859 1309 2009 1350 studiis

239 1394 309 1429 ea,
342 1392 450 1434 quae
481 1383 629 1417 natura
660 1375 891 1423 desiderat,
926 1376 1092 1429 expleta
1124 1374 1422 1428 cumulataque
1452 1374 1677 1421 habemus,
1716 1386 1790 1426 per
1820 1373 2011 1413 eosdem-

187 1450 342 1498 20que‚
384 1443 418 1482 si
457 1440 558 1494 quid
598 1439 847 1492 importetur
878 1438 1000 1478 nobis
1030 1436 1307 1485 incommodi,
1348 1436 1644 1490 propulsemus
1674 1435 2009 1489 ulciscamurque

240 1519 333 1553 eos,
366 1504 439 1558 qui
470 1516 622 1542 nocere
653 1501 774 1541 nobis
806 1501 945 1541 conati
975 1500 1079 1548 sint,
1113 1505 1312 1554 tantaque
1344 1512 1480 1553 poena
1510 1497 1770 1546 adiiciamus,
1810 1503 2010 1552 quantam

239 1568 431 1622 aequitas
462 1564 787 1617 humanitasque
818 1564 988 1617 patitur.
1058 1564 1125 1603 VI.
1168 1559 1236 1602 49.
1277 1561 1440 1610 Quibus
1471 1568 1610 1602 autem
1642 1560 1874 1601 rationibus
1905 1560 2013 1600 hanc

239 1631 480 1672 facultatem
519 1627 688 1680 assequi
725 1627 956 1680 possimus,
997 1630 1043 1665 ut
1077 1625 1292 1666 hominum
1334 1626 1471 1666 studia
1510 1624 1839 1677 complectamur
1876 1636 2010 1677 eaque

240 1699 471 1739 teneamus,
503 1689 705 1737 dicemus,
737 1702 874 1742 neque
906 1689 963 1728 ita
994 1686 1122 1728 multo
1154 1693 1261 1742 post,
1293 1688 1366 1728 sed
1398 1701 1531 1741 pauca
1562 1693 1658 1727 ante
1691 1687 1868 1727 dicenda
1900 1691 2010 1727 sunt.

191 1764 227 1794 25
241 1758 433 1810 Magnam
464 1753 549 1794 vim
581 1765 672 1791 esse
704 1752 745 1791 in
777 1750 946 1791 fortuna
980 1751 1023 1790 in
1054 1756 1274 1804 utramque
1307 1756 1487 1804 partem,
1527 1750 1593 1791 vel
1625 1749 1829 1790 secundas
1860 1749 1911 1790 ad
1944 1761 2010 1789 res

241 1820 308 1860 vel
339 1818 548 1863 adversaS,
583 1815 677 1867 quis
706 1814 900 1866 ignorat?
940 1815 1042 1853 Nam
1076 1818 1116 1853 et
1147 1826 1240 1853 cum
1272 1827 1473 1866 prospero
1504 1813 1604 1852 flatu
1636 1812 1726 1852 eius
1757 1812 1925 1858 utimur,
1957 1809 2010 1850 ad

243 1881 382 1922 exitus
422 1876 690 1933 pervehimur
729 1882 895 1930 optatos
937 1882 978 1916 et
1008 1889 1100 1915 cum
1132 1875 1294 1915 reflavit
1323 1875 1562 1928 affligimur.
1620 1875 1734 1915 Haec
1764 1875 1890 1927 igitur
1921 1873 2012 1927 ipsa

241 1943 409 1984 fortuna
448 1946 608 1981 ceteros
652 1952 773 1979 casus
816 1939 994 1978 rariores
1035 1937 1184 1985 habet,
1230 1938 1411 1990 primum
1459 1938 1511 1977 ab
1551 1937 1747 1977 inanimis
1791 1935 2010 1990 procellas,

244 2008 535 2057 tempestates,
565 2001 803 2054 naufragia,
834 2002 990 2048 ruinas,
1022 1999 1230 2048 incendia,
1263 2000 1417 2040 deinde
1449 2014 1473 2040 a
1502 2000 1650 2040 bestiis
1681 2000 1802 2047 ictus,
1834 2011 2011 2046 morsuS,

192 2077 230 2106 30
245 2068 438 2121 impetus.
489 2065 602 2105 Haec
634 2077 752 2117 ergo,
784 2069 829 2103 ut
860 2063 967 2111 dixi,
1001 2063 1172 2103 rariora.
1231 2061 1297 2102 ⁶20.
1329 2064 1381 2103 At
1402 2076 1502 2103 vero
1523 2062 1716 2102 interitus
1739 2060 2011 2107 exercituum,

242 2136 290 2170 ut
319 2129 511 2183 proxime
542 2127 679 2173 trium,
711 2139 835 2179 saepe
867 2126 1112 2173 multorum,
1136 2125 1616 2178 cladeaimperatorum,
1640 2128 1687 2164 ut
1707 2137 1842 2176 nuper
1862 2121 2013 2163 summi

245 2198 286 2233 et
324 2190 548 2244 singularis
590 2189 691 2236 viri,
732 2188 914 2228 invidiae
956 2193 1173 2241 praeterea
1214 2187 1494 2227 multitudinis
1538 2192 1664 2239 atque
1705 2185 1758 2226 ob
1798 2199 1868 2226 eas
1906 2185 2013 2224 bene

244 2256 489 2295 meritorum
529 2265 654 2306 saepe
692 2251 844 2291 civium
883 2250 1176 2303 expulsiones,
1208 2250 1484 2297 calamitates,
1514 2248 1657 2302 fugae,
1688 2261 1918 2301 rursusque
1949 2260 2015 2287 se-

245 2318 406 2358 cundae
438 2329 517 2363 res,
548 2315 742 2361 honores,
775 2313 963 2367 imperia,
996 2312 1209 2359 victoriae,
1242 2324 1497 2366 quamquam
1528 2310 1699 2351 fortuita
1730 2316 1840 2359 sunt,
1872 2315 2013 2350 tamen

195 2389 232 2419 35
246 2381 336 2421 sine
367 2379 585 2419 hominum
617 2377 768 2430 opibus
801 2381 842 2416 et
868 2375 1023 2416 'studiis
1053 2380 1244 2415 neutram
1274 2374 1318 2414 in
1347 2379 1509 2427 partem
1541 2371 1647 2414 effici
1677 2378 1865 2428 possunt.
1924 2373 2015 2413 Hoc

332 2537 363 2567 11.
390 2536 446 2574 qui
470 2533 610 2566 collectis
625 2549 672 2555 --
689 2532 857 2563 vastitatis
880 2531 1011 2563 Nonius
1036 2539 1068 2572 p.
1087 2532 1168 2568 405ς
1203 2530 1259 2570 qui
1282 2530 1438 2571 colleyitis
1454 2547 1502 2553 -—
1517 2530 1681 2561 vastitatis
1704 2529 1799 2561 idem
1823 2539 1856 2570 p.
1872 2528 1946 2561 485.
1975 2545 2011 2551 -

244 2585 372 2618 collatis
396 2593 414 2616 c
442 2603 476 2607 —
505 2584 535 2615 3.
554 2591 676 2623 genera
699 2582 868 2613 hominum
891 2581 915 2611 B
943 2598 976 2602 —
1004 2583 1176 2611 consumta
1192 2580 1229 2611 Β1
1257 2598 1292 2602 -
1319 2580 1349 2612 4.
1369 2580 1433 2611 siut
1457 2588 1546 2611 corr.
1568 2578 1644 2610 ead.
1665 2587 1712 2610 m.
1733 2587 1775 2610 ex
1798 2581 1872 2610 sunt
1896 2576 2011 2610 Ba'—

246 2637 278 2667 5.
297 2635 367 2676 aut]
384 2638 414 2667 et
436 2635 475 2665 Β1
493 2651 527 2656 -
555 2634 585 2665 7.
603 2633 779 2673 proprium
795 2633 853 2664 hoc
869 2632 893 2662 B
906 2632 990 2663 Hah
1004 2641 1009 2661 :
1034 2632 1181 2671 primum
1196 2632 1255 2662 hoe
1271 2638 1308 2670 p;
1334 2630 1480 2670 primum
1495 2632 1525 2661 et
1540 2629 1599 2660 hoc
1615 2636 1633 2659 o
1650 2645 1693 2651 -
1708 2628 1842 2659 uirtutis
1857 2635 1922 2659 esse
1939 2633 1958 2658 ο
1975 2643 2011 2649 -

246 2686 277 2717 9.
302 2694 366 2716 usu
388 2688 417 2716 et
440 2692 509 2724 cp:
536 2692 606 2714 om.
625 2683 747 2714 Bllab
777 2700 810 2705 —
844 2682 1006 2713 tructione
1028 2681 1052 2712 B
1081 2698 1115 2703 —-
1152 2682 1203 2712 40.
1231 2681 1423 2712 tribuantur
1446 2687 1464 2710 c
1492 2696 1526 2700 —
1555 2679 1606 2709 Μ.
1632 2679 1786 2709 uirorum
1803 2676 2015 2717 praestantia
2069 2701 2074 2704 .

245 2735 408 2775 sapientia
430 2734 500 2770 ab·,
525 2742 656 2764 morum
667 2732 879 2773 praestantia
897 2730 1081 2771 [sapientia]
1100 2730 1247 2770 Madvig.
1268 2730 1430 2767 (uirorum
1446 2728 1642 2768 sapientium
1659 2731 1688 2759 et
1702 2726 1826 2758 uirtute
1838 2729 2015 2766 praestan-²

246 2785 329 2816 tium
345 2785 535 2815 excitantur
550 2783 581 2822 p)
601 2799 636 2804 —-
664 2783 715 2813 4⁵2.
734 2782 863 2813 Etenim
878 2781 983 2811 virtus
999 2798 1017 2802 —
1028 2798 1046 2802 -
1062 2781 1314 2818 humanitasque
1326 2779 1457 2819 patitur
1480 2776 1674 2809 Facciolato
1698 2775 1844 2816 aliisque
1869 2775 2014 2806 insiticia

246 2833 422 2864 videntur.
450 2850 484 2854 —
524 2834 575 2864 45.
602 2832 744 2872 quidque
767 2832 927 2872 gignatur
952 2838 1000 2870 cp
1035 2848 1077 2853 ——
1114 2830 1164 2862 46.
1192 2830 1332 2861 atterum
1356 2833 1400 2860 est
1424 2829 1570 2859 cohibere
1592 2837 1613 2867 p
1640 2844 1675 2851 —
1713 2827 1811 2867 pathe
1835 2834 1873 2863 ος
1898 2825 2015 2865 pathos

248 2883 327 2919 BH,
352 2883 468 2921 ptzatos
491 2884 544 2913 ab
579 2899 613 2904 —
650 2882 700 2912 ⁴7.
727 2881 860 2912 normas
883 2888 913 2918 c,
940 2889 1052 2911 ornias
1075 2880 1097 2910 B
1115 2880 1207 2911 llab
1235 2896 1268 2901 -—
1297 2879 1497 2911 oboedientes
1520 2879 1636 2910 BHb:
1665 2877 1844 2922 obedientes
1867 2884 1907 2913 a,
1939 2875 2015 2906 obe-

248 2933 368 2964 dientes
392 2940 439 2963 co
468 2950 499 2954 —
538 2932 589 2963 48.
616 2931 665 2961 his
688 2939 721 2970 a,
748 2932 792 2962 eis
817 2939 835 2962 c
861 2947 895 2952 —-
925 2930 1128 2971 quibuscum]
1147 2930 1265 2968 quibus
1288 2930 1325 2960 13¹
1349 2929 1395 2968 (in
1420 2937 1442 2960 a
1465 2936 1540 2958 cum
1564 2927 1641 2958 ead.
1669 2935 1716 2958 m.
1744 2933 1921 2967 superscr.
1948 2924 2012 2964 est)

252 2998 286 3004 -
313 2990 551 3022 coanreqemur
575 2982 617 3012 C:
644 2989 887 3021 congyrcgyainur
910 2989 929 3012 o
958 2998 991 3002 -
1024 2978 1063 3019 et]
1090 2988 1131 3009 ac
1154 2987 1172 3009 c
1202 2996 1234 3001 —
1267 2979 1319 3009 Ἣ,
1346 2979 1409 3008 sint
1434 2978 1457 3008 B
1470 2977 1547 3008 Ha:
1574 2979 1648 3008 sunt
1671 2977 1751 3008 bco
1786 2993 1821 2998 —
1853 2977 2015 3014 quantam

250 3032 294 3063 C:
322 3034 448 3070 quanta
472 3030 538 3061 alii.
568 3047 601 3052 —
636 3030 688 3060 Ἡ.
712 3031 866 3069 patiatur
889 3038 908 3060 c
941 3046 975 3051 ——
1009 3029 1061 3059 23.
1087 3025 1190 3067 eaque
1214 3036 1247 3065 a,
1273 3035 1399 3066 eaquae
1422 3028 1442 3058 b
1477 3042 1511 3048 —
1545 3025 1597 3057 ⁶24.
1622 3034 1726 3064 neque
1748 3025 1813 3055 ista
1836 3024 1857 3056 b
1891 3041 1925 3046 —
1957 3023 2011 3055 25.

247 3089 409 3121 maqnam
433 3088 497 3111 esse
519 3080 672 3118 fortunae
694 3080 762 3110 vim
784 3081 819 3111 in
841 3083 1018 3117 utramque
1038 3081 1168 3117 partem
1192 3078 1265 3116 quis
1287 3074 1435 3107 nesciat?
1472 3075 1559 3106 Nam
1582 3078 1611 3106 et
1633 3091 1679 3097 —-
1702 3075 1746 3105 ad
1768 3074 1876 3106 emtus
1896 3080 2013 3113 perve—

248 3131 358 3161 nimus
381 3132 508 3168 optatos
530 3132 559 3159 ct
582 3137 656 3159 cum
679 3131 865 3169 reflaverit,
892 3129 1076 3170 affliyimur
1107 3127 1304 3158 Lactantius
1330 3127 1437 3158 lustit.
1455 3125 1568 3157 divin.
1595 3126 1656 3163 111,
1682 3124 1735 3156 29.
1779 3141 1814 3146 -
1855 3124 1908 3155 27.
1930 3131 2012 3162 per—-

248 3180 396 3211 uehimus
420 3179 465 3213 1Ἰὲ
495 3178 709 3217 prouehimur
731 3187 752 3217 p
785 3196 819 3201 —
851 3188 926 3210 cum
949 3187 1001 3210 res
1022 3178 1118 3220 slauit
1143 3177 1170 3208 11
1203 3193 1236 3198 —
1275 3177 1328 3208 28.
1355 3177 1511 3207 inanimis
1536 3184 1627 3207 corr.
1654 3176 1688 3206 in
1710 3173 1905 3205 ‘inanimatis
1928 3179 1947 3202 o
1973 3186 2007 3192 —

250 3229 305 3260 30.
331 3232 367 3259 at
390 3236 479 3259 corr.
500 3236 540 3258 ex
565 3228 608 3258 ad
636 3227 679 3265 Β,
706 3232 769 3259 aut
793 3229 820 3259 ΙΙ
858 3245 892 3250 -
930 3238 1010 3261 uero
1033 3228 1185 3260 interitus
1208 3228 1414 3259 exercituum
1437 3226 1588 3258 interitus
1611 3228 1648 3257 ut
1676 3233 1695 3256 o
1731 3240 1766 3246 --
1804 3223 1857 3255 32.
1883 3230 1938 3254 eas
1959 3227 2011 3251 res

251 3278 328 3310 bene
351 3285 369 3309 c
396 3294 431 3300 —
464 3276 516 3309 34.
540 3275 689 3317 fortuita]
713 3278 844 3316 fortune
867 3286 897 3309 ο.
