2249 3624
272 110 326 154 92
648 119 718 159 DE
748 119 955 159 rmssus
986 118 1249 160 BONORUM
1278 119 1346 160 ET
1376 119 1642 163 MALORUM

269 229 542 282 desperantes
573 236 645 272 aut
671 231 884 279 malevoli,
914 231 1067 279 invidi,
1100 229 1307 280 difficiles,
1337 232 1530 286 lucifugi,
1562 234 1766 281 maledici,
1797 238 2033 291 monstrosi,

267 291 339 331 alii
369 296 508 332 autem
539 294 662 334 etiam
695 294 911 333 amatoriis
934 294 1170 334 levitatibus
1190 293 1339 342 dediti,
1371 295 1441 335 alii
1463 297 1713 350 petulantes,
1745 297 1816 337 alii
1839 299 2034 347 audaces,

266 354 474 406 protervi,
515 357 627 396 idem
664 358 990 409 intemperantes
1024 362 1064 395 et
1099 356 1260 409 ignavi,
1301 372 1527 412 numquam
1562 359 1605 398 in
1636 360 1842 399 sententia
1873 374 2035 413 perma-

267 420 434 464 nentes,
477 431 580 471 quas
618 419 670 458 ob
707 432 852 459 causas
892 419 935 459 in
974 432 1118 459 eorum
1148 420 1233 459 vita
1264 421 1379 460 nulla
1410 427 1473 461 est
1500 421 1770 474 intercapedo
1802 424 2034 465 molestiae.

236 477 398 530 5Igitur
436 493 577 533 neque
616 481 838 521 stultorum
880 481 1102 535 quisquam
1144 481 1291 521 beatus
1322 496 1459 536 neque
1491 484 1728 536 sapientum
1758 499 1842 524 non
1873 486 2035 534 beatus,

267 540 488 594 multoque
519 542 597 582 hoc
627 543 776 582 melius
808 556 884 582 nos
916 543 1141 596 veriusque
1173 557 1298 597 quam
1331 545 1470 585 Stoici.
1519 546 1585 584 llli
1617 546 1727 585 enim
1758 554 1913 600 negant
1944 562 2036 588 esse

266 601 423 642 bonum
454 605 680 658 quicquam
708 605 789 644 nisi
818 607 959 646 nescio
991 619 1115 658 quam
1146 606 1260 647 illam
1291 609 1493 656 umbram,
1528 608 1641 662 quod
1663 610 1875 663 appellant
1904 611 2036 651 hone-

268 670 375 704 stum
415 679 501 705 non
539 672 622 707 tam
663 667 797 707 solido
839 681 965 722 quam
1004 668 1224 721 splendido
1261 671 1453 718 nomine3
1494 671 1693 710 virtutem
1723 677 1859 712 autem
1892 673 2034 713 nixam

266 726 348 766 hoc
386 727 564 769 honesto
608 730 764 770 nullam
801 731 1014 785 requirere
1055 731 1312 785 voluptatem
1344 739 1469 787 atque
1502 734 1553 773 ad
1582 734 1704 774 beate
1735 734 1960 776 vivendum
1992 750 2036 776 se

220 789 359 843 toipsa
389 804 481 832 esse
513 799 764 833 contentam.

380 854 494 894 XIX.
527 853 593 895 62.
632 856 714 896 Sed
753 863 931 909 possunt
975 856 1079 897 haec
1118 857 1297 910 quadam
1336 858 1498 898 ratione
1536 859 1617 899 dici
1658 872 1743 898 non
1785 861 1910 900 modo
1951 874 2037 901 non

268 918 622 968 repugnantibus,
654 932 798 958 verum
831 920 955 959 etiam
988 919 1312 973 approbantibus
1344 921 1480 960 nobis.
1533 922 1601 960 Sic
1633 921 1744 961 enim
1775 923 1825 962 ab
1855 924 2037 976 Epicuro

268 978 435 1031 sapiens
467 994 630 1034 semper
659 982 804 1022 beatus
836 982 1072 1022 inducitur:
1104 982 1242 1022 finitas
1266 982 1391 1022 habet
1414 983 1687 1036 cupiditates,
1721 985 1907 1038 neglegit
1928 999 2039 1025 mor-

268 1047 372 1088 tem,
406 1042 456 1082 de
488 1043 551 1083 dis
581 1045 884 1086 immortalibus
917 1046 1007 1086 sine
1038 1045 1124 1085 ullo
1155 1052 1266 1085 metu
1298 1060 1396 1086 vera
1427 1047 1572 1094 sentit,
1604 1061 1688 1087 non
1711 1048 1893 1095 dubitat,
1924 1048 1958 1087 si
1981 1049 2039 1088 ita

220 1104 416 1144 ⁴5melius
456 1106 528 1154 sit,
567 1108 746 1160 migrare
786 1108 837 1148 de
876 1110 973 1149 vita.
1032 1108 1108 1147 His
1139 1108 1263 1147 rebus
1299 1109 1526 1149 instructus
1559 1123 1725 1162 semper
1755 1115 1818 1150 est
1847 1110 1889 1149 in
1920 1110 2038 1150 volu-

267 1172 405 1219 ptate3
444 1181 585 1221 neque
617 1170 724 1209 enim
757 1176 923 1224 tempus
955 1177 1018 1212 est
1047 1171 1199 1218 ullum,
1244 1185 1325 1224 quo
1358 1185 1440 1210 non
1473 1172 1566 1224 plus
1597 1173 1857 1225 voluptatum
1888 1172 2039 1214 habeat

269 1242 394 1282 quam
436 1230 642 1272 dolorum.
706 1234 808 1273 Nam
849 1239 890 1273 et
929 1234 1153 1287 praeterita
1194 1241 1308 1286 grate
1350 1235 1539 1274 meminit
1582 1241 1621 1274 et
1659 1236 1951 1287 praesentibus
1981 1237 2039 1276 ita

268 1293 448 1344 potitur,
479 1300 525 1334 ut
556 1295 874 1344 animadvertat,
908 1303 1065 1350 quanta
1086 1298 1166 1336 sint
1189 1310 1237 1336 ea
1260 1310 1472 1350 quamque
1495 1298 1691 1345 iucunda,
1723 1313 1861 1352 neque
1885 1299 2039 1352 pendet

269 1368 322 1394 ex
351 1355 520 1405 futuris,
552 1359 626 1397 sed
658 1365 871 1412 exspectat
901 1360 993 1407 illa,
1024 1360 1176 1399 fruitur
1206 1361 1496 1412 praesentibus
1528 1361 1578 1399 ab
1609 1361 1745 1414 iisque
1775 1361 1899 1409 vitiis,
1933 1376 2038 1415 quae

219 1418 395 1471 ‘zopaulo
433 1424 529 1459 ante
562 1421 731 1473 collegi,
772 1422 889 1462 abest
925 1423 1152 1475 plurimum
1191 1428 1250 1469 et,
1294 1437 1385 1462 cum
1428 1422 1650 1462 stultorum
1682 1423 1809 1463 vitam
1841 1438 1933 1464 cum
1966 1439 2040 1465 sua

269 1487 499 1534 comparat,
541 1496 690 1536 magna
729 1482 908 1523 afficitur
939 1485 1166 1538 voluptate.
1226 1486 1403 1525 Dolores
1436 1491 1594 1533 autem,
1637 1485 1671 1524 si
1704 1487 1777 1539 qui
1807 1487 2039 1534 incurrunt,

269 1557 496 1598 numquam
530 1546 612 1585 vim
645 1552 801 1587 tantam
833 1548 1011 1595 babent,
1044 1554 1087 1588 ut
1118 1562 1202 1588 non
1234 1549 1328 1602 plus
1360 1549 1511 1588 habeat
1535 1548 1701 1601 sapiens
1725 1549 1839 1602 quod
1861 1549 2042 1602 gaudeat

270 1619 396 1659 quam
435 1608 547 1659 quod
588 1615 775 1661 angatur.
836 1608 901 1649 63.
943 1610 1108 1664 Optime
1150 1626 1248 1651 vero
1291 1612 1518 1665 Epicurus,
1562 1610 1673 1664 quod
1706 1612 1902 1663 exiguam
1934 1611 2043 1651 dixit

268 1667 479 1709 fortunam
517 1671 767 1711 intervenire
798 1672 976 1725 sapienti
1008 1674 1298 1727 maximasque
1323 1671 1388 1728 {ab
1411 1670 1476 1725 eo]
1503 1679 1543 1713 et
1567 1673 1832 1726 gravissimas
1854 1686 1920 1712 res
1943 1687 2042 1713 con-

220 1736 256 1765 ‘25
271 1732 365 1771 silio
396 1733 529 1785 ipsius
562 1739 601 1773 et
631 1735 791 1774 ratione
823 1736 1124 1782 administrari,
1164 1749 1301 1789 neque
1345 1736 1544 1775 maiorem
1576 1736 1831 1788 voluptatem
1865 1750 1918 1776 ex
1949 1736 2042 1775 infi-

270 1794 359 1834 nito
391 1800 578 1849 tempore
610 1798 757 1837 aetatis
789 1799 946 1850 percipi
978 1812 1100 1851 posse
1130 1812 1254 1852 quam
1287 1812 1338 1838 ex
1361 1799 1439 1838 hoc
1462 1799 1734 1852 percipiatur,
1767 1798 1881 1852 quod
1902 1799 2043 1838 videa-

270 1871 362 1898 mus
405 1872 496 1898 esse
534 1857 708 1899 finitum.
768 1861 815 1899 In
857 1860 1075 1902 dialectica
1117 1868 1255 1902 autem
1295 1868 1432 1901 vestra
1471 1861 1628 1900 nullam
1663 1862 1919 1901 existimavit
1950 1875 2041 1902 esse

271 1933 349 1959 nec
380 1920 431 1960 ad
463 1922 613 1961 melius
645 1922 871 1962 vivendum
903 1937 981 1963 nec
1013 1924 1064 1963 ad
1097 1924 1358 1964 commodius
1383 1923 1671 1963 disserendum
1692 1924 1815 1962 viam.
1864 1924 1912 1963 In
1939 1923 2043 1977 phy-

272 1983 366 2022 sicis
405 1982 633 2035 plurimum
675 1985 836 2038 posuit:
880 1999 926 2025 ea
967 1986 1143 2026 scientia
1175 1992 1215 2025 et
1246 1987 1467 2026 verborum
1498 1987 1560 2026 vis
1593 1992 1633 2026 et
1662 1992 1809 2026 natura
1841 1987 2041 2027 orationis

222 2049 258 2078 30
273 2052 314 2085 et
343 2047 693 2100 consequentium
724 2049 1100 2100 repugnantiumve
1132 2050 1237 2088 ratio
1269 2056 1407 2101 potest
1438 2050 1646 2102 perspici;
1686 2049 1870 2088 omnium
1903 2054 2041 2088 autem

271 2122 411 2148 rerum
442 2115 591 2149 natura
622 2111 788 2163 cognita
818 2111 1006 2151 levamur
1037 2111 1352 2163 superstitione,
1385 2112 1608 2151 liberamur
1629 2111 1773 2151 mortis
1799 2116 1926 2158 metu,
1957 2124 2041 2150 non

273 2172 570 2211 conturbamur
610 2174 874 2225 ignoratione
916 2188 1075 2220 rerum,
1123 2187 1143 2212 e
1184 2186 1266 2226 qua
1307 2175 1394 2226 ipsa
1427 2174 1646 2213 horribiles
1679 2173 1888 2212 exsistunt
1918 2187 2043 2226 saepe

271 2233 538 2281 formidines3
571 2235 753 2290 denique
785 2237 906 2276 etiam
940 2236 1087 2275 morati
1117 2235 1266 2274 melius
1300 2236 1472 2282 erimus,
1506 2250 1598 2274 cum
1621 2236 1911 2283 didicerimus,
1944 2236 2043 2290 quid

274 2302 420 2336 natura
452 2296 675 2337 desideret.
727 2299 829 2337 Tum
860 2312 977 2345 vero,
1011 2299 1045 2337 si
1067 2297 1257 2337 stabilem
1281 2297 1497 2336 scientiam
1519 2311 1656 2336 rerum
1679 2298 1926 2345 tenebimus,
1958 2312 2045 2338 ser-

223 2362 259 2390 35
276 2364 367 2398 vata
398 2358 492 2406 illa,
525 2373 633 2412 quae
665 2361 787 2414 quasi
820 2361 990 2413 delapsa
1021 2361 1071 2400 de
1105 2360 1220 2400 caelo
1255 2366 1316 2400 est
1347 2360 1397 2399 ad
1430 2361 1709 2412 cognitionem
1743 2360 1949 2407 omnium,
1981 2374 2045 2400 re-

275 2421 390 2474 gula,
422 2422 473 2461 ad
506 2436 630 2476 quam
663 2423 801 2463 omnia
833 2423 989 2463 iudicia
1017 2437 1155 2463 rerum
1179 2423 1422 2475 dirigentur,
1454 2436 1684 2475 numquam
1708 2422 1835 2462 ullius
1857 2424 2044 2463 oratione

274 2484 372 2524 victi
406 2486 613 2526 sententia
646 2486 908 2526 desistemus.
969 2484 1034 2524 64.
1066 2486 1154 2525 Nisi
1185 2492 1321 2524 autem
1356 2498 1494 2524 rerum
1525 2491 1674 2524 natura
1704 2491 1925 2538 perspecta
1955 2486 2044 2532 erit,

274 2547 390 2586 nullo
422 2547 547 2587 modo
580 2549 810 2601 poterimus
842 2562 1041 2588 sensuum
1061 2548 1215 2588 iudicia
1239 2548 1478 2588 defendere.
1527 2547 1737 2600 Quicquid
1760 2560 1883 2599 porro
1906 2548 2044 2587 animo

275 2610 506 2657 cernimus,
537 2611 578 2650 id
612 2624 733 2650 omne
767 2611 898 2650 oritur
928 2624 950 2650 a
981 2611 1196 2658 sensibus,
1239 2611 1310 2663 qui
1343 2611 1376 2650 si
1410 2623 1554 2650 omnes
1586 2610 1672 2649 veri
1703 2615 1844 2656 erunt,
1876 2614 1921 2649 ut
1950 2610 2047 2663 Epi-

224 2673 260 2703 40
276 2673 363 2712 curi
394 2673 498 2712 ratio
532 2673 673 2721 docet,
705 2679 791 2713 tum
823 2674 1008 2727 denique
1040 2674 1194 2726 poterit
1224 2673 1380 2726 aliquid
1414 2672 1610 2726 cognosci
1642 2677 1682 2712 et
1713 2672 1887 2725 percipi.
1930 2672 2045 2720 Quos

342 2849 371 2879 4.
389 2847 573 2888 monstrosi]
590 2848 711 2878 morosi
728 2846 956 2887 probabiliter
974 2846 1163 2878 Lambinus
1178 2865 1219 2868 —-
1237 2846 1266 2878 3.
1286 2847 1370 2878 idem
1389 2847 1458 2877 AB:
1486 2846 1582 2876 iidem
1599 2846 1665 2877 ΜΟ
1680 2863 1714 2867 -
1735 2847 1766 2877 5.
1787 2847 1924 2887 quisque
1940 2847 1992 2878 BE
2009 2865 2044 2870 -

274 2899 458 2938 sapientum
481 2900 505 2929 A
523 2899 566 2929 B:
599 2899 795 2937 sapientium
819 2899 885 2929 ΜΟ
913 2915 947 2919 ——
983 2897 1013 2927 6.
1042 2897 1150 2927 uerius
1175 2906 1272 2935 quam
1298 2897 1322 2927 B
1351 2912 1386 2918 -
1413 2899 1535 2935 negant
1558 2896 1642 2926 enim
1667 2896 1690 2926 B
1717 2913 1753 2917 —
1781 2906 1846 2927 esse
1869 2897 1987 2927 bonum
2012 2906 2043 2937 q.

274 2949 388 2980 ABE:
416 2957 480 2979 esse
505 2957 534 2987 q.
554 2948 671 2978 bonum
690 2949 738 2978 M:
766 2948 885 2979 bonum
909 2957 938 2987 q.
957 2955 1022 2978 esse
1039 2947 1063 2977 O
1084 2964 1119 2968 —
1148 2947 1198 2977 43.
1227 2956 1282 2977 nec
1306 2947 1383 2986 lessi(
1407 2945 1515 2977 A¹BE
1544 2964 1577 2968 -
1606 2944 1656 2976 44.
1685 2946 1746 2977 diis
1770 2948 1795 2977 Α
1811 2947 1853 2983 Ο,
1881 2948 1939 2985 (lys
1962 2948 1985 2978 B
2008 2964 2043 2969 —

276 2998 328 3029 46.
352 2998 561 3037 uoluptatum
584 2998 700 3029 habeat
724 3000 747 3029 A
765 2999 807 3029 B:
837 2998 954 3029 habeat
976 2997 1180 3035 voluptatum
1206 2997 1272 3027 ΜΟ
1299 3014 1333 3017 -
1374 2996 1420 3027 18.
1446 2996 1486 3025 sil
1511 2996 1541 3025 in
1567 3004 1604 3025 ea
1630 2995 1727 3026 A1ss:
1760 2997 1823 3026 sint
1846 2997 1878 3026 in
1904 3005 1943 3027 ea
1966 2995 2044 3027 ,4213

278 3066 313 3070 -—
345 3057 549 3087 quamquam
580 3048 641 3078 BE
671 3065 705 3070 —
742 3048 792 3078 23.
820 3049 905 3078 (tir-il
932 3048 1014 3078 AB:
1050 3047 1126 3077 dicit
1154 3047 1224 3077 ΜΟ
1257 3064 1290 3068 -
1330 3045 1381 3077 24.
1409 3045 1449 3075 ab
1473 3054 1509 3075 eo
1538 3044 1664 3075 absunt
1695 3054 1712 3075 a
1742 3046 1768 3076 D
1799 3048 1833 3076 et
1860 3054 1876 3075 a
1907 3045 2046 3076 Graecis

276 3098 439 3137 Diogenis
466 3098 500 3128 L.
527 3097 566 3128 X.
594 3097 611 3137 ξς
638 3096 717 3133 4443
753 3099 868 3137 itaque
903 3106 964 3128 nos
989 3096 1209 3128 seclusimus.
1245 3114 1279 3117 —-
1314 3096 1366 3126 26.
1393 3096 1511 3125 aetatis
1534 3104 1603 3125 om.
1631 3095 1654 3125 B
1681 3111 1716 3116 -—
1744 3096 1796 3126 ΞΤ,
1823 3099 1935 3126 nostra
1960 3096 1983 3125 B
2008 3112 2042 3115 ——

276 3148 402 3178 nullam
419 3165 438 3169 -
450 3165 468 3169 -
484 3148 702 3178 disserendum
730 3148 815 3178 riam
833 3149 890 3178 AB
906 3157 911 3177 1
939 3147 1064 3177 nullam
1087 3147 1153 3176 vim
1169 3163 1185 3168 —
1199 3163 1215 3167 —
1233 3146 1453 3175 disserendum
1472 3145 1536 3175 ΜΟ
1561 3161 1596 3166 —-
1624 3144 1676 3175 28.
1704 3153 1761 3175 nec
1777 3162 1794 3167 -
1806 3162 1824 3167 -
1841 3153 1898 3175 nec
1920 3145 1944 3175 A
1960 3153 1966 3173 τ
1993 3152 2047 3174 ηε-

279 3206 522 3238 que--neque
546 3198 614 3228 ΒΜ
643 3215 676 3219 -
704 3196 756 3227 33.
784 3198 861 3237 quid
885 3197 967 3228 AB:
995 3204 1080 3236 quae
1104 3195 1128 3226 Ο
1155 3210 1189 3216 -
1225 3194 1276 3226 34..
1303 3193 1483 3234 scientiam]
1509 3194 1699 3224 sententium
1723 3194 1760 3225 E.
1789 3194 1838 3226 Cs.
1863 3202 1937 3225 var.
1963 3192 2042 3224 lcct.

279 3257 312 3288 p.
340 3247 392 3286 94,
420 3247 450 3279 6.
481 3264 514 3269 -
542 3247 593 3278 36.
620 3247 810 3287 diriquntw·
833 3247 856 3278 B
878 3264 912 3268 —
940 3247 1027 3277 illius
1050 3246 1182 3277 racione
1206 3245 1229 3277 B
1258 3262 1292 3267 —
1321 3243 1372 3275 40.
1400 3248 1428 3275 et
1452 3244 1553 3287 recipi
1576 3241 1665 3275 A¹B.
