2249 3624
537 173 626 215 Lm.
646 173 716 213 111.
758 168 1289 212 cmxxxu-xxxv.
1330 167 1389 221 §§
1413 164 1607 207 alst—48.
1875 160 1948 202 831

198 288 383 331 beluast.
420 284 514 327 Nee
545 295 653 324 vero
686 281 910 331 convenit,
941 292 1035 323 eum
1069 279 1331 320 furiosorum
1366 278 1479 318 bona
1511 277 1682 333 legibus
1714 274 1755 314 in
1782 272 1958 329 adgna-

1340 342 1354 358 ζ

198 358 337 397 torum
369 352 590 407 potestate
621 349 732 401 sint,
764 346 878 400 quod
910 358 1057 386 eornm
1090 346 1170 385 iam
1203 340 1238 373 -::÷
1263 343 1296 373 -‚.÷
1321 353 1351 373 ³·-

760 410 1063 465 [Desiderantur
1091 417 1176 449 octo
1201 407 1402 462 passima]

295 487 511 532 xxxw.
543 483 624 527 46.
655 483 691 515 '4⁴
715 480 751 514 ’ἵε
774 480 932 535 *ldiei
968 485 1155 538 possint,
1185 496 1262 523 eur
1295 483 1366 522 illa
1399 482 1454 521 sit
1487 493 1559 521 res
1591 481 1765 534 publica
1799 475 1851 531 [p.
1867 473 1962 515 ⁶297.

198 571 357 614 resque
397 556 569 612 populi,
610 567 722 610 quae
763 556 864 595 sunt
910 553 1027 595 dicta
1069 552 1123 592 de
1161 564 1317 607 regno.
1381 551 1435 591 Et
1478 551 1610 590 multo
1649 551 1778 590 etiam
1811 549 1994 604 magis,5

199 629 337 684 inquit
367 625 623 668 Mummius:
658 637 753 664 nam
787 625 830 663 in
862 634 1011 677 regem
1045 622 1192 676 potius
1223 620 1340 662 cadit
1373 619 1531 659 domini
1563 617 1817 673 similitudo,
1849 616 1964 672 quod

199 700 265 740 est
297 708 429 749 unus,
468 694 616 748 plures
647 704 756 733 vero
791 692 890 732 boni
925 693 965 730 in
999 703 1083 745 qua
1114 703 1161 729 re
1194 689 1368 743 publica
1400 700 1542 729 rerum
1576 689 1819 741 potientur,
1860 685 1963 726 nihil

199 766 361 821 poterit
393 775 492 805 esse
523 763 597 802 illa
627 762 813 802 beatius.
863 757 956 801 Sed
988 762 1132 800 tamen
1164 759 1236 799 vel
1268 771 1451 815 regnum
1484 758 1595 797 malo
1629 768 1752 811 quam
1785 756 1965 797 liberum

198 834 426 890 populum,
459 830 501 871 id
534 831 646 872 enim
678 829 756 870 tibi
788 830 927 869 restat
953 840 1098 883 genus
1119 827 1447 867 vitiosissumae
1469 827 1533 866 rei
1555 826 1756 880 publicae
1779 825 1967 864 tertium.

308 900 503 943 XXXV.
543 897 627 942 47.
665 899 748 940 Hie
780 895 955 951 Scipio,
986 895 1257 953 Adgnoseo,
1290 896 1449 950 inquit,
1482 898 1599 935 tuum
1634 906 1792 934 morem
1826 895 1967 944 istum,
1982 905 2017 934 ηιο

198 969 352 1024 Spuri,
393 963 604 1020 averlsum
642 979 669 1008 a
699 967 871 1008 ratione
904 965 1068 1019 populi.
1127 962 1210 1006 Set
1242 976 1497 1019 quamquam
1531 964 1679 1017 potest
1710 961 1752 1002 id
1795 957 1850 1013 [p.
1872 956 1967 999 298.

197 1040 340 1082 lenius
378 1038 510 1090 ferri,
553 1048 679 1091 quam
721 1037 768 1076 tu
809 1035 928 1076 soles
968 1033 1111 1089 serre,
1154 1036 1298 1074 tamen
1331 1031 1558 1073 adsentior
1588 1032 1750 1072 nullum
1783 1043 1883 1072 esse
1914 1029 1968 1072 de

198 1109 338 1150 tribus
380 1106 445 1147 his
484 1106 746 1161 generibus,
791 1102 907 1158 quod
946 1105 1002 1144 sit
1045 1101 1315 1157 probandum
1348 1103 1499 1142 minus.
1559 1100 1672 1142 Illud
1705 1104 1849 1142 tamen
1881 1112 1968 1140 non

198 1176 426 1218 adsentior
457 1175 552 1229 tibi,
589 1176 817 1228 praestare
849 1173 945 1229 regi
977 1173 1232 1226 optimates:
1280 1172 1315 1211 si
1349 1171 1460 1212 enim
1493 1171 1712 1224 sapientia
1743 1172 1825 1220 est,
1858 1181 1969 1224 quae

197 1245 417 1303 gubernet
457 1256 546 1284 rem
586 1243 824 1297 publicam,
864 1240 965 1296 quid
1007 1240 1180 1282 tandem
1215 1241 1401 1280 interest
1433 1238 1543 1280 haee
1575 1239 1617 1278 in
1649 1251 1794 1279 unone
1824 1241 1881 1279 sit
1914 1250 2020 1279 aniz»

199 1314 242 1354 in
275 1306 508 1368 pluribus?
557 1309 649 1352 Sed
682 1323 833 1351 errore
866 1309 1052 1364 quodam
1086 1309 1275 1350 fallimur
1306 1309 1367 1349 ita
1399 1306 1692 1361 disputando:
1732 1319 1826 1348 cum
1859 1308 1971 1347 enim

201 1384 437 1436 optumatis
459 1381 755 1435 appellantur,
786 1379 892 1420 nihil
925 1382 1073 1433 potest
1104 1377 1251 1427 vilderi
1278 1378 1599 1433 praestabilius.
1650 1375 1763 1428 Quid
1798 1372 1855 1428 [p.
1876 1371 1971 1415 2115.

201 1452 312 1493 enim
352 1453 530 1505 optumo
575 1451 725 1492 melius
765 1450 953 1506 eogitari
998 1443 1189 1502 potest?
1248 1445 1354 1489 Cum
1395 1449 1538 1488 autem
1581 1448 1702 1503 regis
1742 1449 1808 1486 est
1851 1445 1972 1487 faeta

200 1521 377 1572 mentio,
411 1519 603 1561 occurrit
633 1519 788 1559 animis
817 1530 897 1558 rex
929 1518 1059 1558 etiam
1090 1517 1301 1557 iniustus:
1335 1529 1415 1556 nos
1435 1516 1578 1556 autem
1603 1515 1656 1555 cle
1680 1515 1841 1555 iniusto
1863 1527 1972 1571 rege

200 1588 307 1630 nihil
338 1589 553 1642 loquimur
584 1599 713 1639 nune,
745 1599 839 1628 eum
873 1585 926 1627 de
959 1587 1055 1640 ipsa
1090 1586 1230 1642 regali
1263 1584 1509 1638 republica
1533 1584 1792 1638 quaerimus.
1826 1581 1973 1635 Quare
1988 1593 2024 1622 ρο

204 1658 402 1715 cogitato
435 1656 666 1698 Romulum
697 1658 773 1697 aut
805 1655 1062 1709 Pompilium
1094 1657 1168 1696 aut
1203 1654 1387 1695 Tullium
1429 1665 1579 1710 regem
1611 1653 1730 1706 fore,
1771 1654 1854 1694 iam
1887 1666 1973 1693 non

202 1729 289 1768 tam
330 1727 446 1767 illius
485 1728 528 1766 te
568 1726 630 1766 rei
672 1725 875 1779 publicae
910 1725 1165 1778 paenitebit.
1225 1722 1308 1764 43.
1348 1737 1395 1763 M.
1427 1721 1564 1774 Quam
1598 1723 1734 1777 igitur
1764 1722 1975 1776 relinquis

202 1795 403 1849 populari
436 1795 498 1836 rei
531 1794 733 1848 publicae
763 1787 972 1834 laudem?
1042 1792 1150 1833 Tum
1182 1793 1276 1834 ille:
1329 1790 1442 1843 Quid
1475 1792 1551 1833 tibi
1585 1790 1783 1844 tandem,
1825 1788 1975 1844 Spuri,

203 1863 501 1914 Rhodiorum,
541 1861 660 1915 apud
700 1875 810 1916 quos
851 1874 990 1916 nuper
1023 1858 1188 1913 fuilmus
1219 1873 1325 1905 una,
1370 1861 1548 1901 nullane
1578 1859 1756 1900 videtur
1796 1855 1852 1911 [p.
1876 1854 1972 1896 11‘16.

205 1944 303 1974 esse
334 1944 407 1974 res
438 1926 646 1986 publiea?
705 1945 751 1971 M.
787 1931 899 1972 Mihi
931 1943 1040 1972 vero
1073 1929 1272 1980 videtur,
1313 1931 1356 1971 et
1388 1930 1560 1970 minime
1592 1928 1761 1984 quidem
1793 1930 1976 1982 vitupe-
1990 1938 2026 1967 25

203 2001 358 2044 randa.
417 2014 451 2042 s.
490 2001 634 2042 Recte
666 1999 794 2047 dicis,
826 2000 925 2050 sed,
956 2001 992 2041 si
1023 2001 1277 2054 meministi,
1320 2010 1470 2040 omnes
1501 2002 1627 2040 erant
1658 1997 1769 2039 idem
1802 2000 1890 2038 tum
1922 1996 1977 2038 de

206 2071 336 2125 plebe
378 2072 466 2111 tum
508 2072 768 2124 senatores,
806 2069 1226 2124 vicissitudinesque
1267 2068 1515 2123 habebant,
1560 2068 1715 2121 quibus
1756 2067 1978 2108 mensibus

206 2139 409 2193 populari
440 2151 618 2180 munere
651 2138 958 2196 fungerentur,
991 2139 1146 2192 quibus
1172 2139 1421 2179 senatorio:
1453 2137 1685 2190 utrobique
1705 2139 1849 2177 autem
1873 2148 1978 2178 con-

207 2209 444 2250 venticium
475 2208 768 2261 accipiebant,
796 2209 840 2249 et
872 2209 914 2248 in
945 2207 1121 2249 theatro
1154 2209 1197 2247 et
1229 2207 1271 2246 in
1303 2207 1424 2246 curia
1455 2217 1527 2246 res
1559 2206 1763 2258 capitalis
1795 2207 1838 2246 et
1869 2204 1978 2246 reli-

209 2290 318 2332 quas
357 2277 495 2318 omnis
535 2276 788 2319 iudicabant
828 2276 968 2331 idem,
1016 2278 1184 2317 tantum
1225 2277 1405 2330 poterat
1449 2275 1650 2329 tantique
1689 2276 1784 2316 erat
1826 2273 1976 2329 quanti
1992 2281 2028 2311 30

767 2341 783 2354 ἰ
814 2340 841 2354 υι

208 2345 438 2387 multitudo
470 2349 661 2388 senalus
692 2341 728 2375 32<-
752 2343 788 2375 ἐς
809 2354 846 2375 a<

859 2427 1003 2483 [Multa
1031 2426 1335 2481 desiderantur.]

298 2610 328 2640 4.
355 2607 490 2649 bcluast]
516 2617 656 2639 CELBAST
682 2609 706 2639 C
742 2626 785 2631 —
819 2615 1079 2649 coslijenmmrn
1105 2609 1129 2640 C
1167 2625 1203 2631 —
1241 2606 1272 2638 4.
1300 2605 1374 2646 dici]
1401 2606 1529 2637 «Huius
1554 2614 1697 2646 quoque
1722 2606 1868 2646 paginae
1893 2606 1982 2637 scri-

210 2658 312 2699 ptura
336 2660 408 2690 tota
434 2658 506 2690 fere
532 2656 647 2688 deleta
673 2659 726 2689 est
751 2666 816 2689 nec
841 2658 873 2688 in
898 2657 1013 2689 lucem
1040 2660 1238 2689 revocata.»
1266 2658 1325 2688 Du
1343 2656 1442 2687 Rieu
1468 2673 1510 2678 —
1542 2656 1573 2687 7.
1600 2662 1689 2689 prens
1712 2660 1816 2688 ¹sceno
1843 2656 1867 2686 C
1886 2657 1981 2686 teste

210 2706 423 2738 Detlefsenio
448 2725 490 2729 —
516 2707 566 2737 10.
593 2706 654 2747 hie]
682 2716 744 2737 acc
771 2708 794 2738 C
823 2724 857 2728 ——
886 2708 936 2738 Μ.
965 2716 1139 2738 Auciznsifu
1166 2708 1189 2739 C
1216 2705 1362 2737 testibus
1388 2704 1599 2736 Detlessenio
1625 2706 1659 2735 et
1683 2706 1735 2736 Du
1751 2705 1845 2743 Rieu,
1874 2706 1983 2744 (ama-

212 2765 345 2788 uersum
368 2756 460 2796 Mai.)
499 2759 568 2787 tam
591 2765 744 2787 aversum
773 2757 888 2787 Moser
924 2773 959 2778 —
997 2765 1184 2787 Portum-:T
1209 2757 1233 2786 (2
1266 2756 1331 2794 (sie
1357 2755 1461 2785 etiam
1486 2757 1575 2785 teste
1601 2753 1842 2793 Detlefsenio);
1871 2764 1984 2794 popu-

211 2806 288 2838 lari.
325 2806 389 2837 Sed
422 2806 446 2836 O
479 2815 561 2838 eum
590 2807 748 2842 Mosero;
786 2809 881 2837 certa
905 2805 971 2838 loci
997 2807 1197 2838 emendatio
1223 2805 1380 2837 nondum
1405 2804 1543 2835 videtur
1567 2805 1705 2835 inventa
1731 2814 1810 2836 esse
1851 2822 1885 2827 -
1928 2806 1981 2837 43.

213 2847 696 2908 τΑΙΜΕΝΝοΝᾸιίὶεΕΝΤιο,ω’[ιςι
729 2856 752 2887 C
785 2857 873 2887 teste
903 2855 1136 2893 Detlesseni03
1175 2857 1248 2897 ipse
1280 2855 1400 2887 malim
1432 2859 1541 2886 tamen
1569 2864 1633 2885 non
1667 2855 1838 2886 adsentiar
1861 2855 1918 2887 tibi
1946 2872 1981 2878 -

214 2905 266 2937 45.
293 2904 841 2941 11AECIIUNONESITANIPLL’MB.INSED
873 2906 897 2937 C
922 2908 1011 2938 teste
1037 2906 1164 2937 eodem
1204 2923 1239 2928 —
1278 2905 1330 2936 46.
1358 2914 1409 2935 im
1436 2905 1479 2935 C:
1516 2905 1550 2935 in
1575 2905 1722 2935 Schuetz
1748 2907 1783 2936 et
1806 2906 1921 2937 Moser
1946 2921 1981 2927 ——

215 2954 267 2985 47.
292 2955 464 2993 optimates
487 2956 511 2986 Ο
551 2973 585 2978 -
625 2955 664 2986 48
691 2957 724 2986 et
747 2956 801 2986 20.
827 2963 893 2990 omi
920 2956 943 2987 C
987 2972 1017 2979 »-
1055 2955 1108 2986 21.
1137 2958 1195 2986 auc
1223 2955 1360 2985 Tullium
1385 2954 1549 2984 lleinrich
1584 2954 1683 2993 (item
1708 2955 1773 2985 Mai
1803 2955 1836 2986 in
1861 2954 1983 2993 Add.):

215 3011 385 3034 AUTULLUM
410 3004 457 3042 C,
494 3008 552 3035 aut
578 3004 704 3035 Tullum
735 3005 760 3035 Ο
802 3021 836 3026 -
878 3005 964 3043 fore,
991 3005 1060 3035 iam
1083 3014 1148 3035 non
1172 3004 1331 3042 Madvig:
1373 3011 1564 3033 Fon'rAxsoN
1597 3005 1620 3033 (j
1655 3005 1743 3035 teste
1773 3005 1884 3042 Maio,
1921 3003 1985 3035 sed

215 3052 268 3083 Du
285 3052 369 3084 Rieu
393 3061 463 3084 non
488 3052 569 3093 legit
591 3054 716 3093 fortan,
743 3053 805 3084 sed
830 3062 952 3090 FonTA,
980 3063 1022 3085 ex
1045 3063 1066 3085 A
1091 3054 1180 3085 faeta
1206 3063 1223 3084 ις
1250 3054 1304 3092 (ci'.
1333 3053 1408 3084 eius
1432 3052 1554 3084 sched.
1583 3062 1615 3092 p.
1631 3053 1702 3090 50);
1733 3053 1847 3092 fortan
1870 3062 1934 3084 non
1959 3053 1985 3084 Ο

219 3118 253 3124 -
279 3101 333 3132 28.
359 3111 559 3134 SAENATOMO
585 3102 623 3135 C²
660 3119 694 3124 -—
734 3112 916 3139 ATROBIQL'E
942 3104 966 3136 C
999 3121 1034 3126 ——
1073 3104 1125 3134 32.
1154 3102 1298 3141 Folium,
1329 3112 1397 3143 quo
1423 3102 1490 3133 hoc
1515 3102 1748 3141 fragmentum
1775 3104 1985 3139 continetur,

217 3151 354 3190 signum
377 3152 487 3184 habet
511 3153 750 3193 quaternionis
775 3152 1033 3193 quadragesimi
1059 3154 1174 3194 primi=
1202 3162 1269 3192 qua
1296 3153 1339 3183 de
1366 3161 1403 3183 re
1421 3156 1506 3192 Ang.
1528 3153 1592 3183 Mai
1617 3153 1813 3184 adnotavit:
1843 3150 1986 3184 «Ultima

218 3200 307 3231 liaeo
335 3204 480 3242 apparet
511 3203 544 3234 iu
577 3203 698 3234 codice
730 3205 810 3233 nota
845 3204 1132 3242 quaternionum3
1168 3202 1300 3242 reliqua
1327 3203 1421 3233 enirn
1445 3202 1520 3232 folia
1547 3202 1791 3234 tantummodo
1816 3201 1986 3232 librorum

219 3253 338 3281 notam
369 3251 574 3293 inscriptam
605 3252 748 3284 habent.
802 3252 877 3283 Iam
905 3261 990 3284 vero
1021 3253 1077 3283 hic
1107 3260 1322 3291 cognoscere
1358 3251 1402 3282 ad
1434 3253 1603 3283 amussim
1633 3251 1715 3284 lieet
1746 3255 1874 3293 quanta
1905 3259 1987 3292 pars

220 3298 390 3334 hactenus
419 3303 536 3344 operis
568 3301 612 3335 de
644 3311 720 3344 rep.
751 3302 785 3333 in
814 3300 935 3334 mutilo
960 3302 1083 3335 codiee
1109 3302 1266 3333 vaticano
1292 3301 1526 3334 desideretur.
1576 3302 1710 3344 Quippe
1736 3301 1987 3343 quaterniones
