2249 3624
333 209 415 255 982
1071 216 1351 259 CICERONIS

431 331 493 371 21.
534 332 711 371 Ciceronis
746 335 961 372 Hortensius
1001 340 1127 372 contra
1150 336 1421 381 philosophiam
1448 337 1623 371 disserens
1649 336 1925 373 circumvenitur
1952 342 2082 383 aryuta

331 396 577 438 conclusione,
609 399 705 443 quod
729 410 809 434 cum
836 400 966 434 diceret
991 399 1319 443 philosophandum
1345 409 1417 434 non
1443 408 1531 439 esse,
1561 400 1677 434 nihilo
1697 401 1814 434 minus
1831 400 2083 445 philosophari

330 459 536 501 metebatur,-
573 462 745 505 quoniam
780 462 987 506 philosophi
1020 465 1086 501 est,
1123 462 1211 506 quid
1248 462 1287 496 in
1323 462 1400 496 vita
1438 463 1643 506 faciendum
1685 463 1739 498 vel
1773 473 1845 497 non
1876 462 2083 507 faciendum

330 521 395 564 sit,
425 522 620 567 disputare.
676 521 1001 569 (Lactantius
1028 522 1125 559 Inst.
1156 521 1182 559 l.
1214 521 1281 560 ΙΙΙ.
1313 532 1348 559 c.
1380 523 1437 561 16.
1470 523 1505 572 ξ.
1535 524 1586 571 9.)

297 583 315 612 5
428 581 486 621 22.
526 585 716 621 Praeterea
743 586 834 620 illud
861 595 999 631 quoque
1017 589 1266 631 aryumentum
1293 590 1419 621 contra
1444 587 1712 632 philosophiam
1739 587 1831 622 valet
1869 587 2078 632 plurimum,

329 656 398 690 quo
424 648 516 682 idem
542 652 592 682 est
618 659 701 683 usus
730 648 960 683 Hortensius:
1003 657 1052 684 ex
1081 657 1128 684 eo
1157 658 1280 697 posse
1307 645 1501 696 intelligi,
1548 646 1844 697 philosophiam
1872 659 1952 685 non
1989 658 2082 685 esse

329 706 590 756 sapientiam,
635 707 745 759 quod
789 708 1032 759 principium
1077 714 1118 747 et
1158 709 1268 758 origo
1311 709 1398 746 eius
1439 713 1649 759 appareat.
1705 708 1900 756 Quando,
1939 712 2080 756 inquit,

327 768 551 820 philosophi
581 781 674 808 esse
703 769 953 821 coeperunt?
980 769 1151 816 Thales,
1181 775 1225 809 ut
1253 770 1419 821 opinor,
1450 771 1617 821 primus.
1674 771 1832 810 Recens
1859 770 1961 810 haee
1989 771 2082 821 qui-

326 829 419 868 dem
466 837 591 870 aetas.
658 831 732 870 Ubi
776 843 871 881 ergo
913 835 1018 882 apud
1057 832 1308 883 antiquiores
1347 831 1463 871 latuit
1502 845 1616 871 amor
1654 833 1731 871 iste
1774 831 2082 883 investigandae

277 893 533 932 10veritatis‘?
588 894 732 944 (Idem
758 893 856 932 ibid.
889 894 924 945 ξ.
968 896 1043 941 12.)

424 955 484 994 23.
523 955 568 994 Id
605 957 711 995 enim
751 962 814 994 est
842 956 1062 1007 sapientis,
1091 955 1332 1007 providere;
1371 968 1421 995 ex
1450 968 1530 1008 quo
1559 956 1759 1008 sapientia
1788 962 1851 995 est
1878 955 2083 1008 appellata

324 1016 553 1067 prudentia.
610 1018 819 1068 (Nonius
847 1031 884 1057 v.
915 1018 1135 1057 Prudentia
1163 1032 1203 1070 p.
1239 1020 1313 1068 41.)

423 1080 482 1118 24.
524 1078 727 1134 [Epicurei
755 1079 894 1131 plures
922 1080 1065 1119 volunt
1093 1092 1186 1119 esse
1218 1080 1391 1130 caelos}
1445 1082 1526 1119 Aut
1552 1080 1718 1120 tandem
1753 1080 1927 1130 doceas,
1970 1081 2081 1132 quod

322 1140 388 1178 vix
425 1144 614 1194 cuiquam
651 1143 825 1193 contigit.
884 1143 1122 1193 (Servius
1157 1142 1209 1181 ad
1244 1144 1352 1193 Virg.
1383 1145 1482 1182 Aen.
1513 1143 1536 1183 l.
1569 1145 1598 1181 I.
1629 1156 1666 1182 v.
1698 1143 1784 1182 331.
1813 1155 1854 1194 p.
1890 1144 1974 1182 193.
2003 1142 2078 1184 Ed.

273 1205 432 1244 ⁴⁵Lion.
464 1207 506 1245 T.
540 1207 570 1245 1.
604 1218 643 1256 p.
674 1206 750 1255 64.)

421 1268 482 1306 25.
520 1270 662 1318 ltaque
703 1273 799 1306 tunc
841 1267 1060 1306 Democriti
1100 1279 1245 1306 manus
1285 1267 1529 1318 argebatum
1572 1272 1636 1306 est
1673 1267 1779 1306 enim
1807 1279 1888 1306 non
1916 1280 2076 1318 magna.

323 1329 524 1379 (Nonius
552 1342 588 1368 v,
619 1331 770 1380 Urgere
803 1341 844 1380 p.
884 1329 985 1378 418.)

420 1392 479 1430 26.
520 1393 569 1431 Et
601 1392 742 1431 horum
783 1403 1005 1436 annorum,
1049 1402 1152 1442 quos
1179 1391 1218 1429 in
1257 1391 1385 1430 Fastis
1414 1390 1641 1439 habemus,
1671 1403 1842 1442 magnus
1869 1393 1944 1430 XII
1973 1392 2080 1433 milia

321 1454 590 1494 DCCCCLIV.
633 1453 904 1505 amplectitur.
961 1453 1194 1503 (Servius
1237 1452 1288 1492 ad
1326 1454 1433 1503 Virg.
1477 1455 1575 1492 Aen.
1607 1453 1632 1492 l.
1662 1454 1691 1492 Ι.
1720 1467 1757 1492 ν.
1788 1455 1874 1492 269.
1906 1467 1946 1506 p.
1979 1456 2077 1506 188.)

271 1517 307 1546 20
321 1519 495 1564 Mannum
535 1531 669 1554 annum
708 1531 778 1554 esse
817 1519 1004 1554 voluerunt
1040 1519 1204 1553 omnibus
1227 1519 1383 1563 planetis
1411 1519 1449 1552 in
1475 1520 1623 1554 eundem
1649 1521 1915 1554 recurrentibus
1943 1520 2075 1556 locum.

320 1582 365 1617 Et
405 1583 470 1618 hoc
508 1585 567 1628 fit,
609 1585 647 1617 ut
686 1583 867 1625 discimus,
909 1581 1100 1616 secundum
1138 1581 1316 1616 Ciceronis
1344 1581 1578 1616 Hortensium
1604 1586 1682 1627 post
1710 1592 1824 1617 annos
1854 1581 1940 1619 XII.
1971 1584 2079 1618 milia

319 1650 512 1691 nonyentos
551 1646 816 1692 quinquaqinta
853 1649 1044 1689 quattuor,
1087 1643 1294 1678 solstitiales
1333 1644 1481 1681 scilicet.
1538 1640 1685 1692 (Idem
1723 1641 1820 1681 ibid.
1862 1641 1887 1681 l.
1929 1644 2002 1682 III.
2036 1655 2073 1683 v.

318 1705 403 1744 284.
436 1719 461 1756 p
505 1705 604 1755 283.)

419 1768 479 1807 27.
524 1769 567 1805 Ut
595 1768 736 1807 Cicero
764 1767 803 1805 in
832 1766 1045 1805 Hortensio
1072 1769 1218 1809 scribit,
1248 1766 1282 1804 is
1311 1770 1374 1804 est
1399 1777 1571 1815 magnus
1601 1771 1640 1804 et
1666 1778 1789 1806 verus
1812 1779 1964 1817 annus,
1994 1780 2074 1819 quo

268 1828 305 1857 ²5
319 1829 464 1870 eadem
501 1831 647 1882 positio
685 1829 784 1869 caeli
821 1829 1108 1880 siderumque,
1138 1840 1244 1879 quae
1273 1840 1365 1867 cum
1394 1829 1570 1866 maxime
1599 1834 1679 1871 est,
1711 1842 1873 1868 rursum
1902 1830 2071 1880 existet,

317 1893 435 1943 isque
464 1906 594 1932 annus
623 1892 787 1942 horum,
816 1904 919 1943 quos
946 1903 1021 1929 nos
1049 1902 1269 1939 vocamus,
1307 1902 1506 1929 annorum
1548 1891 1922 1931 XIIMDCCCCLIVv
1958 1905 2072 1932 com-

316 1954 520 2006 plectitur.
570 1955 787 2005 (Tacitus
815 1953 913 1993 Dial.
945 1952 996 1992 de
1027 1952 1233 1992 Oratorib.
1266 1965 1299 1992 c.
1332 1953 1388 1991 16.
1421 1953 1456 2003 §-
1489 1953 1538 2002 9.)

415 2019 474 2057 28.
520 2019 638 2056 Cicero
679 2030 759 2055 cum
796 2019 898 2053 vellet
937 2019 975 2052 in
1014 2017 1208 2052 Hortensio
1248 2018 1394 2063 dialogo
1435 2018 1480 2052 ab
1517 2019 1644 2062 aliqua
1685 2028 1723 2053 re
1766 2023 1882 2059 certa,
1930 2020 1972 2054 de
2000 2030 2073 2064 qua

314 2083 434 2118 nullus
464 2084 674 2128 ambiqeret,
704 2093 841 2117 sumere
867 2092 952 2116 suae
979 2081 1235 2125 disputationis
1249 2081 1462 2121 emordium,
1493 2078 1602 2117 Beati
1620 2083 1750 2126 certe,
1773 2082 1908 2126 inquit,
1931 2091 2072 2119 omnes

263 2140 409 2182 3⁰esse
449 2142 651 2182 volumus.
707 2141 1060 2192 (Augustinus
1103 2141 1154 2179 de
1195 2142 1334 2179 Trinit.
1374 2140 1399 2180 l.
1444 2141 1542 2179 XIII.
1586 2154 1621 2179 c.
1652 2142 1686 2179 4.
1720 2141 1824 2193 Opp.
1856 2143 1898 2180 T.
1930 2143 1996 2181 III.
2029 2155 2071 2193 p.

314 2206 401 2246 408.
458 2206 586 2244 Idem
615 2210 754 2244 contra
779 2204 978 2244 Iulianum
1004 2205 1045 2242 L.
1076 2204 1138 2242 VI.
1170 2216 1205 2242 c.
1235 2204 1295 2243 26.
1321 2205 1365 2242 Τ.
1392 2205 1441 2242 X.
1472 2203 1548 2242 Ed.
1575 2206 1771 2256 Antverp.
1792 2216 1833 2255 p.
1855 2204 1940 2243 989.
1974 2205 2074 2243 haec

315 2267 448 2306 addit:
489 2271 594 2315 idque
620 2281 730 2305 unum
757 2280 828 2304 esse
858 2269 1028 2303 dixerunt
1057 2269 1285 2313 philosophi,
1318 2270 1414 2313 quod
1446 2269 1690 2314 disputatione
1720 2280 1793 2304 non
1827 2273 1946 2314 eyeat,
1978 2271 2073 2314 quod

314 2344 415 2368 nemo
456 2338 525 2377 est,
569 2334 632 2378 qui
669 2343 741 2367 non
780 2337 934 2377 eoepetat.
993 2329 1049 2368 Cs.
1094 2330 1213 2368 etiam
1252 2328 1438 2367 Iulium
1479 2330 1737 2368 Victorem
1766 2342 1806 2381 p.
1834 2330 1903 2367 64:
1942 2329 2072 2368 Omnes

316 2396 456 2430 beatam
483 2396 597 2430 vitam
622 2396 740 2430 vivere
770 2395 916 2429 volunt.-
948 2396 1010 2439 qui
1040 2394 1181 2429 beatam
1208 2395 1321 2428 vitam
1348 2395 1466 2429 vivere
1491 2395 1603 2437 volet,
1632 2395 1904 2439 philosophetur
1919 2399 2068 2440 oportet.

263 2470 301 2499 35
413 2456 472 2494 29.
507 2478 547 2483 -—
579 2459 773 2505 quantum
804 2455 909 2492 inter
937 2466 982 2492 se
1010 2453 1193 2492 homines
1225 2453 1392 2502 studiis,
1421 2454 1624 2502 moribus,
1654 2455 1760 2493 omni
1790 2455 1894 2494 vitae
1914 2455 2069 2493 ratione

316 2519 502 2557 differant
531 2539 573 2546 -
603 2517 816 2561 (Nonius
845 2529 881 2554 v.
913 2517 1079 2554 Differre
1107 2528 1145 2566 p.
1176 2517 1284 2559 284.)

415 2582 474 2619 30.
515 2603 558 2608 --
587 2580 647 2618 his
673 2579 898 2618 contrarius
924 2579 1058 2617 Aristo
1087 2578 1232 2626 Chius,
1267 2579 1544 2629 praefractus,
1585 2579 1760 2627 ferreus,
1791 2578 1885 2617 nihil
1916 2578 2068 2618 bonum

315 2643 389 2680 nisi
419 2642 528 2693 quod
557 2648 713 2681 rectum
742 2648 782 2681 et
811 2642 1025 2680 honestum
1054 2647 1116 2679 est
1153 2665 1183 2667 „
1212 2641 1365 2691 (Idem
1395 2655 1432 2679 v.
1468 2643 1740 2681 Praefractum
1781 2654 1822 2692 p.
1864 2642 1969 2691 155.)

415 2706 472 2744 31.
511 2706 617 2744 Ecce
645 2710 779 2744 autem
807 2717 887 2744 non
914 2703 1138 2755 philosophi
1180 2703 1371 2754 quidem,
1419 2704 1493 2743 sed
1525 2706 1700 2755 prompti
1729 2710 1864 2743 tamen
1897 2703 1949 2743 ad
1982 2703 2069 2742 dis-

265 2780 301 2810 40
316 2766 564 2818 putandum,
602 2780 743 2806 omnes
783 2768 895 2806 aiunt
919 2779 1011 2805 esse
1040 2766 1206 2813 hesim,
1237 2768 1305 2817 qui
1335 2768 1497 2810 vivant,
1538 2773 1581 2806 ut
1607 2767 1683 2818 ipsi
1712 2766 1849 2805 velint.
1905 2766 2068 2805 Falsum

316 2828 354 2866 id
395 2829 573 2879 quidem.
627 2829 740 2868 Velle
768 2830 897 2879 enim,
939 2828 1048 2880 quod
1076 2841 1156 2866 non
1185 2828 1348 2878 deceat,
1392 2830 1433 2868 id
1468 2830 1603 2880 ipsum
1631 2828 1904 2867 miserrimum
1935 2825 2032 2881 [est]
2058 2858 2066 2875 ‚

316 2903 392 2929 nec
431 2896 511 2929 tam
551 2892 745 2930 miserum
786 2897 849 2931 est
884 2903 965 2930 non
1003 2889 1197 2941 adipisci,
1243 2890 1353 2941 quod
1393 2891 1520 2940 velis,
1566 2903 1687 2942 quam
1732 2889 1900 2941 adipisci
1935 2889 2067 2938 velle,

317 2952 426 3002 quod
455 2965 534 2991 non
564 2959 762 3004 oporteat.
824 2953 917 2992 Plus
958 2953 1063 2991 enim
1097 2951 1190 2991 mali
1219 2953 1399 3002 pravitas
1427 2953 1645 2992 voluntatis
1677 2953 1793 2991 affert
1826 2964 1947 3002 quam
1984 2952 2066 2990 lor-

316 3018 412 3053 tuna
442 3015 629 3066 cuiquam
662 3015 770 3054 boni.
827 3015 1185 3065 (Augustinus
1214 3017 1266 3052 de
1299 3016 1386 3054 Vita
1415 3015 1535 3054 beata
1564 3015 1668 3067 Opp.
1699 3016 1742 3053 T.
1771 3016 1802 3054 Ι.
1833 3026 1870 3065 p.
1900 3014 1986 3052 500.
2016 3012 2067 3051 de

266 3088 303 3118 45
318 3076 453 3114 Trinit.
483 3075 551 3114 lib.
583 3077 688 3115 XIII.
716 3090 749 3115 c.
784 3078 820 3116 5.
849 3078 891 3115 T.
922 3078 971 3114 II.
1002 3089 1042 3127 p.
1070 3077 1178 3125 409.)

404 3219 456 3251 43.
493 3219 566 3250 Iam
595 3220 736 3252 Vossius
770 3221 905 3253 viderat
937 3220 991 3259 (de
1028 3221 1118 3252 vitii-3
1142 3221 1316 3252 sermonis
1341 3222 1365 3252 1.
1398 3231 1429 3253 e.
1457 3221 1521 3260 46.)
1547 3229 1615 3253 non
1640 3222 1711 3252 tam
1736 3221 1799 3253 ista
1823 3220 1976 3261 Epicurei
2000 3238 2017 3244 -
2048 3237 2066 3243 -

316 3270 421 3301 caelos
446 3269 622 3301 Ciceronis
647 3278 724 3301 esse
750 3279 855 3311 quam
879 3272 966 3302 haec
989 3271 1051 3302 Aut
1075 3271 1205 3302 candem
1227 3289 1247 3296 -
1269 3287 1287 3293 -
1310 3271 1455 3312 contiyit.
1481 3271 1540 3303 Oa.
1576 3287 1610 3293 —
