2249 3624
712 150 809 191 cst.
839 150 1021 191 v-vr
1063 148 1122 203 §§
1155 147 1349 190 *ii-46.
1827 147 1908 189 589

152 259 270 300 savit.
332 255 438 304 Qui,
478 268 571 295 cum
609 269 661 296 ex
701 269 750 295 eo
791 264 1083 309 quaereretur,
1124 270 1195 296 cur
1236 263 1317 296 tam
1359 256 1430 296 diu
1463 257 1585 296 vellet
1615 269 1706 296 esse
1738 256 1779 295 in
1812 257 1908 303 vita,

155 318 283 360 «nihil
314 317 476 357 habeo»
518 318 653 371 inquit
692 319 831 371 «quod
864 332 1053 358 accusem
1087 326 1381 359 senectutem.»
1445 318 1703 358 Praeclarum
1737 332 1909 371 respon-

152 395 241 422 sum
272 386 312 420 et
344 379 467 420 docto
499 380 667 419 homine
701 380 902 433 dignum!
965 379 1022 420 li.
1056 383 1139 421 Sua
1171 383 1280 421 enim
1316 382 1413 421 vitia
1444 383 1687 434 insipientes
1720 387 1760 420 et
1790 395 1908 420 suam

153 443 316 496 culpam
357 443 397 482 in
439 449 697 482 senectutem
738 443 986 489 conferunt;
1033 444 1146 496 quod
1186 458 1270 483 non
1311 444 1487 484 faciebat
1528 445 1584 490 is,
1627 443 1745 483 cuius
1785 444 1909 483 modo

153 505 406 546 mentionem
437 504 539 551 feci,
581 506 766 544 Ennius:

321 567 405 606 Sic
447 573 499 606 ut
537 566 701 606 fortis
743 581 931 621 equus,
973 570 1148 621 spatio
1187 569 1268 621 qui
1311 582 1462 621 saepe
1506 583 1742 621 supremo

320 630 454 669 Vicit
486 628 757 683 Olympia,
800 644 933 670 nunc
976 632 1120 670 senio
1161 630 1440 670 confectus
1483 632 1722 684 quiescit.

151 691 258 746 Equi
298 690 418 731 sortis
457 697 498 731 et
538 692 709 731 victoris
747 693 952 732 senectuti
993 699 1205 744 comparat
1237 706 1381 732 suam:
1425 708 1549 745 quem
1581 694 1751 747 quidem
1785 694 1912 747 probe

151 754 391 794 meminisse
424 755 609 807 potestis.
655 755 774 793 Anno
807 756 916 794 enim
949 756 1262 794 undevicesimo
1296 762 1388 807 post
1419 757 1509 795 eius
1541 763 1712 796 mortem
1745 757 1786 796 hi
1817 770 1914 796 con-

152 816 285 862 sules,
318 816 363 854 T.
386 816 642 856 Flamininus
675 822 715 855 et
747 817 808 855 M’.
832 817 1013 863 Acilius,
1055 816 1151 856 sacti
1184 825 1308 865 sunt;
1355 818 1423 857 ille
1456 825 1593 858 autem
1629 819 1839 872 Caepione
1873 825 1965 859 et⁴0

151 877 341 932 Philippo
372 878 524 917 iteruin
557 878 802 918 consulibus
835 885 1022 918 mortuus
1056 885 1138 925 est,
1170 894 1262 918 cum
1296 894 1372 932 ego
1407 882 1593 934 quinque
1625 888 1666 921 et
1696 883 1913 933 sexaginta

153 953 284 981 annos
316 946 438 980 natus
471 941 605 993 legem
639 941 865 980 Voconiam
899 954 1048 993 magna
1080 954 1180 981 voce
1216 949 1254 981 et
1288 943 1409 982 bonis
1443 944 1641 983 lateribus
1675 946 1912 984 suasissem.

149 1004 292 1042 Annos
325 1003 586 1055 septuaginta
619 1009 738 1042 natus
781 1026 832 1032 —
876 1009 935 1042 tot
967 1004 1076 1042 enim
1111 1004 1214 1043 vixit
1244 1005 1404 1044 Ennius
1447 1030 1498 1035 —
1545 1006 1599 1045 ita
1640 1006 1799 1046 serebat
1830 1006 1913 1046 duo

152 1077 257 1118 quae
291 1065 471 1104 maxima
504 1072 703 1117 putantur
734 1079 879 1111 onera,
914 1073 1200 1118 paupertatem
1234 1072 1274 1105 et
1305 1074 1580 1115 senectutem,
1616 1075 1658 1108 ut
1689 1070 1750 1109 eis
1782 1082 1914 1122 paene

153 1125 350 1167 delectari
383 1126 607 1167 videretur.
671 1125 735 1167 15.
769 1129 945 1174 Etenim,
978 1142 1070 1168 cum
1104 1128 1348 1180 conplector
1379 1130 1534 1176 animo,
1567 1138 1766 1184 quattuor
1797 1138 1966 1186 repe-¹5

152 1190 214 1230 rio
254 1203 399 1230 causas
441 1204 514 1229 cur
556 1196 750 1230 senectus
792 1191 944 1230 misera
988 1190 1201 1230 videatur:
1252 1204 1376 1230 unam
1417 1193 1529 1244 quod
1561 1200 1708 1234 avocet
1739 1208 1762 1234 a
1793 1196 1915 1234 rebus

153 1254 374 1306 gerendis,
419 1252 591 1292 alteram
633 1253 745 1307 quod
786 1266 937 1305 corpus
980 1252 1105 1292 faciat
1146 1252 1375 1300 infirmius,
1424 1256 1586 1295 tertiam
1629 1256 1742 1309 quod
1784 1258 1917 1310 privet

153 1315 346 1355 omnibus
387 1315 473 1355 fere
517 1317 823 1369 voluptatibus,
868 1323 1059 1369 quartam
1102 1316 1215 1369 qnod
1257 1316 1368 1355 haud
1403 1318 1548 1369 procul
1580 1318 1686 1358 absit
1716 1332 1738 1359 a
1772 1326 1916 1359 morte.

151 1377 331 1425 Earum,
375 1379 409 1418 si
449 1379 604 1432 placet,
652 1392 872 1419 causarum
913 1384 1070 1432 quanta
1111 1392 1322 1432 quamque
1361 1379 1415 1419 sit
1454 1380 1563 1420 iusta
1604 1394 1685 1420 una
1726 1395 1916 1436 quaeque

152 1440 382 1481 videamus.

266 1504 333 1542 VI.
374 1505 406 1543 A
444 1505 568 1544 rebus
608 1505 802 1558 gerendis
843 1510 1037 1544 senectus
1077 1503 1296 1543 abstrahit.
1368 1504 1564 1552 Quibus?
1610 1518 1663 1545 an
1694 1506 1768 1553 iis,
1810 1520 1916 1560 quae

150 1565 367 1606 iuventute
400 1573 602 1619 geruntur
633 1573 674 1607 et
704 1567 891 1606 viribus?
943 1566 1147 1606 Nullaene
1171 1566 1297 1617 igitur
1318 1580 1383 1606 res
1406 1574 1503 1607 sunt
1524 1568 1696 1616 seniles,
1721 1583 1828 1622 quae
1853 1569 1917 1608 vel

152 1625 326 1668 infirmis
358 1630 599 1682 corporibus
631 1632 770 1669 animo
803 1635 941 1669 tamen
973 1629 1351 1668 administrentur?
1412 1630 1523 1669 Nihil
1556 1644 1654 1682 ergo
1686 1632 1835 1684 agebat
1867 1632 1916 1679 Q.

153 1691 374 1737 Maximus,
407 1692 512 1731 nihil
535 1693 578 1731 L.
599 1693 764 1739 Paulus,
796 1698 913 1745 pater
943 1697 1054 1738 tuus,
1086 1704 1207 1730 socer
1237 1692 1384 1744 optimi
1416 1692 1506 1739 viri,
1540 1690 1610 1732 filii
1643 1695 1756 1733 mei?
1789 1695 1916 1735 ceteri

154 1766 294 1801 senes,
325 1754 528 1801 Fabricii,
554 1754 684 1802 Curii,
710 1755 980 1801 Coruncanii,
1014 1768 1106 1793 cum
1138 1767 1224 1792 rem
1257 1754 1465 1807 publicam
1498 1755 1672 1795 consilio
1707 1762 1746 1796 et
1777 1763 1917 1797 aucto·
1932 1761 1968 1790 25

153 1817 273 1856 ritate
315 1816 624 1864 defendebant,
672 1817 778 1857 nihil
819 1817 1031 1869 agebant?
1095 1813 1157 1854 16.
1199 1816 1261 1855 Ad
1293 1817 1418 1869 Appii
1453 1817 1615 1857 Claudii
1658 1825 1918 1858 senectutem

153 1878 379 1918 accedebat
410 1880 533 1919 etiam
568 1885 611 1919 ut
643 1892 791 1919 caecus
823 1885 955 1919 esset:
989 1884 1127 1918 tamen
1158 1878 1206 1924 is,
1238 1892 1332 1918 cum
1364 1880 1571 1920 sententia
1602 1888 1771 1921 senatus
1802 1882 1920 1921 incli-

153 1947 272 1981 naret
301 1941 352 1981 ad
385 1955 528 1996 pacem
562 1956 655 1982 cum
688 1942 844 1995 Pyrrho
876 1941 1111 1994 foedusque
1142 1940 1395 1990 faciendum,
1428 1955 1513 1982 non
1544 1943 1751 1983 dubitavit
1781 1944 1919 1983 dicere

153 2002 248 2051 illa,
280 2017 387 2058 quae
419 2005 612 2044 versibus
644 2010 886 2059 persecutus
919 2010 981 2044 est
1011 2004 1196 2043 Ennius:

1932 1449 1968 1477 20

267 2099 271 2107 ‘
320 2091 429 2140 Quo
471 2092 618 2132 vobis
662 2098 894 2139 mentes,
933 2097 1106 2131 rectae
1146 2104 1284 2145 quae
1326 2096 1471 2132 stare
1512 2093 1754 2133 solebant
1933 2098 1969 2127 30

317 2155 581 2202 Antehac,
622 2154 899 2194 dementes
944 2167 1061 2194 sese
1099 2155 1299 2194 flexere
1340 2154 1486 2194 viai?

238 2347 269 2379 5.
293 2346 368 2387 feci]
391 2346 468 2386 fecie
492 2347 551 2378 ΕΡ
578 2364 613 2369 -
640 2347 768 2378 Ennius
791 2356 861 2378 om.
881 2347 935 2377 BS
961 2363 995 2368 -
1024 2347 1054 2377 6.
1074 2346 1157 2377 sicut
1182 2347 1212 2377 1:
1239 2347 1333 2377 sicuti
1357 2346 1514 2378 BEPRS
1542 2364 1576 2369 —
1604 2348 1634 2380 7.
1655 2349 1921 2389 olimpiaBlRS

155 2411 190 2418 -—
209 2397 365 2436 confeceu’
385 2398 409 2428 O
433 2415 476 2420 —-
500 2398 630 2437 quiesco
655 2397 767 2429 Cobet
791 2398 962 2428 Mnemos.
989 2395 1029 2433 V,
1048 2396 1111 2428 246
1138 2413 1172 2418 —
1207 2396 1238 2428 8.
1265 2400 1439 2436 comparat
1461 2398 1615 2428 senectuti
1638 2399 1651 2429 1
1676 2417 1718 2422 --
1742 2400 1772 2431 9.
1797 2410 1922 2432 annum

154 2447 238 2477 enim
256 2447 533 2479 undeuicesimum
552 2449 638 2487 (ante
653 2449 844 2479 uicesimum
863 2448 918 2485 BS'J
940 2447 962 2477 B
978 2447 1097 2484 IPRS,
1124 2455 1211 2477 anno
1235 2448 1321 2477 enim
1344 2448 1502 2486 uiyesimo
1520 2447 1544 2478 E
1564 2465 1597 2471 --
1625 2449 1676 2480 40.
1694 2452 1925 2491 flammininus

154 2495 192 2536 R,
216 2496 384 2536 flaminius
408 2497 452 2528 Bl
480 2514 515 2519 —
542 2493 613 2538 Mff]
640 2506 695 2528 .m.
723 2497 851 2533 Bias,
881 2496 1032 2526 macilius
1057 2498 1080 2528 P
1105 2505 1196 2527 corr.
1224 2497 1256 2527 in
1280 2496 1321 2527 ff».
1342 2497 1460 2527 acilius
1484 2496 1539 2535 (de
1558 2498 1581 2528 E
1599 2499 1692 2529 tacet
1708 2500 1922 2540 Wunderus)

157 2562 192 2568 —
217 2547 358 2586 scipione
382 2547 463 2579 EIR
496 2565 531 2570 -—
569 2548 621 2578 lt.
648 2547 777 2578 consule
802 2547 951 2578 BlPRS
978 2546 1036 2585 (de
1063 2546 1086 2577 E
1112 2548 1204 2577 tacet
1229 2546 1449 2586 Wunderus)
1479 2562 1513 2570 —
1547 2556 1605 2588 e90
1630 2550 1679 2579 C:
1711 2558 1770 2590 eqo
1794 2552 1924 2590 quidem

157 2596 182 2627 O
209 2614 243 2619 -
278 2598 329 2628 42.
356 2602 454 2628 nat-us
484 2598 630 2637 quinque
662 2602 691 2628 ec
719 2597 898 2636 sescayinta
922 2604 1027 2626 annos
1055 2596 1067 2626 1
1102 2613 1138 2618 —
1174 2597 1353 2627 uocaniam
1378 2597 1420 2633 R,
1453 2599 1631 2628 uaconiam
1657 2599 1665 2628 Ι
1699 2615 1734 2621 -
1767 2603 1798 2631 et
1821 2600 1923 2642 bonis]

155 2646 348 2686 magnisque
373 2647 397 2678 R
425 2664 459 2669 -
486 2648 640 2678 suasisset
664 2646 701 2680 Ρι
728 2664 764 2669 -
791 2646 843 2677 43.
869 2648 1049 2686 sexayinta
1073 2648 1093 2678 S
1120 2664 1155 2668 —
1183 2654 1239 2677 vv.
1267 2650 1311 2677 tot
1335 2655 1421 2677 enim
1443 2648 1530 2678 vixit
1554 2648 1682 2679 Ennius
1705 2657 1768 2690 pro
1793 2649 1924 2690 glosse-

157 2697 248 2726 mate
273 2694 380 2727 habet
406 2696 518 2728 Cobet
555 2715 591 2720 —
630 2697 682 2729 44.
708 2705 873 2727 maxuma
898 2695 964 2727 B2S
1002 2714 1037 2718 —
1075 2697 1201 2728 honora
1226 2704 1316 2727 corr.
1344 2697 1377 2727 in
1401 2706 1504 2728 onera
1528 2699 1551 2729 P
1588 2715 1622 2721 -
1662 2700 1713 2730 ⁴5.
1739 2701 1927 2739 conptector

158 2744 222 2783 (vel
238 2747 368 2785 compl.)
395 2747 436 2778 C:
466 2747 669 2787 contemplor
693 2748 718 2778 O
746 2764 779 2769 ——
807 2750 953 2786 qualuor
976 2747 1125 2778 BEIRS
1152 2764 1186 2768 —
1214 2747 1365 2785 repperio
1390 2747 1475 2785 lPS⁷
1502 2749 1651 2787 reperior
1667 2748 1692 2779 R
1712 2764 1746 2771 —
1775 2750 1826 2781 47.
1843 2750 1926 2790 facit

157 2794 182 2825 P
206 2811 240 2816 —
265 2795 371 2835 saciat
393 2804 513 2836 corpus
536 2798 560 2828 B
589 2814 623 2819 --
658 2796 709 2827 48.
736 2796 804 2835 fere
827 2796 975 2826 omnibus
999 2797 1022 2827 B
1038 2797 1048 2827 1
1064 2798 1086 2827 R
1102 2797 1123 2827 S
1151 2814 1185 2818 —
1218 2796 1300 2826 haut
1323 2796 1347 2826 B
1362 2796 1451 2827 EIR
1484 2813 1518 2817 —
1549 2798 1669 2836 procul
1690 2799 1731 2830 sit
1754 2800 1779 2831 R
1807 2817 1841 2821 —
1870 2800 1922 2832 49.

156 2843 244 2876 iusta
264 2847 307 2877 sit
330 2847 387 2878 ER
415 2863 450 2869 —
478 2847 530 2878 2t.
556 2847 604 2877 his
629 2846 709 2877 BIR
737 2863 771 2867 —
805 2846 860 2877 22.
886 2847 921 2877 in.
946 2846 1116 2877 iuuentute
1140 2846 1164 2876 E
1191 2862 1225 2867 —
1258 2854 1310 2876 res
1333 2849 1407 2876 sun!
1430 2846 1550 2877 similes
1574 2848 1609 2883 P,
1636 2848 1699 2879 sed
1724 2848 1803 2881 add.
1831 2858 1878 2881 m.
1905 2850 1924 2881 Ξ

156 2893 208 2924 uel
229 2895 342 2927 seniles
364 2913 406 2918 —
438 2895 490 2926 23.
517 2895 564 2926 nil
586 2896 672 2926 enim
696 2895 816 2935 agebat
838 2895 862 2926 B
891 2913 926 2917 —
953 2896 1088 2936 quintus
1112 2895 1201 2933 1315,
1228 2894 1291 2926 sed
1311 2895 1333 2925 E
1350 2896 1521 2926 maximus
1536 2897 1671 2935 quintus
1689 2915 1724 2920 —
1752 2898 1805 2931 ⁶24.
1828 2903 1927 2939 pater

158 2944 233 2973 tuus
255 2944 302 2975 C:
332 2948 432 2983 pater
454 2949 540 2984 tuus,
567 2945 677 2984 Scipio
708 2945 733 2976 O
764 2947 797 2976 et
823 2946 924 2986 pauci
950 2945 1056 2981 dett,
1084 2943 1177 2976 velut
1206 2953 1247 2975 ex
1278 2945 1366 2976 meis
1392 2945 1620 2978 Oehlerianus
1652 2964 1687 2969 —
1720 2949 1788 2980 uiri
1811 2951 1927 2989 optimi

159 2991 231 3030 ΒΞ,
263 2994 330 3025 uiri
352 2996 455 3026 om.1
486 3013 521 3018 —
553 2997 606 3027 25.
633 2996 732 3027 curtii
757 2997 779 3027 P
805 2995 987 3035 <fabricius
1010 2996 1122 3026 curius
1146 2996 1366 3026 coruncanius
1389 2995 1417 3033 Ι)
1457 3011 1491 3018 -
1530 2997 1713 3028 coruncani
1736 2998 1761 3029 E
1796 3015 1831 3021 —
1869 3000 1926 3035 26.

160 3042 228 3080 apii
251 3042 276 3074 E
310 3060 354 3066 —
388 3045 441 3076 27.
466 3049 502 3076 uc
531 3046 631 3077 etiam
661 3054 777 3076 caecus
807 3048 885 3076 essee
909 3044 1082 3076 accedebat
1111 3046 1122 3076 1
1163 3063 1198 3067 —-
1236 3048 1312 3075 essee
1337 3045 1360 3075 F.
1387 3045 1419 3076 in
1445 3053 1553 3085 marg.
1593 3063 1627 3068 —
1666 3047 1719 3079 28.
1746 3049 1790 3079 ad
1807 3058 1927 3089 pacem

159 3089 334 3132 foedusque
355 3094 543 3133 faciendum
567 3104 641 3127 eum
659 3096 757 3135 pirro
780 3095 806 3126 R
830 3112 873 3117 —
902 3103 1010 3134 pyrro
1034 3095 1164 3133 Bssls,
1192 3096 1225 3126 et
1249 3095 1299 3126 sic
1323 3102 1467 3135 semper
1493 3112 1528 3117 -
1552 3095 1735 3137 foedusque
1758 3098 1783 3130 E
1810 3117 1844 3121 —
1870 3099 1925 3131 29.

159 3182 350 3216 prosecutus
371 3180 397 3212 E
422 3197 458 3203 —
485 3180 538 3213 30.
566 3182 641 3221 Qua
663 3180 756 3212 uobis
778 3183 866 3212 recte
887 3184 1008 3212 mentes
1032 3182 1043 3212 1
1070 3198 1103 3203 —
1132 3181 1184 3212 34.
1212 3181 1350 3212 dementi
1373 3190 1438 3212 sese
1461 3182 1505 3221 E,
1531 3155 1690 3216 dementes
1712 3193 1778 3216 sese
1801 3186 1822 3217 S
1845 3188 1926 3217 ante

165 3233 341 3266 rasuram.
372 3230 530 3262 dementes
555 3240 588 3262 se
611 3231 678 3269 131,
710 3231 848 3262 dementi
871 3239 904 3262 se
927 3230 1016 3267 RS23
1050 3232 1204 3262 dementis
1226 3239 1293 3262 sese
1316 3231 1449 3263 Vahlen
1482 3248 1516 3254 —
1558 3234 1631 3265 uias·
1653 3234 1844 3267 Lambinus
1869 3234 1927 3275 (ad

166 3273 248 3309 flor.
273 3286 382 3311 carm.
406 3280 471 3320 111,
489 3282 508 3312 5
524 3306 530 3321 ,
548 3280 628 3321 45):
654 3282 714 3313 uia
740 3282 788 3320 C;
824 3281 868 3314 cl.
895 3281 1039 3314 Lachm.
1065 3290 1194 3314 comm.
1222 3282 1323 3314 Lucr.
1348 3290 1382 3324 p.
1402 3282 1456 3316 49.
