2249 3624
858 236 1181 279 FRAGMENTA.

140 339 245 384 Quod
271 343 303 376 si
331 353 352 377 a
383 340 514 387 Cepheo
540 343 691 387 paulum
720 348 781 378 tua
812 344 950 378 Iumina
983 345 1098 379 balteo

138 402 354 445 Dimoveas‚
390 416 510 439 versus
537 407 635 440 saevi
665 408 813 451 ‹iyniina
840 409 962 452 prima
996 407 1202 442 Draconis:

237 466 307 501 Hic
334 468 420 511 erit,
450 468 549 502 haud
574 469 681 513 plena
706 471 839 514 poteris
867 480 975 514 quam
1007 481 1146 504 cernere
1178 470 1286 507 luna.

136 526 323 566 Obscura
351 528 490 578 specie
521 527 729 567 stellarum
759 530 1060 579 Cassiepia:

133 589 228 626 Nam
255 602 327 626 uon
354 593 499 627 crebrae
529 593 584 627 illi
611 594 733 628 stellae
761 604 869 638 neque
897 595 1017 629 sidera
1053 596 1173 629 iuncta

135 653 328 700 Eyreyium
350 665 394 689 ex
419 656 534 689 variis
567 662 782 701 componunt
810 657 954 701 iqiiibus
984 658 1119 701 iqnems

134 714 203 751 Sed
237 716 340 761 quali
368 722 495 761 portas
522 720 687 762 firmatas
716 719 828 753 obiice
861 719 956 753 clai-i

135 776 299 814 Oct-ludit
325 781 429 814 vectis
456 780 568 824 bifori
595 782 645 815 vis
675 782 799 816 obdita
825 782 972 820 valvae,

136 840 241 877 Talia
267 847 298 877 et
324 843 416 877 hanc
442 844 549 878 etiam
575 845 676 888 prioe
705 845 867 889 disposta
896 846 1055 889 {iqui-ant

132 902 285 946 Sidera,·
314 910 344 940 et
369 906 447 950 ipsa
477 907 565 940 adeo
593 908 711 951 passis
740 907 955 940 distenditur
987 906 1103 946 ulnis,

131 966 212 1003 Nou
238 979 334 1003 secus
366 979 408 1002 ac
436 974 566 1003 sortem
594 974 700 1004 natae
735 970 920 1003 miseretur
950 970 1134 1013 iniquam:

231 1028 343 1066 Hanc
370 1041 524 1076 namque
553 1028 713 1067 inlustri
741 1035 929 1067 versatur
957 1040 1128 1080 corpore
1162 1033 1330 1079 propter

132 1092 164 1130 A
182 1089 456 1130 ndromeda
485 1092 696 1142 aufugiens
724 1097 936 1142 aspectum
964 1097 1118 1130 maesta
1147 1091 1351 1141 parentis:

135 1153 254 1199 Quam
283 1167 352 1191 non
377 1156 551 1191 sollicitus
571 1161 675 1191 noctu
705 1156 809 1191 labor
849 1157 1085 1201 inquirundi,·

135 1217 224 1253 Tam
250 1219 389 1254 clarum
421 1224 528 1264 caput
557 1224 623 1259 est,
661 1224 735 1254 tam
764 1230 893 1264 maqno
924 1220 1039 1253 sidere
1062 1220 1222 1265 flagrant

132 1280 244 1317 Ambo
272 1282 412 1317 humeri
439 1283 638 1327 summique
665 1283 769 1326 pedes
802 1286 978 1326 vestesque
1015 1283 1172 1327 [luentes.

132 1343 230 1380 Haec
257 1346 365 1379 etiam
387 1346 427 1379 in
457 1346 581 1379 varias
608 1345 777 1379 distendit
809 1345 961 1379 brachia
988 1350 1131 1390 partes,

134 1406 246 1452 thue
271 1409 393 1452 prius,
424 1409 475 1442 sic
502 1418 594 1442 nunc
623 1408 659 1441 in
684 1418 815 1452 maqno
840 1408 985 1442 vincula
1014 1408 1147 1442 mundo

131 1469 213 1505 Non
243 1471 403 1506 relevant
432 1471 522 1505 duro
550 1471 704 1514 defessas
735 1472 890 1515 pondere
918 1471 1076 1516 palmas.

231 1531 329 1570 Huic
358 1531 525 1582 Equus
556 1530 646 1579 ille,
675 1530 812 1569 iubam
848 1532 1035 1581 quatiens
1066 1529 1219 1580 fulgore
1249 1529 1439 1577 micanti,

132 1592 344 1631 Summum
373 1593 568 1642 contingit
596 1599 718 1644 caput
746 1593 859 1641 alvo,
896 1592 1096 1643 stellaque
1124 1593 1298 1642 iungens

131 1655 215 1694 Una
244 1661 357 1694 tenet
385 1654 569 1706 duplices
590 1655 791 1693 communi
813 1654 963 1693 lumine
983 1655 1151 1703 formas,

135 1718 356 1756 Aeternum
387 1729 436 1755 ex
465 1717 586 1755 astris
616 1718 787 1767 cupiens
816 1722 1031 1755 conectere
1063 1719 1231 1755 nodum.

139 1780 209 1817 Sed
237 1782 331 1816 latus
361 1788 466 1827 atque
491 1793 613 1816 armos
641 1783 834 1827 depingunt
863 1787 963 1816 terna
992 1782 1147 1821 caballi,

133 1843 287 1890 Aequali
318 1855 340 1879 a
373 1856 445 1880 sese
471 1846 588 1890 spatio
619 1856 710 1890 quae
735 1846 857 1879 sidera
889 1845 1045 1885 distant,

132 1906 281 1942 Eximio
311 1908 472 1953 sulqore‚
502 1908 630 1952 quibus
660 1918 730 1952 par
756 1918 818 1942 uec
846 1912 951 1951 caput
988 1907 1100 1942 altum

136 1969 207 2005 Nec
234 1970 343 2015 lonya
371 1975 420 2005 est
446 1971 585 2005 cervioe:
610 1972 801 2015 slaqrantis
827 1976 863 2004 at
894 1970 1024 2004 ultima
1054 1970 1172 2004 malae

134 2031 315 2076 Quattuor
347 2033 402 2068 his
438 2033 523 2067 aliis
554 2043 625 2067 non
653 2033 753 2067 cedat
784 2033 887 2067 stella
913 2034 1048 2077 nitore,

130 2094 319 2141 Fulgentes
343 2097 437 2131 inter
463 2095 583 2130 stellas
614 2096 732 2130 media
766 2096 846 2140 ipsa
876 2096 1065 2140 resulqem.

130 2157 210 2193 Non
235 2159 397 2204 equidem
423 2159 480 2194 hic
507 2159 733 2204 quadrupes,
763 2169 885 2193 verum
921 2159 1038 2193 media
1070 2162 1166 2192 tenus
1199 2157 1280 2192 alvo

133 2219 349 2266 Conspicuus
375 2223 513 2266 profert
545 2222 685 2266 sonipes
712 2221 928 2256 venerabilis
956 2231 1035 2256 ora.

130 2282 235 2318 Hunc
260 2285 363 2327 sama
389 2289 458 2324 est,
491 2284 579 2318 olim
604 2289 750 2329 propter
777 2286 862 2329 iuqa
889 2295 1029 2318 summa
1057 2282 1259 2325 Heliconis,

129 2345 441 2392 Hippocrenaeum
469 2348 572 2382 nobis
599 2348 751 2382 donasse
779 2348 979 2392 liquorem:

133 2407 229 2444 Tunc
253 2411 412 2444 nondum
444 2408 553 2444 Aonii
582 2411 748 2444 maduere
781 2411 938 2444 virentia
970 2410 1100 2444 montis

129 2470 296 2507 Fecundo
329 2472 455 2507 latice.-
489 2476 527 2506 ut
553 2474 715 2517 qenerosi
740 2474 862 2518 prima
888 2473 1024 2508 caballi

133 2532 275 2580 Unqula
301 2535 449 2570 humum
476 2536 608 2580 tetulit,
643 2535 751 2570 simul
777 2536 900 2581 inqens
926 2535 1095 2580 prosiluit
1126 2535 1226 2578 sons,

133 2595 232 2632 Unde
261 2595 551 2633 Caballinum
578 2599 690 2642 primi
716 2599 873 2632 vocitare
902 2598 1067 2633 bubulci:

129 2657 196 2694 Ille
222 2661 365 2705 quidem
389 2660 532 2695 stillans
563 2672 580 2695 e
607 2660 708 2695 saxis
738 2661 870 2706 irriqat
897 2671 1024 2706 aqros,

132 2720 285 2767 Thespia
313 2727 428 2763 terra,
460 2727 558 2757 tuos:
593 2724 653 2757 sed
679 2722 800 2767 Equus
826 2733 893 2767 pro
922 2733 1064 2757 munere
1096 2725 1195 2756 tauto

130 2783 296 2820 Exornat
322 2785 447 2831 maqni
470 2785 672 2830 penetralia
701 2785 823 2820 lucida
852 2786 954 2820 caeli.

228 2845 330 2884 Exin
357 2846 551 2884 contortis
578 2845 722 2884 Aries
751 2858 842 2884 cum
872 2844 1065 2883 cornibus
1093 2844 1246 2882 haeret.

129 2905 195 2943 Ille
222 2910 385 2954 quidem,
418 2915 601 2945 aeternum
628 2910 751 2954 lonqos
779 2911 938 2955 aqitatus
966 2911 1004 2943 in
1031 2909 1154 2951 orbes,

130 2969 282 3017 Seqnior
315 2973 412 3008 haud
438 2974 552 3008 currit
588 2973 690 3017 siquo
733 2970 974 3016 Cynosuridos
1009 2971 1132 3010 Arcti,-

130 3033 342 3080 Languidus
368 3035 605 3080 obscurusque
633 3039 775 3077 tamen,
806 3045 868 3068 ceu
897 3035 985 3069 luna
1010 3033 1179 3068 retundat

130 3095 320 3132 Flammae
347 3098 480 3137 aciem,
511 3097 761 3132 Andromedae
786 3107 820 3131 se
844 3101 993 3142 propter
1019 3096 1165 3141 cinqula
1190 3094 1319 3134 volvit,-

131 3154 162 3193 E
190 3155 340 3206 quibus
368 3156 475 3195 hunc
503 3156 646 3195 subter
672 3156 805 3206 possis
834 3167 1080 3206 cognoscere
1108 3154 1263 3192 fultum.

1787 236 1888 279 1¹02!

1828 342 1897 379 190

1828 654 1895 693 195

1821 967 1894 1006 ‘200

1822 1280 1893 1320 205

1821 1592 1893 1630 210

1819 1903 1890 1942 215

1818 2215 1890 2254 220

1813 2840 1887 2878 230

1812 3150 1884 3188 235

219 3268 294 3302 ⁴235.
324 3268 405 3301 Inde
437 3269 481 3301 ab
507 3269 574 3301 hoc
599 3277 702 3301 versu
720 3269 885 3310 incipiunt
903 3270 1027 3302 HCSP
1048 3286 1080 3291 ——
1114 3276 1145 3299 v.
1167 3269 1196 3299 4.
1217 3267 1241 3297 Α
1258 3265 1373 3304 quibus
1390 3265 1414 3296 C
1429 3266 1449 3295 S
1469 3282 1502 3286 —
1528 3264 1614 3296 hunc
1630 3264 1781 3295 Grotius:
1811 3262 1886 3292 hinc

133 3316 271 3351 HCSP.
