2249 3624
611 141 699 181 Lm.
729 139 778 179 ΙΙ.
821 137 917 178 Car.
947 133 1203 176 xv—XVI.
1242 130 1301 186 §§
1332 127 1521 170 ‚te—5⁶2.
1865 119 1938 164 Mt

188 256 437 313 quibusdam
483 258 545 294 est
587 266 711 306 saepe
755 249 994 296 iucundius,
1041 255 1178 288 tamen
1219 245 1430 298 expetitur
1469 246 1639 296 propter
1677 239 1947 291 voluptatem.

188 320 254 360 4-9.
286 320 490 363 Videsne,
522 330 644 370 spiam
679 316 731 354 sit
763 326 909 365 magna
940 311 1175 351 dissensio?
1210 306 1486 360 Philosophus
1510 303 1682 349 nobilis,
1714 314 1736 341 a
1759 313 1841 353 quo
1866 312 1949 338 non

189 384 323 423 solum
356 380 528 420 Graecia
559 385 599 418 et
631 378 770 421 ltalia,
811 377 882 415 sed
916 375 1039 413 etiam
1073 373 1206 412 oannis
1243 370 1430 409 barbaria
1463 371 1667 406 commota
1699 368 1780 409 est,
1820 362 1951 401 hone-

191 453 297 485 stum
330 443 431 497 quid
465 444 538 487 sit,
571 442 602 480 si
636 441 674 480 id
710 454 790 478 non
823 439 936 477 sitin
963 437 1195 488 voluptate,
1230 438 1351 484 negat
1374 445 1417 471 se
1447 429 1711 481 intellegere,
1743 426 1822 465 nisi
1845 424 1951 464 forte

192 508 315 553 illud,
348 505 459 558 quod
492 503 772 544 multitudinis
806 513 969 539 ruinore
1012 498 1218 537 laudetur.
1278 497 1364 547 Ego
1397 499 1534 533 autem
1567 492 1645 531 hoc
1676 491 1801 530 etiam
1833 494 1985 540 turpe5

192 582 282 609 esse
314 580 436 619 saepe
470 566 608 604 iudico
642 572 700 607 et,
733 565 765 602 si
798 563 964 615 quando
999 567 1118 612 turpe
1152 573 1235 598 nou
1262 559 1336 603 sit,
1370 562 1453 595 tum
1476 568 1567 594 esse
1591 567 1673 593 non
1696 559 1830 605 turpe,
1862 564 1955 590 cum

193 631 232 670 id
265 642 287 668 a
319 628 580 667 multitudine
621 626 832 669 laudetur,
877 623 989 676 quod
1030 623 1081 661 sit
1123 623 1254 674 ipsum
1289 633 1361 672 per
1391 632 1434 658 se
1466 623 1625 656 rectum
1657 622 1783 669 atque
1816 613 1957 654 lauda-

192 692 295 736 bile,
328 703 412 727 nou
444 690 496 727 ob
529 703 619 729 eam
653 701 816 728 causam
851 693 984 725 tamen
1018 685 1119 723 illud
1143 684 1224 722 dici
1250 696 1341 721 esse
1369 681 1610 726 honestum,
1643 680 1742 733 quia
1764 678 1958 718 laudetur

193 766 215 792 a
247 751 407 794 multis.
441 751 513 790 sed
546 751 640 804 quia
674 750 753 789 tale
785 749 861 793 sit,
903 754 963 792 nt,
995 747 1059 786 vel
1092 747 1125 785 si
1160 747 1400 797 ignorarent
1431 743 1470 782 id
1501 742 1693 781 homines
1726 741 1790 782 vel
1822 741 1855 780 si
1886 740 1958 780 ob—

195 814 462 859 mutuissent,
503 826 576 852 sua
618 818 753 852 tamen
795 809 1106 863 pulchritudine
1139 813 1248 846 esset
1278 807 1503 858 specieque
1535 805 1758 844 laudabile.
1810 804 2007 856 Itaque⁴0

196 876 305 915 idem
338 881 482 915 natura
513 876 664 918 victus.
699 874 762 913 cui
794 872 940 911 obsisti
972 885 1053 910 non
1087 875 1246 923 potest,
1279 869 1379 907 dicit
1411 868 1492 907 alio
1523 868 1615 906 loco
1640 867 1705 914 id,
1738 866 1852 920 quod
1875 880 1898 905 a
1920 871 1959 905 te

197 939 320 978 etiam
353 938 477 991 paulo
509 943 604 977 ante
637 936 791 975 dictum
824 940 906 981 est,
939 948 1021 972 non
1053 945 1176 985 posse
1207 930 1388 970 iucunde
1412 930 1492 969 vivi
1516 930 1596 968 nisi
1620 930 1740 969 etiam
1770 929 1960 969 honeste.

197 1000 263 1039 50.
287 1000 396 1048 Quid
420 1013 528 1040 nunc
559 999 783 1038 honeste
816 997 944 1036 dicit?
977 995 1164 1041 idemne,
1197 993 1311 1046 quod
1343 993 1593 1032 iucunde?
1639 993 1747 1044 Ergo
1769 992 1844 1039 ita,
1877 1004 1961 1031 non

199 1076 320 1116 posse
354 1062 527 1103 honeste
560 1063 665 1109 vivi,
702 1061 781 1100 nisi
811 1059 986 1099 honeste
1018 1058 1191 1098 vivatur.
1250 1058 1314 1095 An
1346 1056 1425 1094 nisi
1457 1054 1649 1108 populari
1680 1054 1816 1094 sama?
1862 1054 1961 1094 Sine

198 1139 245 1165 ea
285 1125 410 1176 igitur
449 1123 629 1164 iucunde
672 1129 794 1175 negat
834 1135 957 1175 posse
988 1135 1026 1160 sc
1056 1120 1224 1159 vivere?
1266 1118 1377 1166 Quid
1409 1118 1573 1170 turpius
1604 1130 1730 1169 quam
1762 1116 2012 1171 sapientist5

197 1188 322 1226 vitam
364 1200 415 1225 ex
446 1187 732 1239 insipientium
766 1197 956 1225 sermone
988 1182 1201 1235 pendere?
1249 1181 1361 1229 Quid
1393 1193 1491 1231 ergo
1522 1179 1602 1219 hoc
1632 1179 1725 1218 loco
1756 1178 1965 1230 intellegit

199 1250 450 1288 honestum?
499 1248 617 1288 Certe
658 1248 762 1287 nihil
804 1247 882 1287 nisi
915 1245 1028 1299 quod
1066 1245 1197 1298 possit
1227 1244 1361 1297 ipsum
1393 1246 1561 1296 propter
1591 1254 1634 1280 se
1666 1241 1756 1280 iure
1789 1241 1963 1280 laudari.

197 1312 300 1349 Nam
342 1311 376 1350 si
417 1316 588 1363 propter
617 1310 891 1363 voluptatem,
937 1321 1044 1361 quae
1076 1312 1137 1347 est
1168 1308 1247 1346 ista
1277 1305 1386 1352 laus,
1429 1318 1537 1358 quae
1570 1304 1705 1356 possit
1734 1317 1756 1343 e
1789 1303 1964 1344 macello

199 1373 316 1425 peti?
355 1373 445 1410 Non
477 1373 509 1411 is
540 1373 603 1411 vir
642 1378 724 1419 est,
767 1377 830 1419 ut,
872 1385 964 1411 cum
1003 1371 1265 1410 honestatem
1298 1381 1348 1408 eo
1381 1367 1474 1407 loco
1506 1366 1678 1414 habeat,
1719 1372 1764 1406 ut
1794 1367 1886 1406 sine
1918 1378 1966 1405 ea

200 1433 381 1473 iucunde
414 1440 536 1486 neget
567 1448 688 1487 posse
720 1435 823 1481 vivi,
855 1433 961 1473 illud
992 1433 1230 1478 honestum,
1264 1430 1377 1484 quod
1408 1429 1611 1482 populare
1644 1429 1716 1477 sit,
1749 1429 1901 1469 sentiat
1927 1434 2016 1468 et220

201 1497 291 1536 sine
324 1510 372 1536 eo
405 1503 525 1549 neget
556 1495 736 1536 iucunde
759 1496 840 1536 vivi
864 1509 1000 1548 posse,
1031 1500 1103 1534 aut
1124 1493 1350 1546 quicquam
1373 1492 1487 1533 alind
1507 1491 1732 1532 honestum
1754 1492 1969 1544 intellegat

203 1560 283 1598 nisi
315 1559 427 1612 quod
459 1560 511 1598 sit
540 1565 699 1598 rectum
728 1559 949 1612 ipsumque
982 1570 1056 1610 per
1086 1570 1154 1604 se,
1195 1569 1270 1596 sua
1301 1556 1365 1604 vi,
1408 1568 1483 1596 sua
1513 1560 1685 1608 sponte,
1716 1567 1792 1594 sua
1820 1558 1968 1593 natura

203 1621 426 1662 laudabile.

317 1684 423 1723 XVI.
456 1680 522 1723 51.
566 1684 732 1736 Itaque,
774 1685 1002 1736 Torquate,
1047 1696 1141 1723 cum
1184 1682 1348 1722 diceres
1396 1681 1576 1721 clamare
1615 1679 1841 1733 Epicurum
1885 1692 1968 1719 non

205 1759 327 1799 posse
359 1746 538 1785 iucunde
570 1746 672 1792 vivi,
704 1746 784 1785 nisi
813 1745 989 1785 honeste
1022 1751 1063 1785 et
1093 1745 1303 1797 sapienter
1333 1749 1374 1784 et
1404 1744 1512 1783 iuste
1539 1742 1772 1789 viveretur,
1805 1747 1848 1781 tu
1880 1742 1968 1795 ipse
1983 1751 2019 1780 Ξῖ)

207 1809 306 1847 mihi
338 1808 505 1860 gloriari
538 1807 746 1847 videbare.
797 1809 928 1847 Tanta
959 1808 1020 1847 vis
1053 1808 1187 1847 inerat
1216 1807 1259 1846 in
1280 1806 1417 1847 verbis
1447 1810 1621 1858 propter
1650 1818 1792 1845 earum
1814 1817 1969 1851 rerum,

207 1883 314 1923 quae
346 1869 687 1921 significabantur
718 1870 780 1908 his
812 1870 970 1915 verbis,
1003 1869 1270 1922 dignitatem,
1301 1874 1346 1909 ut
1375 1868 1501 1908 altior
1522 1866 1663 1915 fieres,
1693 1873 1740 1907 ut
1761 1867 1969 1906 interdum

207 1932 444 1978 insisteres,
485 1937 530 1970 ut
560 1944 636 1970 nos
669 1933 836 1971 intuens
868 1932 987 1984 quasi
1019 1929 1306 1979 testilicarere,
1347 1929 1509 1971 laudari
1540 1929 1806 1969 honestatem
1838 1935 1879 1969 et
1908 1929 1972 1968 iu-

208 1993 362 2032 stitiam
402 1993 625 2046 aliquando
666 1993 716 2032 ab
754 1994 946 2046 Epicuro.
1005 1993 1141 2041 Quam
1183 1999 1220 2034 te
1251 1993 1427 2033 decebat
1455 1993 1507 2032 iis
1538 1992 1674 2033 verbis
1707 1993 1788 2040 uti,
1819 1992 1972 2045 quibus

209 2055 241 2093 si
274 2055 515 2108 philosophi
547 2069 630 2095 non
660 2061 896 2103 uterentur,
928 2055 1197 2109 philosophia
1218 2056 1390 2095 omnino
1412 2068 1497 2095 non
1517 2067 1749 2107 egeremus·
1793 2055 1972 2094 Istorum
1987 2063 2023 2091 30

210 2117 321 2155 enim
352 2117 571 2157 verborum
602 2131 764 2166 amore,
797 2132 904 2172 quae
935 2131 1102 2172 perraro
1134 2118 1398 2172 appellantur
1419 2118 1469 2158 ab
1495 2118 1696 2171 Epicuro,
1727 2116 1974 2170 sapientiae,

210 2177 483 2226 fortitudinis,
515 2180 714 2228 iustitiae,
749 2182 1069 2233 temperantiae,
1100 2181 1468 2234 praestantissimis
1498 2180 1676 2233 ingeniis
1706 2179 1898 2219 homines
1930 2191 1975 2218 se

211 2239 263 2278 ad
295 2239 584 2294 philosophiae
617 2244 801 2283 studium
832 2243 1110 2283 contulerunt.
1170 2242 1236 2283 52.
1270 2244 1521 2292 Oculorum,
1561 2242 1700 2296 inquit
1734 2242 1873 2289 Plato,
1914 2245 1977 2280 est

212 2302 253 2340 in
285 2302 403 2342 nobis
435 2317 581 2344 sensus
613 2306 861 2353 acerrimus,
893 2305 1044 2359 quibus
1074 2307 1325 2361 sapientiam
1357 2320 1443 2347 non
1465 2306 1689 2346 cernimus.
1736 2305 1873 2353 Quam
1905 2303 1977 2343 illa

213 2364 394 2404 ardentis
425 2378 588 2406 amores
620 2368 819 2407 excitaret
849 2368 934 2416 sui,
977 2369 1011 2408 si
1052 2369 1285 2410 videreturl
1339 2370 1420 2410 Cur
1451 2368 1651 2409 tandem?
1691 2379 1744 2407 an
1776 2367 1891 2420 quod
1920 2367 1978 2406 ita
1992 2375 2028 2404 35

213 2426 361 2466 callida
391 2433 476 2475 est,
506 2434 552 2468 ut
581 2430 737 2482 optime
767 2430 901 2483 possit
929 2430 1189 2472 architectari
1220 2432 1486 2486 voluptates?
1533 2431 1615 2471 Cur
1643 2429 1802 2470 iustitia
1833 2428 1979 2469 lauda—

238 2651 241 2654 ·
299 2601 329 2631 l.
356 2600 471 2639 quibus
495 2610 563 2633 om.
592 2603 614 2633 B
642 2619 676 2626 -
707 2603 739 2635 ⁶2.
766 2603 891 2644 nobilis]
916 2604 1007 2636 nobis
1029 2605 1088 2645 hys
1110 2606 1134 2637 B
1164 2624 1199 2628 —
1234 2606 1264 2637 3.
1291 2606 1322 2637 h.
1351 2606 1437 2646 quod
1460 2605 1501 2636 sit
1524 2605 1548 2635 B
1575 2622 1610 2626 —
1638 2603 1669 2636 4.
1695 2614 1761 2636 non
1783 2605 1824 2636 sit
1847 2605 1982 2637 Madvi-

214 2659 306 2690 gius:
335 2661 397 2682 ιιοη
421 2655 466 2683 est
490 2652 592 2683 codd.
620 2654 655 2684 et
679 2653 703 2684 O
731 2672 765 2676 —
797 2655 829 2685 5.
856 2654 1010 2686 laudetur
1032 2656 1118 2687 AB:
1154 2656 1315 2686 laudatur
1339 2656 1363 2686 O
1390 2672 1424 2677 ——
1460 2655 1490 2686 6.
1517 2663 1583 2686 esse
1607 2663 1678 2686 om.
1704 2655 1728 2685 B
1757 2672 1792 2677 -
1825 2659 1893 2687 tum
1917 2664 1982 2687 esse

215 2703 240 2731 Α
255 2700 277 2730 Β
294 2701 338 2731 Ε;
365 2705 433 2732 cum
456 2711 518 2732 non
545 2710 609 2733 esse
633 2704 657 2733 O
677 2720 711 2724 —
739 2703 770 2734 7.
797 2704 884 2743 quod
907 2704 947 2734 sic
969 2705 1049 2736 AB:
1081 2706 1173 2744 Quod
1196 2706 1222 2735 si
1245 2706 1285 2736 sit
1303 2706 1327 2736 O
1349 2723 1383 2728 —-
1411 2706 1441 2736 8.
1468 2714 1533 2736 non
1557 2704 1595 2736 ob
1618 2714 1691 2736 eam
1714 2714 1849 2737 causam
1873 2709 1982 2737 tamen

218 2752 261 2780 A:
287 2753 394 2781 tame-n
418 2760 481 2781 -ηοη
506 2750 543 2782 ob
567 2760 641 2783 eam
664 2760 692 2783 c.
712 2752 781 2783 ΒΜ
796 2770 839 2776 -
863 2762 927 2785 esse
950 2754 981 2784 h.
1002 2756 1047 2785 A:
1073 2755 1104 2786 Ιι.
1124 2763 1190 2786 esse
1206 2755 1307 2786 BMO
1328 2773 1360 2778 -
1389 2755 1552 2785 laudatur
1573 2755 1598 2785 B
1620 2772 1655 2777 —
1683 2755 1735 2787 110.
1760 2756 1812 2786 Ita
1836 2756 1983 2795 idemque

218 2798 243 2829 E
261 2815 296 2821 —-
325 2800 376 2830 ll.
404 2799 498 2841 quod]
524 2801 601 2839 quid
624 2801 648 2832 B
669 2819 704 2824 —
732 2802 784 2834 ⁴2.
810 2806 886 2834 ante
906 2803 1010 2843 paulo
1035 2804 1079 2841 [ἐς
1106 2808 1183 2835 ante
1203 2805 1325 2844 populo
1342 2805 1365 2835 B
1387 2822 1422 2826 ——
1449 2805 1547 2836 etiam
1570 2806 1650 2845 post
1674 2806 1736 2836 nisi
1758 2807 1840 2837 AB:
1867 2815 1936 2837 om.
1957 2806 1982 2836 O

222 2865 254 2869 —
277 2849 327 2879 ⁴3.
348 2849 446 2890 Ergo]
473 2859 531 2890 eqo
547 2851 570 2881 B
591 2867 626 2873 —
655 2852 706 2883 45.
730 2861 822 2891 posse
845 2861 877 2884 se
899 2854 1008 2885 virere
1031 2863 1111 2886 nos:
1135 2864 1229 2894 posse
1246 2856 1357 2886 uiuere
1373 2854 1491 2892 codd.;
1513 2863 1608 2894 posse
1622 2854 1690 2886 vivi
1714 2863 1795 2886 cum
1813 2854 1982 2886 Lambino

221 2899 255 2928 et
285 2897 345 2928 Th.
370 2898 522 2930 Bentleio
554 2900 635 2932 MO.
671 2901 713 2932 At
743 2901 777 2933 h.
804 2900 825 2934 l.
856 2911 925 2934 non
956 2905 1118 2935 nnn-erse
1143 2904 1210 2935 dici
1235 2905 1464 2942 sententiam,
1499 2904 1563 2936 sed
1587 2904 1630 2935 ad
1656 2905 1845 2945 Epicurum
1869 2906 1983 2946 ipsum

221 2947 439 2988 (sapientem)
465 2948 640 2989 adhiberi,
675 2950 804 2983 docent
833 2954 993 2993 proxima
1017 2953 1137 2984 rerba.
1168 2972 1202 2977 —
1234 2954 1285 2985 46.
1313 2954 1365 2992 ex]
1392 2957 1421 2984 et
1444 2954 1468 2984 B
1496 2966 1531 2976 —
1557 2954 1700 2993 pendere
1721 2963 1869 2986 sermone
1893 2955 1916 2984 B
1941 2972 1983 2976 —

223 2997 275 3028 48.
300 2998 374 3028 Non
396 2999 422 3029 si
446 2999 469 3029 B
493 3016 538 3053 -Ι
560 2999 610 3030 49.
633 3001 758 3038 petitur
781 3002 805 3032 B
833 3019 867 3024 —
894 3005 924 3033 ec
947 3011 1021 3034 cuin
1046 3004 1069 3034 B
1091 3022 1125 3026 —-
1153 3004 1207 3034 020.
1233 3004 1318 3042 quod
1338 3004 1502 3042 populare
1523 3004 1574 3043 sit]
1596 3008 1734 3044 propter
1751 3005 1915 3045 populare
1938 3004 1983 3034 sic

224 3046 246 3076 B
276 3063 310 3068 —-
338 3047 389 3078 21¹.
416 3050 506 3087 neget
529 3050 663 3080 iocunde
685 3052 711 3081 Α
727 3051 769 3081 B:
796 3052 936 3083 iucunde
957 3057 1049 3093 neget
1072 3054 1140 3085 Mo
1161 3071 1194 3075 —
1223 3053 1275 3084 ⁶32.
1302 3062 1363 3083 sua
1385 3056 1513 3092 sponte,
1538 3062 1600 3085 sua
1622 3057 1748 3086 namra
1770 3058 1814 3086 A:
1840 3064 1901 3085 sua
1926 3064 1985 3084 na-

223 3099 301 3126 lura
322 3104 383 3126 sua
405 3100 516 3136 sponte
537 3098 562 3128 B
577 3099 607 3129 M
622 3100 646 3129 Ο
674 3117 707 3122 -
734 3101 788 3132 25.
815 3098 850 3133 [ἀ
870 3103 937 3142 ipse
960 3103 984 3133 B
1013 3122 1047 3125 —
1080 3104 1132 3134 ⁶28.
1159 3103 1370 3143 testificarere
1392 3102 1448 3134 A'ss:
1480 3105 1653 3145 testificare
1674 3105 1733 3142 A¹;
1767 3104 1933 3145 testificari
1958 3104 1981 3134 B

229 3163 263 3167 —
288 3145 341 3176 ⁵29.
368 3146 499 3201 decebqt
521 3146 577 3179 Α“·’;
605 3149 729 3181 dicebat
753 3149 828 3182 A¹B
851 3170 886 3174 -
912 3152 962 3193 iis]
987 3154 1035 3184 his
1060 3154 1123 3184 AB
1138 3154 1162 3184 O
1180 3170 1215 3175 —
1243 3152 1295 3184 30.
1322 3162 1387 3184 non
1409 3154 1490 3185 ante
1513 3158 1684 3186 uterentur
1708 3164 1778 3186 om.
1796 3155 1839 3192 B,
1867 3163 1934 3185 non
1957 3154 1981 3185 E

228 3211 262 3215 —
289 3194 341 3226 34.
365 3197 537 3228 acerrimis
565 3196 604 3230 A*
628 3216 662 3221 —
696 3200 747 3232 35.
774 3202 802 3231 si
830 3202 996 3233 videretur
1024 3211 1094 3234 om.
1120 3204 1203 3238 Ass3
1237 3203 1264 3233 se·
1292 3206 1481 3236 cerneretur
1510 3204 1665 3236 Halmius
1693 3222 1729 3228 -
1757 3214 1802 3236 an
1831 3203 1981 3243 quod——

224 3244 407 3283 voluptates
429 3247 558 3279 Nonius
581 3256 615 3289 p.
642 3249 696 3282 70.
724 3267 758 3273 --
785 3250 836 3283 36,
863 3251 986 3283 callida
1008 3251 1063 3292 est]
1087 3252 1245 3284 classidas
1266 3252 1409 3284 Nonius.
