2249 3624
635 190 723 230 Lm.
746 189 817 229 111.
858 189 954 230 en».
979 189 1139 228 xxi-
1153 189 1285 229 xxv.
1322 187 1381 242 §5
1403 186 1457 228 3¹2
1470 212 1521 218 ψ
1534 187 1600 230 37.
1921 188 2002 230 827

239 303 383 344 scendi
418 304 489 341 aut
526 296 905 352 propulsandorum
937 296 1122 336 hostium
1155 309 1321 336 causam
1353 296 1507 336 bellum
1540 297 1626 349 geri
1658 297 1812 337 iustum
1843 298 2004 338 nullum

238 370 389 420 potest.
448 363 503 402 Et
541 362 612 400 hoc
651 360 748 400 idem
783 360 935 398 Tullius
968 360 1108 411 parvis
1146 361 1359 398 interiectis
1395 360 1587 399 subdidit:
1637 360 1806 399 Nullum
1849 360 2003 400 bellum

237 428 390 468 iustum
432 424 610 464 habetur
649 423 728 462 nisi
771 422 1084 468 denuntiatum,
1127 423 1205 461 nisi
1246 422 1469 469 indictum,
1517 423 1595 462 nisi
1637 423 1825 476 repetitis
1865 423 2003 462 rebus.

237 486 489 541 (Isidorus
523 486 665 537 Θήρῃ.
701 485 859 531 xvul,
891 482 928 531 sl,
959 483 987 536 ὃ
1010 483 1034 522 ’2
1066 483 1141 536 sq.)

353 550 562 591 Genetivus
586 561 663 600 pro
693 547 877 586 ablativo.
924 548 980 586 M.
1010 547 1163 585 Tullius
1193 547 1237 585 (te
1269 559 1311 585 rc
1337 547 1442 597 publ.
1475 547 1541 586 tib.
1569 548 1653 586 ΙΙΙ.·
1695 552 1838 586 noster
1867 553 2038 587 autenm

235 613 418 669 populus
449 611 573 652 sociis
606 608 883 650 defendendis
913 614 1116 648 terrarum
1148 609 1229 648 iam
1263 609 1447 648 omnium
1479 610 1635 663 potitus
1668 616 1744 650 est.
1795 609 2006 662 (Nonius

235 677 317 724 lx,
349 689 388 729 p.
412 671 521 726 498.)

347 737 498 777 XXIV.
540 734 606 775 36.
648 736 888 786 Disputatur
917 740 1018 773 certe
1048 735 1242 773 acerrime
1281 739 1396 785 atque
1421 734 1639 786 fortissime
1668 735 1711 773 in
1741 736 1882 774 eisdem
1914 736 2010 786 ipsis

233 803 278 843 de
309 815 351 842 re
372 800 536 853 publica
565 799 679 838 libris
708 798 897 836 adversus
919 797 1161 836 iniustitiam
1176 809 1252 848 pro
1274 797 1441 836 iustitia.
1487 798 1543 836 Et
1565 798 1763 848 quonlam,
1787 812 1875 838 culn
1890 800 2009 850 prius

233 870 419 918 aqeretur
442 875 519 914 pro
552 861 772 900 iniustitiae
796 859 982 911 partibus
1012 865 1151 898 contra
1184 860 1375 898 iustitiam
1408 865 1441 898 et
1471 860 1668 899 diceretur
1696 861 1776 899 nisi
1799 873 1874 912 per
1906 862 2059 900 inm-ao

233 928 385 968 stillam
415 938 497 965 rem
521 924 722 976 publicam
752 928 857 961 stare
887 923 1100 973 auqerlque
1120 935 1198 960 non
1214 935 1343 973 posse,
1367 923 1439 961 hoc
1462 924 1577 961 relutl
1599 924 1884 962 validissimum
1900 926 2011 975 posi-

234 997 318 1031 tum
348 995 448 1034 erat,
479 989 672 1027 ‘iniustum
703 999 782 1025 esse
813 991 855 1024 ut
885 986 1059 1024 homines
1090 985 1314 1024 hominibus
1343 985 1636 1024 dominantibus
1666 987 1858 1033 serviant,
1891 1001 2009 1040 quam

233 1059 363 1093 tamen
392 1051 633 1091 <iniustitiam
663 1049 744 1088 nisi
775 1055 964 1100 sequatur
993 1047 1207 1098 imperiosa
1239 1048 1398 1093 civitas,
1442 1049 1554 1086 cta'us
1585 1053 1639 1086 est
1670 1062 1815 1101 mayna
1846 1064 1908 1090 res
1932 1065 2008 1103 pu.-

233 1116 360 1162 blica,
405 1126 484 1153 non
514 1126 597 1152 earn
623 1124 739 1164 posse
764 1111 987 1163 provinciis
1016 1111 1237 1161 imperare,
1281 1123 1510 1161 ‘responsum
1540 1118 1594 1150 est
1633 1125 1657 1150 a
1686 1119 1803 1163 parte
1834 1115 2009 1153 iustitiae

231 1179 317 1218 ideo
348 1179 496 1217 iustum
526 1189 625 1221 esse,
659 1175 761 1226 quod
791 1175 935 1213 talibus
964 1173 1187 1212 hominibus
1217 1174 1269 1212 sit
1298 1174 1410 1212 <utilis
1440 1174 1631 1220 serritus,
1674 1181 1708 1213 et
1732 1188 1808 1226 pro
1839 1177 2009 1215 ‘utilitate
2025 1183 2059 1211 15

233 1254 370 1281 eorum
396 1240 499 1292 sieri,
533 1251 620 1277 cum
651 1244 752 1276 reete
779 1239 836 1288 fit,
873 1237 910 1275 id
941 1243 1008 1282 est,
1041 1250 1129 1276 cunt
1160 1237 1338 1288 inprobis
1366 1238 1548 1288 (tusertur
1571 1239 1814 1277 itu'uriarutn
1836 1240 2006 1284 lic-entia,

235 1310 270 1343 et
299 1303 438 1342 domiti
468 1302 607 1341 melius
635 1315 673 1340 se
699 1300 908 1345 habebunt,
933 1301 1000 1352 qul
1028 1300 1209 1339 indomiti
1232 1300 1403 1338 (leterius
1424 1314 1461 1338 sc
1481 1299 1715 1347 habuerunt,
1739 1301 2009 1354 subditumque

233 1373 308 1412 est,
342 1373 382 1405 ut
412 1367 491 1405 ista
520 1364 626 1404 ratio
652 1366 898 1416 firmaretur,
930 1364 1048 1402 ‘veluti
1078 1369 1271 1402 anatum
1300 1367 1472 1401 sunctum
1495 1362 1617 1401 nobile
1638 1365 1872 1414 ea‘emplum,
1895 1372 2008 1416 atque

233 1429 382 1469 dictum
411 1433 486 1468 est:
519 1426 601 1466 Cur
631 1426 760 1479 igitur
791 1426 894 1466 deus
920 1425 1099 1473 homiui,
1123 1425 1286 1464 animus
1317 1425 1493 1477 imperat
1514 1426 1695 1478 corpori,
1718 1429 1822 1467 ratio
1844 1427 2008 1468 libidini

235 1492 466 1543 ceterisque
498 1489 657 1529 vitiosis
689 1489 816 1528 animi
848 1488 1067 1541 partibus?
1116 1486 1476 1540 (Augustinus
1506 1489 1550 1527 (le
1572 1489 1675 1527 cit-it.
1699 1490 1759 1528 del
1792 1490 1903 1537 xlx,
1927 1488 2006 1543 21.)
2022 1495 2058 1527 20

347 1553 481 1593 XXV.
525 1548 591 1589 37.
634 1550 739 1590 Aucti
771 1551 1046 1602 manifestiora
1077 1566 1175 1604 quae
1206 1552 1311 1591 dieat
1340 1552 1382 1590 ‘in
1415 1552 1514 1590 libro
1544 1552 1589 1590 tle
1620 1565 1661 1591 re
1684 1553 1845 1604 publica
1875 1553 2005 1600 tertio,

233 1630 322 1656 cum
351 1620 483 1667 aqeret
514 1614 558 1653 tle
589 1627 710 1652 rausa
744 1614 977 1665 imperandi.
1027 1616 1090 1653 An
1124 1628 1222 1661 non,
1257 1614 1394 1665 lnquit,
1430 1615 1638 1653 cernimus
1672 1615 1832 1668 optimo
1856 1617 2008 1668 cuique

234 1679 495 1719 dominatum
528 1676 578 1716 ab
611 1676 701 1727 ipsa
733 1682 880 1715 natura
912 1689 1007 1715 cum
1039 1690 1201 1716 sumina
1234 1677 1410 1717 utilitate
1435 1675 1692 1716 iulii-morum
1717 1678 1885 1717 datum?
1928 1678 2010 1718 Cur

234 1741 360 1793 igitur
391 1739 493 1778 deus
524 1738 699 1785 homini,
731 1741 896 1777 animus
929 1738 1107 1791 imperat
1138 1740 1318 1791 corpori,
1351 1739 1456 1778 ratio
1490 1739 1654 1778 libidini
1680 1740 2008 1794 iracundiaeque

233 1808 276 1842 et
306 1801 454 1841 ceteris
487 1801 649 1840 vitiosis
682 1800 871 1839 eiusdem
904 1802 1030 1840 animi
1054 1802 1271 1854 partibus?
1322 1802 1459 1841 Adhuc
1479 1802 1594 1846 aude}
1619 1803 1756 1853 paullo
1771 1810 1860 1854 post
1883 1805 2057 1843 enimsffi

234 1865 316 1905 Sed
343 1869 384 1903 et
410 1862 646 1914 imperandi
677 1868 718 1902 et
746 1863 977 1910 serviendi,
1000 1864 1146 1916 inquit,
1171 1870 1267 1903 sunt
1289 1863 1652 1908 dissimilitudines
1677 1866 2008 1916 cognoscendae.

231 1928 336 1967 Nam
367 1931 412 1965 ut
441 1925 602 1965 animus
636 1926 802 1978 corpori
835 1925 988 1964 dicitur
1018 1927 1236 1979 imperare,
1273 1927 1427 1966 dicitur
1457 1927 1582 1966 etiam
1615 1926 1792 1973 libidini,
1824 1929 1895 1968 sed
1919 1942 2010 1968 cor-

234 1991 326 2044 pori
358 1995 403 2029 ut
433 2001 508 2028 rex
540 1988 701 2027 civibus
733 1988 818 2028 suis
850 1995 921 2027 aut
954 2002 1103 2040 parens
1136 1989 1298 2036 liberis,
1331 1988 1494 2028 libidini
1525 1995 1663 2028 autem
1696 1995 1739 2029 ut
1772 1991 1902 2030 servis
1935 1991 2009 2030 do-

235 2053 395 2099 minus,
437 2050 552 2104 quod
585 2064 673 2089 eam
707 2057 874 2090 coercet
905 2056 945 2090 et
977 2051 1151 2103 frangit,
1195 2054 1253 2092 sic
1285 2066 1448 2104 regum,
1491 2053 1549 2092 sic
1581 2053 1904 2105 imperatorum,
1948 2053 2007 2093 sic

233 2114 565 2167 magistratuum,
597 2112 656 2151 sic
689 2118 870 2164 patrum,
903 2114 961 2152 sic
992 2114 1245 2166 populorum
1276 2115 1451 2166 imperia
1477 2115 1637 2154 civibus
1660 2115 1868 2168 sociisque
1891 2130 2009 2168 prae·
2023 2123 2058 2152 30

233 2183 345 2224 sunt,
377 2181 424 2215 ut
454 2172 700 2228 corporibus
732 2175 909 2222 animus,
942 2175 1101 2215 domini
1133 2182 1271 2215 autem
1304 2190 1447 2215 servos
1479 2177 1536 2216 ita
1567 2176 1752 2228 fatigant,
1785 2183 1828 2216 ut
1852 2178 2009 2230 optima

232 2253 328 2292 pars
359 2237 500 2284 animi,
532 2238 572 2276 id
605 2243 667 2277 est
698 2238 922 2290 sapientia,
945 2237 1134 2277 eiusdem
1164 2238 1292 2277 animi
1324 2237 1495 2278 vitiosas
1518 2238 1835 2292 imbecillasque
1858 2246 2008 2293 partes,

233 2308 279 2341 ut
308 2300 529 2347 libidines,
572 2307 618 2340 ut
648 2300 912 2347 iracundias,
954 2306 999 2339 ut
1032 2301 1368 2353 perturbationes
1401 2307 1573 2342 ceteras.
1645 2300 2007 2354 (Augustinus

234 2370 375 2403 contra
405 2363 608 2401 Iulianum
637 2363 770 2414 Pelaq.
803 2363 871 2409 lv,
910 2359 982 2415 l’2.)

346 2426 480 2466 Nonne
511 2426 646 2465 Cicero
690 2426 729 2464 in
769 2425 883 2463 litu-is
923 2425 967 2463 cle
1004 2438 1046 2463 re
1077 2425 1256 2476 publica,
1298 2439 1384 2465 rum
1424 2426 1468 2465 cle
1501 2427 1757 2477 imperiorum
1786 2427 2056 2479 clifferentla35

231 2488 451 2539 disputaret
481 2494 515 2526 et
544 2488 662 2526 huius
692 2488 752 2526 rei
781 2488 1083 2527 similitudinem
1115 2502 1165 2526 ea:
1196 2494 1343 2527 natura
1364 2489 1536 2527 honu'nis
1558 2489 1797 2534 adsumeret,
1832 2497 1875 2529 ut
1897 2488 2006 2536 filiis,

231 2550 338 2589 diaeit
369 2550 568 2602 imperari
600 2551 785 2604 corporis
819 2550 1015 2589 membris
1048 2556 1217 2603 propter
1247 2551 1498 2590 oboediendi
1537 2550 1804 2598 facilitatem,
1836 2552 2007 2591 vitiosas

232 2624 335 2652 vero
366 2612 495 2651 animi
529 2618 665 2665 partes
697 2619 743 2652 ut
773 2625 917 2652 servos
949 2613 1164 2666 asperiore
1196 2613 1371 2665 imperio
1403 2613 1602 2652 coerceri.
1664 2612 2006 2666 (Augustinus

233 2674 277 2713 cle
307 2675 412 2714 civit.
444 2675 506 2714 (tei
543 2675 653 2721 XIV,
686 2671 771 2725 23.)

345 2737 403 2775 Μ.
430 2736 582 2775 Tullius
611 2737 655 2775 cle
686 2749 728 2775 re
753 2737 861 2788 publ.
896 2737 959 2776 tit).
984 2738 1077 2776 III:
1138 2742 1200 2777 est
1239 2738 1349 2776 enim
1390 2750 1521 2789 genus
1562 2737 1742 2777 iniustae
1781 2738 2006 2784 servitutis,
2023 2743 2058 2774 40

235 2812 329 2838 cum
361 2798 390 2837 ii
422 2804 520 2838 sunt
551 2798 736 2845 alterius,
769 2799 843 2852 qui
875 2799 937 2838 sui
971 2806 1146 2852 possunt
1177 2812 1296 2847 esse;
1331 2812 1425 2838 cum
1457 2804 1595 2838 autem
1618 2799 1646 2838 ii
1668 2799 1923 2840 famulantur
1948 2804 1962 2818 ¹'
1990 2805 1997 2810 '

235 2858 460 2912 (Nonius
500 2874 536 2899 v.
563 2862 815 2912 famulantur
844 2876 881 2914 p.
907 2858 1015 2913 lou.)

323 2977 354 3007 l.
381 2985 517 3007 causam
548 2977 653 3007 Fris:
685 2986 788 3007 causa
818 2976 999 3008 Benedict.
1041 2994 1074 2999 —-
1113 2977 1143 3008 2.
1171 2975 1336 3016 suffundit
1360 2976 1384 3005 Ο
1424 2992 1458 2997 -—
1499 2976 1529 3006 3.
1556 2977 1620 3007 nist
1644 2979 1788 3016 repetitis
1810 2978 2004 3009 Benedict:

233 3026 298 3056 nisi
321 3026 358 3057 de
380 3029 480 3065 repet.
509 3027 666 3065 Frising,
701 3027 734 3056 in
760 3027 890 3057 Bened.
919 3028 956 3057 de
981 3035 1074 3058 man.
1102 3027 1299 3057 recentiore
1325 3034 1402 3064 sup.
1423 3024 1480 3055 lin.
1509 3028 1581 3057 est:
1616 3027 1677 3056 nisi
1702 3027 1762 3067 [ae]
1788 3032 1888 3066 repet.
1916 3029 1940 3059 Ο
1968 3045 2002 3049 —

235 3076 287 3106 ll.
312 3079 399 3106 stare
421 3076 556 3116 yerique
579 3075 656 3107 cod.
676 3078 820 3114 August.
849 3077 952 3114 (nunc
971 3077 1119 3113 Monac.)
1148 3093 1182 3098 -—
1219 3075 1269 3106 1¹4.
1298 3084 1317 3104 a
1337 3078 1483 3113 patrono
1508 3076 1597 3106 coni.
1620 3076 1733 3107 Moser
1759 3094 1792 3098 —
1823 3079 1874 3108 47.
1895 3077 2008 3107 mellus

234 3133 266 3156 se
289 3125 308 3156 2
333 3125 435 3157 codd.
457 3126 590 3157 Monac.
620 3126 722 3164 (saec.
743 3126 800 3164 NJ:
828 3134 860 3156 se
883 3126 999 3156 melius
1023 3127 1047 3156 O
1088 3142 1122 3147 —
1162 3125 1217 3163 qui
1242 3124 1432 3163 Leoparui:
1472 3126 1549 3162 quia
1577 3125 1657 3156 edd.
1698 3144 1731 3147 —
1771 3127 1910 3156 deterius
1931 3125 2005 3156 hab.

236 3175 319 3213 (om.
337 3174 378 3213 se)
405 3174 510 3205 iidem
535 3173 611 3205 libri
636 3192 678 3197 -—-
702 3174 754 3205 29.
781 3174 917 3214 franqit.
947 3175 1001 3205 Sic
1025 3175 1050 3205 O
1078 3190 1112 3196 —
1149 3174 1200 3204 35.
1229 3173 1328 3203 deest
1354 3174 1420 3203 boc
1445 3174 1566 3213 fragm.
1595 3176 1627 3205 in
1653 3176 1677 3205 Ο
1721 3192 1754 3197 -—
1797 3175 1848 3206 37.
1872 3179 2009 3214 propter

236 3222 346 3254 oboed.
369 3224 565 3263 facilitatem
593 3232 662 3254 0111.
690 3224 754 3254 Mai
788 3226 821 3253 et
851 3224 1005 3255 editores
1031 3225 1230 3259 Ciceronis,
1263 3225 1320 3263 qui
1346 3225 1425 3263 post
1450 3233 1531 3255 eum
1555 3224 1623 3256 hoc
1649 3225 1770 3263 fragm.
1797 3228 2008 3265 receperunt

240 3288 275 3293 —
302 3271 354 3303 37.
379 3276 415 3302 ut
437 3281 546 3304 servos
568 3273 752 3312 asperiores
776 3272 856 3303 edd.
883 3282 1070 3314 perperam
1097 3277 1130 3304 ct
1155 3274 1267 3304 inxitis
1293 3273 1396 3304 codd.
1418 3282 1502 3305 mss.
1537 3291 1571 3296 —
1613 3274 1666 3306 41.
1692 3276 1717 3306 ii
1741 3284 1822 3305 nos:
1849 3276 1881 3305 tu·
1907 3274 2004 3307 editt.

239 3319 447 3362 (utrobique)
484 3338 518 3344 -
555 3322 766 3362 famulantur
789 3321 857 3362 [qui
881 3322 941 3355 sibl
966 3323 1133 3355 moderari
1155 3326 1329 3362 nequeunt,
1354 3323 1448 3354 nulla
1470 3323 1598 3355 iniuria
1620 3323 1675 3365 est]
1701 3323 1815 3365 suppl.
1834 3324 1912 3356 Mai.
