2249 3624
361 105 441 147 4⁴4
740 111 810 150 DE
841 110 1049 151 FINIBUS
1079 109 1340 152 BONORUM
1368 112 1437 152 ET
1467 113 1732 155 MALORUM

358 221 517 262 bonum
546 235 630 262 non
661 235 784 276 posse
813 222 1007 275 reperiri,
1039 223 1176 276 deque
1206 223 1271 264 his
1301 225 1424 265 rebus
1455 227 1555 267 satis
1586 227 1716 267 multa
1744 227 1787 266 in
1817 227 1970 267 nostris
1991 228 2042 268 de
2070 241 2114 268 re

358 285 524 338 publica
552 285 668 325 libris
699 289 795 325 sunt
825 284 935 325 dicta
967 298 989 324 a
1019 285 1177 325 Laelio.

470 348 584 387 XIX.
615 346 680 386 60.
713 346 911 387 Transfer
939 347 1050 387 idem
1081 347 1133 387 ad
1165 349 1410 390 modestiam
1439 352 1505 392 vel
1536 351 1874 404 temperantiam,
1915 365 2023 405 quae
2055 359 2117 394 est

356 410 587 450 moderatio
618 409 891 462 cupiditatum
920 410 1073 449 rationi
1105 411 1348 452 oboediens.
1399 413 1562 453 Satisne
1594 427 1692 466 ergo
1729 413 1881 466 pudori
1911 416 2115 463 consulat,

323 474 390 514 5si
422 473 517 527 quis
549 473 636 512 sine
668 477 772 511 teste
803 471 968 511 libidini
999 476 1169 524 pareat?
1209 475 1273 513 An
1304 480 1366 514 est
1395 476 1557 529 aliquid
1594 490 1668 530 per
1697 489 1741 516 se
1770 477 1909 529 ipsum
1938 479 2116 531 flagitio-

353 551 464 584 sum,
497 536 622 575 etiam
653 535 687 574 si
717 534 834 574 nulla
864 535 1086 574 comitetur
1115 535 1314 576 infamia?
1363 537 1506 585 Quid?
1538 539 1666 578 fortes
1697 539 1774 578 viri
1798 539 2115 592 voluptatumne

353 598 524 638 calculis
563 596 781 637 subductis
820 597 1027 650 proelium
1067 597 1236 646 ineunt,
1283 601 1528 652 sanguinem
1567 615 1642 654 pro
1680 602 1813 654 patria
1843 602 2113 655 profundunt,

351 674 404 701 an
435 660 618 715 quodam
649 659 777 699 animi
809 659 959 699 ardore
991 665 1115 713 atque
1146 661 1303 715 impetu
1335 663 1565 702 concitati?
1598 664 1742 702 Utrum
1763 665 1933 704 tandem
1955 679 2114 714 censeS,

351 725 583 776 Torquate,
615 722 891 775 Imperiosum
921 722 1059 769 illum,
1094 724 1127 762 si
1158 730 1300 764 nostra
1321 725 1447 765 verba
1478 725 1661 772 audiret,
1693 730 1861 765 tuamne
1883 726 1934 766 de
1957 741 2000 767 se
2023 740 2115 767 ora-

301 789 335 816 40
351 787 506 826 tionem
539 785 736 825 libentius
767 784 1009 823 auditurum
1039 784 1170 825 fuisse
1202 800 1254 826 an
1285 800 1439 834 meam,
1472 801 1564 827 cum
1586 801 1663 839 ego
1687 787 1870 828 dicerem
1890 789 1996 828 nihil
2019 803 2112 829 eum

348 849 496 889 fecisse
537 862 612 888 sua
652 860 775 887 causa
814 847 1036 899 omniaque
1066 848 1125 886 rei
1164 848 1378 900 publicae,
1420 854 1462 888 tu
1496 855 1641 889 contra
1671 850 1775 889 nihil
1804 850 1885 890 nisi
1916 853 2020 890 sua?
2069 852 2113 891 Si

348 925 445 951 vero
476 912 518 951 id
550 911 675 951 etiam
707 909 934 962 explanare
966 909 1095 949 velles
1126 911 1398 964 apertiusque
1429 911 1590 951 diceres
1621 912 1727 951 nihil
1749 926 1842 952 eum
1862 912 2011 954 fecisse
2031 914 2113 954 nisi

347 972 572 1026 voluptatis
619 985 777 1019 causa,-
807 984 892 1024 quo
938 971 1063 1011 modo
1109 987 1203 1013 eum
1250 974 1417 1013 tandem
1462 975 1641 1014 laturum
1687 975 1817 1015 fuisse
1864 976 2112 1016 existimas?

346 1033 412 1075 61.
443 1037 568 1076 Esto:
605 1035 771 1082 fecerit,
812 1034 846 1074 si
879 1034 935 1073 ita
966 1035 1049 1081 vis,
1092 1035 1330 1088 Torquatus
1362 1041 1530 1089 propter
1561 1049 1655 1076 suas
1687 1028 1888 1078 utilitates
1917 1059 1972 1067 -
2002 1038 2111 1078 malo

296 1101 331 1129 ⁴5
346 1099 458 1138 enim
487 1099 546 1138 ita
576 1098 716 1138 dicere
748 1110 872 1150 quam
892 1097 1147 1150 voluptates,
1179 1098 1221 1136 in
1244 1104 1358 1137 tanto
1380 1099 1628 1151 praesertim
1650 1099 1739 1139 viro
1763 1115 1835 1140 -ε
1866 1114 1968 1141 num
1990 1101 2113 1140 etiam

345 1162 436 1202 eius
469 1160 631 1214 collega
660 1162 704 1200 P.
725 1159 900 1206 Decius,
932 1159 1127 1213 princeps
1157 1161 1199 1199 in
1231 1173 1279 1199 ea
1310 1160 1467 1200 familia
1497 1162 1762 1210 consulatus,
1795 1176 1888 1203 cum
1919 1177 1963 1203 se
1986 1163 2113 1203 devo-

343 1230 460 1265 veret
498 1229 538 1264 et
577 1237 685 1277 equo
727 1222 909 1262 admisso
953 1222 996 1261 in
1033 1223 1212 1262 mediam
1254 1223 1386 1261 aciem
1423 1223 1666 1263 Latinorum
1702 1224 1907 1273 irruebat,
1950 1225 2112 1279 aliquid

343 1287 394 1326 de
435 1286 720 1340 voluptatibus
758 1285 844 1324 suis
883 1284 1121 1336 cogitabat?
1167 1286 1244 1325 [hi
1283 1290 1328 1325 ut
1364 1298 1454 1325 eam
1486 1292 1652 1339 caperet
1682 1293 1754 1327 aut
1786 1287 1979 1340 quando,
2019 1301 2112 1327 cum

343 1350 467 1390 sciret
506 1348 725 1389 confestim
758 1361 848 1387 esse
889 1348 1151 1387 moriendum
1183 1361 1360 1401 eamque
1391 1353 1563 1388 mortem
1597 1349 1837 1390 ardentiore
1868 1349 2008 1398 studio
2040 1363 2112 1403 pe-

291 1415 468 1460 20teret,
508 1425 632 1464 quam
669 1411 875 1464 Epicurus
915 1410 1175 1462 voluptatem
1216 1410 1439 1463 petendam
1471 1413 1615 1464 putat?
1665 1411 1789 1460 Quod
1820 1412 1987 1465 quidem
2021 1412 2110 1451 eius

340 1475 496 1515 factum
526 1474 605 1514 nisi
638 1479 749 1513 esset
779 1474 870 1512 iure
902 1472 1137 1519 laudatum,
1170 1486 1254 1512 non
1278 1479 1389 1513 esset
1409 1474 1594 1513 imitatus
1618 1479 1766 1527 quarto
1789 1473 2011 1514 consulatu
2035 1487 2110 1513 suo

340 1536 472 1585 filius,
503 1550 642 1590 neque
673 1549 798 1589 porro
830 1548 881 1574 ex
912 1548 960 1574 eo
992 1540 1113 1574 natus
1146 1549 1240 1574 cum
1272 1535 1428 1589 Pyrrho
1461 1536 1616 1576 bellum
1648 1550 1796 1589 gerens
1829 1536 1976 1576 consul
2003 1536 2111 1575 ceci-

341 1601 470 1641 disset
508 1601 550 1640 in
589 1599 751 1653 proelio
783 1611 912 1650 seque
945 1611 966 1637 e
998 1598 1230 1637 continenti
1264 1612 1415 1650 genere
1448 1599 1608 1638 tertiam
1640 1600 1852 1639 victimam
1882 1599 1942 1638 rei
1972 1598 2111 1651 publi—

341 1676 413 1703 cae
453 1662 728 1717 praebuisset.
789 1658 853 1700 62.
888 1660 1091 1699 Contineo
1132 1674 1197 1700 me
1236 1662 1287 1700 ab
1319 1661 1534 1713 exemplis.
1587 1661 1756 1701 Graecis
1786 1661 1868 1701 hoc
1898 1660 2109 1701 modicum

291 1728 327 1757 25
341 1732 421 1774 est,
454 1725 683 1771 Leonidas,
723 1723 1059 1776 Epaminondas,
1102 1728 1184 1762 tres
1216 1723 1349 1776 aliqui
1381 1728 1453 1762 aut
1483 1728 1699 1775 quattuor:
1745 1737 1846 1776 ego,
1880 1724 1913 1763 si
1944 1727 2108 1762 nostros

339 1788 536 1841 colligere
568 1800 765 1840 coepero,
805 1783 1016 1838 perficiam
1047 1785 1152 1824 illud
1184 1785 1371 1838 quidem,
1412 1791 1456 1824 ut
1488 1798 1531 1824 se
1564 1785 1705 1825 virtuti
1736 1786 1873 1826 tradat
1903 1785 2107 1826 constrin-

339 1852 517 1904 gendam
561 1849 778 1902 voluptas;
807 1847 896 1887 'sed
940 1848 1029 1887 dies
1066 1861 1131 1886 me
1173 1844 1338 1886 desiciet
1377 1852 1438 1893 et,
1482 1852 1529 1886 ut
1558 1847 1688 1886 Aulus
1723 1848 1895 1895 Varius,
1943 1847 2015 1900 qui
2048 1853 2110 1887 est

337 1913 504 1953 habitus
534 1913 664 1952 iudex
696 1911 863 1957 durior,
903 1911 1039 1949 dicere
1070 1909 1306 1949 consessori
1338 1909 1521 1956 solebat,
1563 1923 1657 1948 cum
1689 1908 1796 1949 datis
1828 1911 2006 1950 testibus
2037 1911 2107 1950 alii

338 1980 477 2016 tamen
509 1976 754 2020 citarentur,
790 1978 890 2012 «aut
918 1973 998 2012 hoc
1028 1972 1198 2011 testium
1230 1972 1329 2011 satis
1361 1977 1423 2011 est
1453 1978 1522 2011 aut
1552 1973 1709 2019 nescio,
1744 1971 1846 2025 quid
1878 1973 1978 2013 satis
2011 1973 2103 2021 sit,»

288 2040 324 2069 30
339 2038 398 2078 sic
429 2051 453 2078 a
483 2052 548 2078 me
581 2036 680 2077 satis
712 2036 852 2075 datum
885 2039 948 2074 est
979 2035 1159 2074 testium.
1213 2034 1321 2082 Quid
1355 2034 1496 2073 enim?
1535 2040 1574 2073 te
1616 2035 1772 2086 ipsum,
1815 2035 2105 2088 dignissimum

339 2100 566 2140 maioribus
605 2099 708 2146 tuis,
752 2098 997 2151 voluptasne
1029 2097 1197 2136 induxit
1228 2103 1271 2136 ut
1302 2096 1643 2136 adulescentulus
1676 2097 1859 2149 eriperes
1889 2099 1932 2137 P.
1965 2098 2106 2137 Sullae

339 2162 631 2202 consulatum?
665 2161 798 2209 Quem
833 2174 926 2199 cum
957 2160 1009 2198 ad
1040 2165 1198 2213 patrem
1230 2164 1348 2198 tuum
1378 2159 1633 2205 rettulisses,
1664 2158 1937 2198 fortissimum
1956 2160 2105 2206 virum,

339 2225 476 2279 qualis
506 2224 577 2263 ille
608 2224 675 2263 vel
707 2223 853 2262 consul
886 2222 951 2261 vel
983 2222 1086 2261 civis
1120 2235 1211 2260 cum
1243 2235 1425 2274 semper,
1465 2226 1551 2260 tum
1583 2226 1677 2273 post
1707 2220 1972 2261 consulatum
2000 2221 2102 2261 fuiti

340 2301 424 2341 quo
457 2287 628 2340 quidem
660 2290 826 2325 auctore
858 2297 934 2323 nos
965 2284 1045 2336 ipsi
1079 2297 1126 2322 ea
1157 2283 1384 2336 gessimus,
1415 2288 1460 2322 ut
1483 2283 1675 2322 omnibus
1697 2283 1836 2336 potius
1857 2296 1983 2336 quam
2003 2283 2105 2337 ipsis

289 2349 458 2389 35n0bis
504 2348 852 2388 consuluerimus.
918 2344 982 2384 63.
1015 2348 1067 2385 At
1106 2359 1229 2398 quam
1269 2345 1440 2399 pulchre
1483 2344 1621 2384 dicere
1663 2344 1883 2392 videbare,
1926 2358 2020 2385 cum
2052 2358 2106 2385 ex

338 2411 468 2451 altera
498 2415 613 2464 parte
644 2409 828 2463 ponebas
860 2407 1114 2448 cumulatum
1146 2409 1330 2461 aliquem
1360 2407 1550 2461 plurimis
1582 2412 1622 2446 et
1656 2406 1849 2446 maximis
1880 2406 2105 2459 voluptati-

338 2474 434 2521 bus,
463 2473 580 2513 nullo
611 2485 687 2512 nec
719 2470 927 2524 praesenti
959 2483 1036 2509 nec
1064 2469 1205 2510 futuro
1239 2470 1406 2518 dolore,
1439 2483 1492 2509 ex
1521 2469 1652 2509 altera
1682 2473 1823 2508 autem
1853 2468 2104 2509 cruciatibus

427 2642 456 2673 3.
483 2642 534 2672 uel
556 2642 772 2681 eupiditatzmz
797 2640 1045 2678 [emperanliam
1070 2648 1153 2677 quat}
1176 2643 1220 2669 est
1245 2640 1424 2669 moderatio
1448 2638 1571 2668 ralioni
1594 2638 1617 2667 B
1646 2653 1680 2659 -—
1715 2636 1744 2668 l.
1764 2636 1911 2668 obediens
1933 2637 1997 2668 AB
2013 2637 2038 2668 O
2065 2653 2100 2659 —

340 2693 391 2724 43.
418 2693 586 2723 existimas
610 2692 691 2723 AB:
719 2691 882 2722 eristimes
906 2690 929 2718 O
958 2707 991 2710 η
1022 2690 1070 2719 43.
1099 2690 1145 2718 ila.
1167 2689 1342 2719 Bromius:
1370 2689 1414 2717 sic
1438 2686 1588 2717 Klotzius
1614 2687 1645 2716 in
1672 2687 1873 2723 Prooemio;
1901 2695 1971 2718 om.
1998 2687 2100 2718 codd.

339 2745 374 2774 et
397 2744 426 2774 M
442 2744 477 2773 O.
511 2742 561 2773 Cf.
587 2740 807 2779 Wesenberg
830 2740 1015 2771 Emenclult.
1043 2738 1107 2769 Cic.
1126 2739 1229 2777 Epist.
1256 2747 1289 2778 p.
1311 2738 1362 2768 5¹.
1385 2755 1418 2758 —
1445 2736 1555 2776 elia-m]
1581 2740 1608 2766 el
1633 2737 1657 2767 B
1678 2753 1712 2757 —
1741 2736 1792 2767 46.
1819 2737 1887 2767 eius
1909 2736 2033 2777 colleqa
2055 2737 2100 2768 A:

338 2793 461 2833 colleya
490 2793 558 2822 eius
578 2792 603 2822 B
619 2792 649 2822 M
683 2808 717 2812 —
750 2791 923 2820 (let-orem!
947 2792 975 2819 et
998 2797 1079 2827 equo
1095 2806 1142 2809 --
1161 2788 1323 2823 irruebat,
1356 2787 1482 2826 aliquid
1513 2794 1593 2817 cum
1625 2786 1761 2816 Davisio
1786 2786 1836 2823 M;
1870 2787 2040 2819 devoveret
2063 2804 2100 2810 —

338 2846 367 2873 et
401 2850 482 2881 equo
513 2841 653 2871 admisso
670 2857 717 2862 ——
734 2839 881 2869 irruebat
905 2856 962 2871 —.
999 2838 1125 2877 aliquid
1157 2838 1299 2869 Wexius
1332 2837 1392 2876 (ad
1419 2836 1525 2867 Taciti
1556 2837 1668 2875 Agric.
1697 2845 1729 2876 p.
1757 2836 1818 2876 33)
1844 2844 1925 2868 cum
1948 2837 2015 2869 hac
2039 2837 2103 2869 ad-

338 2892 531 2922 notatione:
565 2890 809 2921 «parenthesis
842 2890 931 2919 hanc
959 2887 1060 2918 adicit
1091 2888 1301 2918 sententiani
1330 2890 1359 2917 et
1391 2887 1423 2916 in
1454 2889 1577 2916 certam
1609 2885 1660 2916 ille
1681 2886 1797 2917 ruebat
1819 2891 1970 2927 mortem,
1996 2896 2102 2928 quam

337 2940 441 2982 paulo
472 2941 552 2981 post
582 2939 765 2978 repetitam
795 2938 941 2977 legimus
969 2946 1043 2967 cum
1065 2938 1159 2967 sciret
1183 2937 1350 2976 confestim
1373 2945 1438 2967 esse
1459 2936 1675 2966 moriendum.
1710 2936 1760 2968 Cf.
1787 2936 1925 2969 Tuscul.
1952 2938 1976 2976 I,
2004 2937 2022 2978 S
2047 2937 2100 2969 89.

338 2991 463 3022 Amant
493 2991 610 3019 autem
641 2988 747 3019 Latini
778 2988 981 3028 particulam
1007 2991 1035 3018 et
1066 2988 1096 3017 in
1124 2987 1325 3026 interposita
1352 2986 1536 3018 sententia.
1574 2986 1644 3017 Liv.
1670 2986 1724 3025 ⁶23,
1750 2986 1802 3018 44.
1829 2986 1882 3026 24,
1909 2987 1940 3018 7.
1966 2987 2020 3025 25,
2047 2987 2099 3018 ⁴7.

337 3040 391 3078 29,
417 3039 492 3070 23.»
520 3056 553 3060 —
594 3038 644 3069 48.
671 3038 724 3068 ubi
750 3042 782 3069 u!
806 3036 901 3069 A¹B2
934 3037 987 3068 ubi
1010 3041 1068 3068 aut
1091 3034 1146 3073 A‘23
1180 3037 1266 3066 Nam
1290 3035 1343 3066 vbi
1367 3036 1391 3066 O
1419 3053 1452 3057 —
1478 3036 1531 3066 ⁶24.
1558 3035 1630 3066 iure
1653 3039 1730 3067 esset
1753 3036 1778 3067 B
1805 3053 1840 3058 -—
1879 3037 2049 3068 consolatu
2073 3038 2101 3068 A

341 3106 376 3112 --
402 3089 455 3120 2⁴2.
479 3089 573 3127 pirro
602 3090 645 3124 Α,
681 3095 784 3126 pyrro
811 3088 831 3117 Β
861 3106 893 3109 -
924 3087 976 3118 ΞΒ,
1004 3096 1020 3118 e
1044 3095 1113 3117 om.
1140 3086 1162 3116 B
1187 3104 1226 3107 -
1258 3084 1311 3116 23..
1337 3085 1512 3125 modicum]
1536 3085 1631 3115 modo
1655 3094 1729 3115 cum
1750 3086 1792 3117 At
1817 3103 1852 3108 —
1878 3086 1933 3117 26.
1959 3085 2100 3126 quidem]

338 3138 417 3176 quid
439 3141 484 3169 est
506 3138 530 3168 B
559 3154 593 3159 -
622 3136 673 3166 27.
700 3139 728 3166 et
752 3145 820 3167 om.
847 3137 870 3167 B
900 3154 932 3158 —
960 3136 1056 3166 aulus
1070 3136 1153 3167 AB:
1180 3135 1215 3165 Α.
1244 3136 1312 3166 ΜΟ
1339 3152 1373 3156 -
1402 3135 1453 3166 b28.
1480 3134 1607 3165 habitus
1630 3138 1673 3165 esc
1696 3135 1721 3165 B
1749 3151 1784 3157 —
1810 3134 1986 3175 confessori
2008 3135 2033 3166 B
2062 3152 2096 3157 —-

338 3187 391 3219 29.
417 3187 456 3218 sic
480 3195 549 3218 om.
575 3186 600 3217 B
630 3203 663 3207 —
697 3184 749 3215 32.
776 3186 935 3216 retulisses
960 3188 981 3217 Α
999 3186 1021 3216 Β
1037 3186 1061 3215 Ο
1091 3203 1122 3207 —
1158 3184 1208 3215 33.
1235 3185 1317 3215 ciuis
1339 3193 1412 3215 eum
1435 3192 1559 3223 sem-per
1581 3192 1656 3215 cum
1679 3184 1703 3215 B
1732 3201 1767 3206 —
1793 3183 1847 3218 36.
1872 3184 2016 3226 aliquem
2039 3192 2098 3216 cu·-

338 3235 501 3267 mulatum
522 3235 560 3266 B.
