2249 3624
264 215 347 259 802
938 213 1007 253 DE
1038 214 1106 253 RE
1137 213 1363 254 PUBLICA

819 318 1121 373 [Desiderantar
1143 320 1317 372 paqinae
1347 317 1475 372 duaa]

264 389 430 447 pem]
490 392 596 435 XX.
629 391 711 434 35.
742 386 779 422 ‘²²³‘
800 388 838 421 ‘³²³‘
859 388 896 422 ·>:<·
919 387 923 442 1
943 392 1074 433 facile
1107 394 1150 432 in
1182 393 1407 433 civitatem
1436 395 1646 445 receptus
1679 394 1816 446 esset,
1850 395 2035 447 propter

264 464 575 505 humanitatem
607 464 740 515 atque
771 459 1014 502 doctrinam
1047 460 1177 502 Anco
1208 462 1304 517 regi
1340 460 1566 501 familiaris
1599 464 1666 502 est
1699 461 1866 512 factus,
1896 474 2036 515 usque

265 545 317 574 eo
348 534 396 573 ut
427 531 706 574 consiliorum
739 531 923 570 omnium
955 531 1183 582 particeps
1216 534 1259 569 et
1290 532 1440 570 socius
1473 542 1614 582 paene
1639 532 1765 585 regni
1790 534 2036 584 putaretur.

233 602 375 644 5Erat
410 602 453 642 in
492 614 544 641 eo
585 601 820 654 praeterea
859 612 1024 639 summa
1066 600 1274 650 comitas‚
1314 611 1478 639 summa
1519 601 1559 639 in
1603 602 1745 639 omnis
1783 600 1895 640 civis
1926 601 2038 652 opis,

262 671 427 724 auxilii,
458 669 743 724 defensionis,
773 668 992 725 largiendi
1024 670 1152 709 etiam
1179 669 1445 724 benignitas.
1488 669 1645 723 Itaque
1668 671 1837 709 mort-uo
1860 668 2037 711 Marcio

263 741 435 782 cunctis
477 740 628 794 populi
668 738 892 794 suffragiis
934 750 1016 779 rex
1061 742 1127 779 est
1171 740 1349 779 creatus
1391 738 1440 779 L.
1476 737 1766 791 Tarquinius:
1817 739 1879 779 sic
1911 728 2037 791 enim}

261 803 430 860 p.220.]
464 822 588 849 suum
619 820 778 849 nomen
810 821 864 849 ex
888 808 1062 850 Graeco
1093 808 1267 848 nomine
1300 806 1546 855 inflexerat,
1579 814 1625 847 ut
1658 808 1701 848 in
1734 809 1846 847 omni
1868 819 2037 863 genere

262 877 390 919 huius
437 878 586 931 populi
634 876 997 918 consuetudinem
1046 877 1276 917 videretur
1322 878 1529 917 imitatus.
1601 877 1734 930 Isque
1775 879 1822 917 ut
1863 876 1916 917 de
1955 889 2036 917 suo

212 946 442 1001 wimperio
473 947 616 1001 legem
649 947 771 999 tulit,
803 948 1019 1000 principio
1053 946 1297 997 duplicavit
1331 947 1445 986 illum
1480 947 1710 999 pristinum
1744 949 1916 999 patrum
1948 958 2035 986 nu-

261 1028 422 1056 merum
455 1018 498 1056 et
530 1016 736 1068 antiquos
770 1020 919 1069 patres
950 1016 1157 1055 maiorum
1190 1016 1387 1071 gentium
1419 1015 1687 1068 appellavit,
1721 1028 1832 1068 quos
1864 1015 2037 1068 priores

260 1085 525 1126 sententiam
565 1084 779 1141 rogabat,
821 1096 845 1124 a
878 1096 925 1124 se
957 1082 1154 1125 adscitos
1189 1085 1414 1123 minorum.
1474 1080 1556 1123 36.
1590 1082 1761 1124 Deinde
1794 1085 2035 1137 equitatum

259 1165 300 1206 p.
320 1148 401 1204 37-]
435 1153 492 1194 ad
523 1153 637 1195 hunc
670 1165 829 1193 morem
862 1154 1106 1207 constitum
1140 1154 1209 1206 qui
1244 1148 1388 1207 usique
1423 1152 1566 1194 adhuc
1599 1154 1667 1193 est
1699 1154 1921 1193 retentus:
1954 1163 2036 1193 nec

258 1225 403 1278 potuit
434 1222 695 1264 Titiensium
727 1224 771 1263 et
801 1221 1145 1263 Rhamnensium
1179 1225 1221 1262 et
1246 1222 1462 1263 Lucerum
1496 1224 1676 1275 mutare,
1711 1234 1806 1263 cum
1840 1223 2038 1275 cuperet,

209 1294 452 1346 i5nomina,
484 1291 600 1346 quod
631 1293 788 1333 auctor
819 1293 857 1331 ei
888 1304 1052 1331 summa
1083 1303 1227 1347 augur
1257 1291 1401 1347 gloria
1432 1291 1572 1332 Attus
1602 1291 1773 1332 Navius
1806 1303 1894 1330 non
1928 1292 2036 1331 erat.

257 1361 409 1417 Atque
442 1363 571 1402 etiam
605 1359 860 1402 Corinthios
899 1359 1029 1401 video
1071 1360 1256 1412 publicis
1295 1361 1419 1413 equis
1460 1359 1750 1414 adsignandis
1791 1362 1835 1400 et
1865 1357 2037 1400 alendis

259 1431 463 1472 orborum
496 1432 540 1471 et
571 1428 799 1469 viduarum
833 1429 1009 1469 tributis
1042 1430 1180 1469 fuisse
1213 1428 1429 1483 quondam
1464 1428 1703 1484 diligentis.
1763 1426 1856 1470 Sed
1888 1431 2035 1469 tamen

258 1494 394 1551 p.38.]
429 1498 649 1553 prioribus
670 1499 861 1552 equitum
887 1498 1085 1551 partibus
1107 1497 1316 1538 secundis
1337 1496 1500 1537 additis
1524 1500 1595 1538 00
1616 1508 1738 1538 mccc
1771 1497 1877 1539 fecit
1895 1491 1898 1546 l
1916 1497 2036 1550 equi-

257 1572 327 1610 tes
373 1579 682 1621 numerumque
731 1566 987 1620 duplicavit.
1065 1566 1340 1618 Post[quam]
1388 1567 1503 1607 bello
1551 1567 1731 1622 subegit
1778 1566 2033 1620 Aequorum

207 1647 460 1695 §lomagnam
502 1641 680 1694 gentem
723 1639 766 1677 et
812 1637 1004 1678 ferocem
1048 1641 1090 1677 et
1131 1637 1264 1677 rebus
1308 1638 1456 1690 populi
1497 1636 1684 1677 Romani
1728 1637 2033 1677 imminentem.

257 1706 465 1762 Idemque
498 1703 692 1748 Sabinos
734 1718 828 1747 cum
874 1719 898 1747 a
943 1707 1168 1747 moenibus
1200 1707 1321 1747 urbis
1352 1707 1642 1760 reppulisset,
1686 1707 1883 1759 equitatu
1916 1704 2030 1745 fudit

257 1777 460 1830 belloque
492 1774 670 1816 devicit.
719 1775 870 1829 Atque
903 1775 1087 1817 eundem
1120 1777 1300 1828 primum
1335 1774 1462 1815 ludos
1495 1776 1717 1828 maximos,
1750 1775 1819 1827 qui
1843 1773 2031 1814 Romani

256 1844 361 1886 dicti
400 1846 524 1896 sunt,
569 1843 732 1885 fecisse
773 1845 1048 1897 accepimus,
1090 1843 1331 1898 aedemque
1377 1845 1421 1884 in
1465 1844 1686 1896 Capitolio
1724 1843 1822 1883 lovi
1868 1843 2032 1895 optimo

255 1926 295 1966 p.
311 1906 396 1964 3‘l.]
429 1913 614 1954 maximo
647 1913 762 1954 bello
795 1911 964 1954 Sabino
1008 1915 1050 1953 in
1091 1914 1186 1966 ipsa
1227 1925 1377 1970 pugna
1409 1914 1591 1953 vovisse
1626 1910 1878 1957 facienldam
1911 1923 2032 1951 mor-

204 1991 241 2021 25
256 1985 462 2036 tuumque
495 1994 616 2035 esse,
648 1994 742 2023 cum
777 1981 860 2022 duo
895 1982 948 2022 de
982 1981 1279 2039 quadraginta
1309 1983 1596 2039 regnavisset
1627 1994 1780 2022 annos.

368 2050 497 2092 XXI.
528 2049 611 2091 37.
642 2050 748 2091 Tum
782 2052 980 2092 Laelius:
1011 2052 1138 2093 Nunc
1171 2051 1214 2092 fit
1249 2052 1344 2091 illut
1375 2049 1559 2093 Catonis
1591 2052 1769 2094 certius,
1802 2061 1884 2091 nec
1916 2051 2032 2090 tem-

255 2120 376 2175 poris
405 2121 534 2160 unius
565 2132 647 2161 nec
679 2119 864 2160 hominis
896 2133 995 2161 esse
1023 2122 1384 2162 constitutionem
1407 2121 1470 2160 rei
1495 2120 1719 2171 publicae:
1752 2120 2031 2173 perspicuum

254 2192 322 2230 est
363 2190 476 2230 enim
519 2191 682 2243 quanta
725 2190 769 2229 in
811 2189 1013 2245 singulos
1053 2202 1187 2246 reges
1225 2202 1368 2230 rerum
1408 2190 1620 2230 bonarum
1664 2191 1709 2229 et
1750 2188 1916 2228 utilium
1958 2186 2032 2226 fiat

254 2259 468 2300 accessio.
509 2256 603 2300 Sed
633 2259 833 2312 sequitur
864 2260 917 2308 is,
951 2260 1023 2312 qui
1054 2258 1155 2299 mihi
1187 2258 1366 2299 videtur
1398 2271 1454 2300 ex
1486 2259 1686 2299 omnibus
1719 2259 1760 2298 in
1783 2269 1830 2298 re
1854 2256 2031 2310 publica

252 2396 407 2430 Etruscis
431 2406 469 2429 se
494 2399 612 2429 ortum
636 2397 737 2429 exule
762 2398 912 2436 advena,
941 2399 1087 2430 Romam
1112 2398 1253 2429 hortatu
1278 2399 1395 2430 uxoris
1421 2407 1502 2429 cum
1528 2397 1659 2437 ingenti
1683 2406 1721 2428 re
1746 2396 1836 2427 bona
1855 2395 2027 2436 migravit.

253 2447 425 2489 Cumque]
449 2448 548 2488 facile
572 2449 638 2479 etc.
666 2447 841 2489 supplevit
866 2449 945 2480 Mai.

339 2530 371 2560 5.
397 2528 699 2564 OMNlSlsOEPUISOPIS
725 2530 748 2561 C
777 2547 812 2551 —
839 2530 869 2562 8.
896 2538 939 2561 ex
954 2530 1093 2562 Etrusco
1118 2531 1247 2562 nomine
1272 2531 1360 2562 coni.
1389 2530 1518 2569 Osann,
1544 2530 1582 2561 ut
1607 2530 1676 2560 iam
1701 2529 1768 2561 Mai
1793 2528 1919 2569 partim
1944 2526 2031 2558 indi-

252 2612 393 2642 caverat
420 2627 454 2633 —
482 2611 535 2642 40.
559 2610 736 2652 principio]
762 2614 1148 2650 Piuscnmei-:cizurrmr
1174 2612 1198 2643 C
1227 2630 1261 2633 —
1297 2613 1348 2642 Ἠ.
1375 2619 1570 2642 APPELLABir
1596 2609 1635 2642 C¹
1661 2628 1695 2633 —
1725 2609 1777 2642 44.
1804 2618 1977 2640 TlTlENSUM
2003 2608 2028 2639 C

1202 2676 1302 2682 ......
1383 2666 1481 2682 GLORIA
1615 2667 1628 2680 τ

253 2708 288 2714 -
316 2692 546 2730 nmffniexsmcu
573 2693 611 2731 C,
639 2692 872 2724 Ramnensium
897 2693 922 2724 O
951 2711 984 2715 —
1013 2694 1065 2724 15.
1093 2691 1421 2727 SENAGLonlA'AissGrR
1468 2693 1491 2723 C
1521 2711 1554 2714 —
1583 2700 1683 2723 rurs
1709 2691 1733 2722 C
1761 2689 1828 2722 del.
1855 2691 1972 2731 priore
1997 2698 2027 2728 Τ,

250 2773 356 2804 Attius
380 2774 405 2805 O
443 2790 477 2795 —-
516 2774 568 2805 46.
596 2782 813 2805 CuoRINTfflOS
839 2774 863 2805 C
904 2792 936 2796 —
976 2783 1173 2810 [orisroris
1200 2775 1223 2805 C
1252 2791 1286 2796 --
1316 2774 1367 2805 48.
1396 2782 1489 2805 mccc
1516 2774 1554 2805 C.
1574 2774 1610 2804 T.
1630 2774 1755 2812 Zumpt
1781 2771 1949 2810 (Abhandl.
1969 2771 2030 2802 der

251 2822 337 2854 Berl.
355 2823 459 2854 Akad.
488 2822 570 2854 ⁴839
595 2832 627 2863 p.
644 2823 722 2862 76):
757 2832 852 2854 Acce.
881 2824 925 2859 C,
961 2833 1001 2854 ac
1018 2824 1068 2855 CC
1091 2824 1133 2855 O:
1171 2823 1212 2854 cf.
1240 2824 1294 2855 w.
1317 2823 1380 2854 Ad.
1400 2824 1546 2855 Beckeri
1572 2823 1703 2862 antiqu.
1726 2823 1821 2852 Rom.
1849 2822 1894 2858 11,
1915 2822 1944 2859 rt,
1964 2819 2027 2852 244

254 2888 288 2895 —
318 2872 369 2904 ⁴9.
396 2874 468 2904 Post
492 2873 648 2912 Madvig:
684 2881 852 2908 PosTQl'AM
880 2874 903 2905 C
920 2874 963 2911 O,
994 2873 1131 2912 posthac
1161 2874 1251 2903 coni.
1279 2874 1405 2904 Moser.
1450 2875 1591 2913 «Neque
1618 2881 1682 2913 per
1706 2880 1743 2902 sc
1769 2871 1915 2902 subacta
1941 2877 2027 2910 gens

250 2924 454 2963 Aequorum
485 2931 588 2953 causa
621 2923 797 2962 equitatus
822 2923 973 2963 augendi
999 2932 1077 2954 esse
1104 2924 1214 2963 potuit
1246 2923 1328 2961 (scd
1353 2922 1483 2954 bellum
1511 2932 1592 2954 cum
1617 2923 1656 2953 iis
1683 2922 1835 2957 instans,
1871 2921 1905 2950 ut
1931 2917 2025 2959 apud

251 2972 385 3003 Livium
410 2972 440 3006 1,
460 2971 499 3002 36
525 2973 558 3001 et
583 2972 623 3002 37
649 2971 729 3003 belli
754 2972 871 3004 Sabini
904 2982 1009 3004 causa
1043 2975 1167 3003 auctus
1198 2974 1355 3012 equitum
1383 2982 1551 3004 numerus
1576 2972 1752 3009 narratur)
1785 2979 1850 3001 nec
1880 2976 2025 3000 causam

251 3023 286 3053 et
310 3022 531 3052 occasionem
557 3021 709 3060 augendi
734 3023 910 3062 equitatus
936 3023 966 3053 in
993 3023 1085 3053 hunc
1111 3024 1311 3053 extremum
1337 3022 1454 3053 locum
1480 3022 1676 3053 sententiae
1702 3022 1826 3053 Cicero
1851 3018 2025 3049 coniecis-

249 3071 304 3102 set
334 3072 426 3109 (ΓΕΠΊ
459 3071 532 3101 Sine
566 3080 693 3101 causae
724 3074 903 3104 mentione
934 3073 984 3104 sic
1009 3081 1154 3103 exorsus
1181 3074 1251 3102 ost:
1288 3074 1412 3103 Deinde
1435 3073 1647 3111 equiracumi:
1692 3080 1756 3102 nec
1786 3075 2025 3106 numeru-mque

248 3119 430 3160 duplicat-tt
461 3122 575 3159 potest
600 3120 642 3149 de
669 3120 775 3152 altera
803 3122 1039 3163 duplicatione
1066 3121 1206 3160 intelligi
1233 3122 1320 3153 sacta
1346 3124 1425 3162 post
1450 3121 1582 3153 bellum
1607 3124 1828 3161 Aequorurm
1862 3127 1943 3150 nani
1968 3116 2023 3148 illa

247 3176 485 3206 numerumque
515 3169 693 3207 duplicavit
729 3171 864 3211 plenius
898 3172 1141 3204 tantummodo
1175 3174 1207 3202 et
1240 3172 1437 3203 distinctius
1470 3172 1668 3212 exprimunt
1701 3170 1794 3210 quod
1825 3168 2024 3200 continetur

249 3220 302 3251 hiS
325 3217 461 3249 verbi&
497 3219 664 3256 Prioribus
694 3223 839 3259 equilum
867 3223 1020 3262 partibus
1044 3222 1191 3253 secundis
1215 3222 1348 3252 additis.
1397 3224 1447 3253 Do
1468 3225 1540 3261 post
1564 3238 1603 3253 z
1623 3223 1738 3260 postea
1768 3228 1800 3249 v.
1829 3218 1952 3249 Cicero
1977 3215 2021 3247 de

249 3271 318 3301 nat.
346 3268 444 3299 deor.
471 3267 510 3305 Il,
532 3267 571 3307 ἓξ
590 3268 620 3305 6,
639 3270 759 3309 ν1ι1,63,
787 3273 811 3307 Ι,
832 3274 871 3303 22
898 3275 986 3304 etc.»
1014 3271 1195 3311 Madvig.
1226 3288 1260 3292 m
1296 3273 1349 3304 24.
1377 3280 1566 3303 crrumssizr
1591 3272 1615 3302 C
1642 3269 1722 3302 add.
1749 3278 1769 3300 n
1793 3276 1870 3308 sup.
1896 3266 1955 3298 lin.
1983 3281 2018 3287 -

247 3349 302 3382 23.
329 3324 476 3385 cagano.
503 3350 527 3381 C
556 3368 590 3373 —-
616 3350 669 3382 24.
697 3360 828 3383 nomssrz
854 3351 903 3384 C¹.
