2249 3624
385 166 467 210 340
823 166 1250 208 TUSCULANARUM
1279 166 1718 208 DISPUTATIONUM

497 277 570 317 ΧΙ.
601 273 667 315 32.
698 273 746 315 A.
777 273 962 314 Adducis
1003 287 1068 314 me
1106 279 1151 314 ut
1180 273 1256 313 tibi
1286 272 1511 312 adsentiar.
1559 270 1641 312 Sed
1671 277 1741 312 tua
1773 286 1944 327 quoque
1974 274 2070 314 vide
2099 289 2152 316 ne

385 339 647 381 desideretur
686 337 935 377 constantia.
984 338 1040 377 M.
1073 336 1266 383 Quonam
1306 335 1462 374 modo?
1519 334 1567 374 A.
1600 334 1710 383 Quia
1750 336 1833 389 legi
1874 343 1989 377 tuum
2020 351 2155 390 nuper

384 407 579 457 quartum
611 400 662 440 de
692 399 877 439 Finibus.
922 400 969 439 In
1002 412 1050 438 eo
1082 398 1183 437 mihi
1215 397 1411 437 videbare
1443 401 1588 437 contra
1621 397 1819 438 Catonem
1841 398 2052 440 disserens
2076 400 2155 441 1100

384 465 491 505 velle
523 462 766 510 ostendere,
797 462 912 515 quod
944 461 1046 500 mibi
1077 459 1248 513 quidem
1279 459 1499 511 probatur,
1535 460 1645 500 inter
1674 462 1883 501 Zenonem
1916 468 1956 503 et
1986 464 2156 517 Peripa-

350 528 531 568 5teticos
563 526 668 566 nihil
698 531 863 579 praeter
883 524 1104 564 verborum
1135 522 1365 562 novitatem
1396 522 1612 562 iuteresse.
1665 522 1790 570 Quod
1812 525 1846 564 si
1867 525 1923 565 ita
1944 531 2019 573 est,
2051 526 2154 579 quid

383 597 447 631 est
478 602 629 631 causae
661 589 777 642 quin,
809 588 842 627 si
874 586 1055 626 Zenonis
1090 585 1242 625 rationi
1271 590 1600 625 consentaneum
1632 586 1684 625 sit
1713 587 1814 627 satis
1845 601 2039 641 magnam
2069 590 2154 629 vim

380 654 423 694 in
454 653 607 693 virtute
639 664 730 691 esse
761 650 813 689 ad
842 650 963 688 beate
995 647 1240 695 vivendum,
1272 648 1395 688 liceat
1421 648 1533 688 idem
1554 649 1844 702 Peripateticis
1867 651 2036 692 dicere?
2066 665 2155 692 rem

381 717 494 757 enim
532 715 682 769 opinor
722 712 901 765 spectari
933 715 1150 763 oportere,
1191 724 1277 750 non
1308 711 1447 751 verba.
1506 709 1574 751 33.
1604 713 1660 752 M.
1693 714 1754 753 Tu
1785 714 1955 767 quidem
1988 714 2155 755 tabellis

381 778 610 832 obsignatis
642 776 730 829 agis
763 788 927 815 mecum
957 778 1000 813 et
1029 771 1282 821 testificaris,
1315 774 1415 827 quid
1439 774 1615 815 dixerim
1637 775 1866 829 aliquando
1887 783 1957 818 aut
1977 778 2156 832 scripse-

330 852 365 881 10
379 843 471 882 rim.
518 841 620 880 Cum
651 837 744 878 aliis
775 838 855 877 isto
888 837 1026 883 modo,
1059 836 1129 889 qui
1160 836 1322 889 legibus
1354 836 1560 889 impositis
1591 836 1828 891 disputant,
1860 853 1937 879 nos
1969 840 2012 879 in
2043 840 2154 880 diem

378 905 578 950 vivimus;
612 899 911 954 quodcumque
936 903 1104 938 nostros
1126 899 1286 939 animos
1311 898 1603 952 probabilitate
1625 901 1852 952 percussit,
1885 902 1926 941 id
1949 901 2153 950 dicimus;

378 968 519 1020 itaque
560 963 639 1004 soli
676 975 820 1002 sumus
861 961 997 1000 liberi.
1049 961 1204 1000 verum
1246 967 1403 1009 tamen,
1445 962 1646 1015 quoniam
1679 963 1730 1002 de
1762 965 1999 1005 constantia
2029 965 2155 1018 paulo

377 1034 473 1069 ante
505 1026 708 1072 diximus,
741 1037 825 1064 non
857 1036 936 1077 ego
966 1023 1047 1062 hoc
1078 1023 1171 1063 loco
1202 1023 1242 1062 id
1265 1023 1555 1077 quaerendum
1578 1029 1695 1076 puto,
1719 1038 1919 1066 verumne
1942 1028 2014 1074 sit,
2040 1027 2153 1080 quod

377 1089 533 1131 Zenoni
566 1087 769 1142 placuerit
799 1087 999 1140 quodque
1026 1086 1116 1125 eius
1140 1086 1320 1125 auditori
1342 1086 1550 1133 Aristoni,
1583 1087 1741 1127 bonum
1763 1101 1856 1129 esse
1878 1089 2014 1130 solum
2038 1091 2151 1145 quod

326 1164 360 1192 15
375 1155 598 1194 honestum
631 1158 762 1199 esset,
794 1152 867 1191 sed
899 1152 934 1191 si
964 1151 1020 1191 ita
1051 1156 1180 1196 esset,
1213 1155 1300 1189 tum
1332 1154 1378 1188 ut
1408 1154 1541 1189 totum
1572 1149 1654 1188 hoc
1685 1150 1805 1190 beate
1833 1151 1974 1192 vivere
2004 1153 2047 1193 in
2068 1167 2152 1194 una

375 1218 525 1257 virtute
555 1220 746 1268 poneret.
798 1211 864 1254 34.
898 1214 992 1263 Qua
1021 1227 1065 1254 re
1098 1214 1244 1253 demus
1275 1211 1356 1251 hoc
1383 1224 1483 1251 53110
1505 1213 1646 1258 Bruto,
1678 1217 1722 1251 ut
1744 1212 1798 1252 sit
1817 1213 1964 1254 beatus
1986 1228 2154 1269 semper

374 1280 562 1333 sapiens:
595 1291 720 1331 quam
753 1277 832 1317 sibi
864 1277 1106 1323 conveniat,
1138 1277 1228 1328 ipse
1259 1274 1426 1314 viderit.
1471 1274 1614 1314 Gloria
1637 1274 1806 1328 quidem
1837 1276 1962 1317 huius
1984 1284 2152 1319 senten-

372 1344 455 1383 tiae
487 1343 582 1396 quis
625 1346 688 1381 est
728 1340 801 1380 1110
833 1341 923 1380 viro
956 1339 1151 1393 dignior?
1194 1351 1269 1378 nos
1301 1343 1439 1378 tamen
1471 1342 1710 1385 teneamus,
1749 1342 1796 1378 ut
1826 1339 1881 1379 sit
1910 1340 2022 1381 idem
2053 1342 2152 1383 bea-

372 1406 573 1446 tissimus.
1786 1433 1789 1434 γ

321 1477 358 1506 20
485 1468 576 1507 XII.
609 1467 673 1514 Et,
703 1467 737 1506 si
760 1468 873 1505 Zeno
899 1465 1070 1512 Citieus,
1094 1464 1256 1504 advena
1278 1463 1449 1516 quidam
1472 1467 1512 1502 et
1534 1462 1729 1515 ignobilis
1752 1464 1972 1505 verborum
1994 1467 2150 1520 opifex,

372 1531 608 1571 insinuasse
641 1543 684 1569 se
715 1530 757 1569 in
780 1529 999 1582 antiquam
1022 1526 1332 1580 philosophiam
1354 1525 1535 1571 videtur,
1562 1525 1688 1565 huius
1712 1527 1947 1567 sententiae
1968 1530 2150 1581 gravitas

370 1607 394 1633 a
424 1593 606 1633 Platonis
639 1593 885 1632 auctoritate
917 1596 1149 1644 repetatur,
1192 1589 1301 1642 apud
1333 1602 1459 1642 quem
1491 1600 1617 1640 saepe
1650 1587 1752 1627 haec
1783 1590 1916 1630 oratio
1948 1598 2148 1646 usurpata

370 1662 451 1704 est,
482 1661 529 1695 ut
559 1654 664 1694 nihil
696 1659 863 1707 praeter
894 1654 1089 1693 virtutem
1121 1653 1331 1693 diceretur
1362 1652 1535 1691 bonum.
1587 1649 1654 1690 35.
1676 1652 1802 1692 Velut
1833 1654 1874 1692 in
1898 1653 2053 1707 Gorgia
2075 1655 2150 1696 So-

369 1723 523 1764 crates,
568 1731 662 1757 cum
703 1722 815 1757 esset
854 1730 907 1756 ex
939 1730 988 1756 eo
1021 1717 1276 1769 quaesitum,
1318 1713 1588 1761 Archelaum,
1630 1715 1854 1756 Perdiccae
1886 1713 2042 1765 filium,
2075 1718 2147 1771 qui

318 1784 456 1821 vetum
490 1780 844 1819 fortunatissimus
867 1779 1104 1825 haberetur,
1137 1791 1279 1817 nonne
1301 1777 1467 1816 beatum
1488 1781 1676 1828 putaret,
1709 1776 1829 1816 Haud
1854 1779 1954 1826 scio,
1986 1780 2146 1833 inquit;

367 1856 597 1897 numquam
629 1842 739 1882 enim
772 1855 866 1881 cum
897 1855 946 1881 eo
978 1841 1224 1880 conlocutus
1254 1854 1358 1880 511111.
1396 1841 1461 1878 An
1482 1844 1526 1878 tu
1551 1838 1671 1878 aliter
1691 1839 1732 1878 id
1755 1840 1862 1880 scire
1882 1854 1969 1881 non
1990 1845 2142 1895 potes?

366 1907 490 1946 Nullo
522 1904 658 1946 modo.
703 1906 765 1944 Tu
796 1904 921 1957 igitur
952 1917 1004 1944 ne
1037 1903 1088 1943 de
1121 1904 1340 1942 Persarum
1363 1902 1532 1955 quidem
1561 1914 1658 1954 rege
1687 1914 1837 1954 magno
1858 1908 1979 1956 potes
2001 1905 2142 1946 dicere

367 1969 570 2009 beatusne
600 1968 664 2007 sit.
715 1969 778 2006 An
810 1980 887 2019 ego
918 1966 1098 2020 possim,
1130 1979 1223 2006 cum
1255 1966 1445 2018 ignorem
1478 1977 1604 2018 quam
1635 1964 1690 2004 sit
1720 1965 1890 2014 doctus,
1923 1980 2049 2020 quam
2081 1969 2146 2008 vir

366 2032 532 2071 bonus?
572 2030 711 2078 Quid?
744 2036 787 2069 tu
818 2030 860 2068 in
892 2042 940 2068 eo
972 2029 1094 2068 sitam
1120 2029 1246 2068 vitam
1278 2029 1441 2068 beatam
1464 2029 1615 2080 putas?
1656 2028 1716 2067 lta
1737 2041 1909 2081 prorsus
1930 2030 2144 2076 existimo,

315 2094 499 2134 3111101105
521 2093 681 2140 beatos,
713 2091 927 2145 improbos
954 2092 1144 2131 miseros.
1176 2089 1302 2131 Miser
1323 2104 1421 2143 ergo
1444 2089 1703 2129 Archelaus?
1737 2090 1869 2137 Certe,
1893 2092 1927 2131 si
1949 2092 2145 2132 iniustus.

367 2154 433 2195 36.
466 2156 697 2195 Videturne
738 2168 904 2194 0111110111
945 2154 1013 2193 1110
1053 2154 1216 2193 beatam
1258 2154 1382 2193 vitam
1423 2153 1463 2192 in
1496 2165 1581 2192 una
1611 2152 1763 2192 virtute
1802 2156 1989 2206 ponere?
2031 2154 2145 2202 Quid

367 2219 497 2259 vero?
536 2218 580 2258 in
610 2217 838 2271 Epitaphio
871 2231 955 2270 quo
986 2216 1112 2256 modo
1144 2217 1286 2256 idem?
1330 2217 1434 2255 Nam
1467 2216 1533 2255 cui
1564 2215 1668 2262 viro,
1699 2215 1860 2268 inquit,
1893 2230 1945 2256 ex
1976 2231 2020 2258 se
2052 2218 2144 2271 ipso

367 2286 463 2334 apta
494 2286 592 2320 sunt
623 2281 783 2327 omnia,
817 2293 924 2333 quae
957 2279 1006 2318 ad
1039 2279 1160 2319 beate
1191 2279 1418 2319 vivendum
1448 2277 1609 2325 ferunt,
1642 2290 1719 2317 nec
1743 2291 1945 2330 suspensa
1965 2279 2144 2320 aliorum

367 2349 440 2383 aut
468 2343 582 2383 bono
613 2356 713 2382 casu
743 2347 815 2382 aut
845 2341 1052 2382 contrario
1084 2342 1268 2395 pendere
1301 2355 1353 2381 ex
1384 2341 1554 2381 alterius
1576 2340 1737 2380 eventis
1766 2345 1808 2380 et
1828 2354 1967 2382 errare
1989 2355 2146 2395 cogun-

316 2414 452 2455 351111,
492 2408 590 2448 111110
626 2413 794 2460 optume
834 2406 1005 2446 vivendi
1043 2405 1148 2445 ratio
1190 2410 1428 2457 comparata
1459 2409 1535 2444 est.
1584 2403 1662 2443 Η10
1693 2408 1757 2443 est
1785 2403 1856 2443 ille
1889 2404 2144 2453 moderatus,

366 2471 435 2510 hic
473 2470 609 2517 fortis,
641 2470 709 2509 hic
741 2474 782 2509 et
813 2468 1079 2508 nascentibus
1111 2473 1151 2507 et
1182 2467 1429 2508 cadentibus
1462 2480 1553 2506 cum
1584 2466 1759 2519 reliquis
1791 2466 2019 2507 commodis
2055 2472 2143 2507 tum

369 2533 548 2573 maxime
587 2532 750 2580 liberis,
788 2531 949 2585 parebit
989 2536 1029 2570 et
1069 2530 1267 2570 oboediet
1300 2535 1524 2584 praecepto
1564 2529 1623 2569 illi
1654 2529 1811 2578 veteri3
1861 2542 2000 2582 neque
2032 2530 2142 2569 enim

455 2702 484 2731 11.
511 2699 912 2731 adducis--constantia
938 2699 971 2729 in
997 2706 1106 2737 marg.
1134 2698 1191 2729 int.
1219 2697 1380 2739 suppleta
1407 2697 1515 2728 habet
1536 2698 1561 2728 G
1586 2705 1633 2728 111.
1661 2696 1837 2735 secunda,
1864 2696 1927 2728 sed
1952 2697 2037 2728 item
2061 2705 2144 2737 per-

367 2751 520 2791 antiqua.
551 2768 585 2773 —
613 2750 727 2791 aducis
750 2750 774 2780 R
802 2766 836 2770 ——
865 2747 896 2780 4.
921 2747 1065 2787 probare
1091 2749 1113 2779 R
1134 2765 1168 2770 —
1197 2749 1249 2779 115.
1277 2749 1331 2779 sed
1354 2749 1388 2779 1ιί
1412 2749 1461 2778 ila
1485 2750 1582 2785 esset,
1608 2750 1721 2778 utrum
1745 2750 1848 2778 cotum
1871 2747 1930 2778 hoc
1945 2755 2144 2786 --ponere-

365 2804 420 2831 tur
443 2800 602 2840 Bentley.
631 2800 782 2830 «Sensus
808 2800 876 2830 est:
904 2797 968 2829 sed
994 2796 1241 2838 postulandum
1266 2800 1348 2838 puto
1375 2796 1480 2837 (quod
1506 2795 1667 2827 facillime
1692 2795 1827 2827 elicitur
1852 2805 1892 2828 ex
1919 2796 2145 2836 quaerendum

362 2850 456 2889 pulo)
482 2852 517 2880 ut
544 2851 615 2880 tum
641 2850 804 2885 demum,
832 2849 860 2879 si
888 2848 1138 2888 Peripateticus
1163 2848 1235 2878 sive
1261 2848 1387 2878 Brutus
1412 2847 1486 2886 ipse
1512 2854 1653 2886 quoque
1679 2849 1890 2885 agnosceret
1913 2854 1994 2878 cum
2019 2846 2144 2876 Stoicis

367 2899 499 2929 bonum
525 2907 602 2929 esse
628 2898 742 2930 50111111
768 2898 862 2937 quod
889 2897 1078 2929 honestum
1104 2899 1215 2935 esset,
1244 2898 1271 2929 is
1298 2897 1579 2937 (Peripateticus,
1614 2905 1684 2928 non
1709 2897 1857 2934 Stoicus,
1885 2896 1933 2927 uti
1958 2893 2043 2927 salso
2067 2893 2144 2935 ple-

365 2949 464 2988 rique
490 2950 719 2988 acceperunt)
746 2950 857 2979 totum
890 2948 957 2978 hoc
981 2946 1084 2978 beate
1103 2948 1220 2978 vivere
1247 2949 1279 2978 in
1304 2956 1372 2978 una
1397 2947 1524 2978 virtute
1550 2948 1718 2987 poneret:
1749 2954 1843 2977 nunc
1868 2953 1964 2984 vem,
1993 2943 2052 2975 ubi
2076 2944 2144 2975 hoc

365 2997 510 3037 quidem
536 2998 649 3038 ponit,
677 2997 741 3029 sed
767 2996 869 3029 simul
895 2996 958 3028 alia
984 2996 1076 3027 bona
1103 2997 1234 3035 statuit,
1260 2998 1335 3038 ipse
1360 3006 1482 3029 secum
1507 3000 1648 3037 pugnat.
1679 2998 1742 3028 Pro
1763 2999 1899 3036 poneret
1922 2993 2020 3026 facile
2046 2993 2144 3035 lege-

366 3048 430 3078 rim
459 3051 671 3086 poneretur.»
698 3048 756 3079 On.
789 3064 820 3070 -—
858 3048 910 3078 47.
937 3046 1007 3086 ipsa
1032 3047 1096 3077 GR
1124 3063 1159 3068 —-
1193 3048 1246 3078 20.
1272 3048 1343 3078 Etsi
1367 3047 1392 3078 O
1417 3065 1458 3069 —
1489 3047 1604 3078 ticieus
1628 3048 1652 3078 R
1681 3063 1715 3067 —
1747 3045 2145 3077 advena—-insinuasse

363 3098 398 3128 in
415 3113 463 3120 --
480 3097 611 3128 videtur
640 3098 770 3128 Nonius
803 3106 836 3137 p.
864 3096 938 3128 457.
968 3113 1002 3117 —
1038 3096 1221 3127 insinuasse
1247 3095 1299 3137 [se]
1333 3097 1366 3127 in
1390 3097 1415 3128 O
1441 3113 1476 3118 -—
1513 3095 1565 3127 23.
1591 3096 1690 3127 uelud
1714 3096 1740 3127 R
1767 3114 1802 3118 -
1829 3094 1882 3126 24.
1908 3093 2079 3125 arcelaum
2102 3093 2140 3131 R,

363 3146 556 3178 arcaelaum
581 3147 605 3177 G
634 3163 667 3168 —
695 3148 748 3178 26.
774 3148 824 3178 An
848 3150 884 3178 lu
908 3155 952 3177 an
977 3145 1076 3177 aliter
1099 3146 1163 3177 GR
1178 3147 1235 3183 B¹;
1261 3147 1324 3177 Ain
1348 3150 1383 3177 tu
1407 3155 1451 3177 an
1474 3146 1571 3177 aliter
1587 3146 1642 3181 B2;
1668 3145 1741 3177 Ain’
1766 3144 1826 3176 tu?
1851 3143 1917 3185 [an]
1943 3143 2041 3174 aliter
2057 3142 2082 3173 Ο
2102 3159 2138 3164 -

364 3196 397 3226 id
420 3203 490 3226 om.
518 3196 544 3226 G
573 3212 603 3217 —
634 3194 687 3226 32.
713 3204 756 3226 ea)
779 3197 821 3235 se]
847 3204 911 3228 esse
936 3196 960 3226 (2
985 3211 1020 3216 —
1048 3195 1101 3226 36.
1128 3195 1339 3227 candentibus
1365 3197 1389 3225 G
1405 3196 1428 3227 R
1448 3212 1482 3217 -
1511 3199 1546 3226 cu
1568 3195 1716 3225 maaeime
1740 3195 1765 3225 R
1785 3211 1818 3216 —
1847 3193 1900 3225 37.
1920 3194 2065 3225 «Errant
2081 3191 2140 3232 qui

364 3248 397 3277 in
422 3244 540 3277 verbis
571 3253 674 3284 neque
705 3246 790 3276 enim
806 3263 854 3268 -—
871 3248 1005 3285 reponet
1033 3245 1084 3275 sui
1114 3246 1234 3285 tragici
1265 3246 1389 3285 poetae
1419 3244 1614 3285 fragmenta
1639 3243 1840 3285 repperisse
1865 3242 1932 3275 sibi
1956 3243 2020 3274 visi
2044 3242 2137 3280 sunt,

363 3298 399 3327 ut
424 3295 506 3327 olim
535 3296 571 3327 R.
599 3294 792 3335 Bentleius,
827 3304 940 3337 nuper
965 3296 1002 3327 Ο.
1028 3293 1241 3328 Ribbeckius
1266 3294 1441 3334 Tragicor.
1468 3295 1540 3326 Lat.
1569 3294 1703 3334 Fragm.
1730 3301 1764 3334 p.
1791 3293 1866 3324 24⁴.
1904 3291 2025 3323 Omnia
2048 3290 2138 3323 haec
