2249 3624
327 229 408 274 954
1065 235 1346 276 CICERONIS

329 338 487 377 comitia
521 338 749 378 consularia
789 339 922 378 sutura
957 343 1093 378 erant:
1140 339 1284 377 timere
1321 350 1417 389 ergo
1449 350 1493 377 se
1528 350 1579 377 ne
1607 339 1786 378 Scaurus
1815 350 1862 377 ea
1889 339 2077 389 pecunia,

328 412 449 451 quam
479 400 530 440 ab
560 401 680 440 sociis
708 400 961 450 abstulisset,
992 406 1148 439 emeret
1177 400 1432 440 consulatum
1455 407 1507 450 et,
1538 401 1641 440 sicut
1659 406 1776 452 pater
1795 401 1881 439 eius
1900 401 2078 451 fecisset,

328 468 421 501 ante
451 475 572 514 quam
602 464 653 503 de
682 476 730 502 eo
758 463 927 503 iudicari
954 470 1118 515 posset,
1149 464 1428 515 magistratum
1456 464 1577 502 iniret
1603 477 1649 503 ac
1677 476 1820 503 rursus
1851 469 1944 503 ante
1982 463 2081 503 alias

326 527 557 577 provincias
608 526 802 578 spoliaret
849 539 971 577 quam
1024 527 1220 566 rationem
1266 527 1412 578 prioris
1462 526 1823 566 administrationis
1873 524 2082 564 redderet.

295 589 507 627 5Scaurus
546 602 744 629 summam
778 590 967 628 fiduciam
995 590 1035 628 in
1064 590 1221 640 paterni
1256 590 1430 628 nominis
1465 589 1684 640 dignitate,
1721 601 1910 639 magnam
1939 588 1979 626 in
2008 588 2082 627 Cn.

328 652 507 702 Pompeii
535 653 664 703 Magni
698 651 940 703 reponebat.
1000 652 1188 691 Habebat
1224 652 1329 690 enim
1364 651 1511 700 filium,
1549 650 1770 690 liberorum
1801 651 1873 690 Cn.
1905 650 2086 702 Pompeii

325 713 511 752 fratrem:
543 727 636 753 nam
656 715 846 764 Tertiam,
878 715 1100 754 Scaevolae
1132 715 1269 764 filiam,
1300 715 1508 754 dimissam
1538 727 1559 754 a
1589 715 1780 766 Pompeio
1806 715 1847 752 in
1874 714 2085 753 matrimo—

324 776 435 814 nium
464 775 650 816 duxerat.
704 778 753 815 M.
773 778 968 817 Catonem
995 783 1145 825 autem,
1176 778 1243 828 qui
1265 777 1306 815 id
1332 776 1541 826 iudicium,
1570 782 1614 815 ut
1632 776 1822 825 diximus,
1848 775 2084 825 exercebat,

324 838 535 878 metuebat
575 838 797 878 admodum
837 846 1006 891 propter
1043 840 1283 888 amicitiam,
1313 851 1419 890 quae
1457 844 1543 877 erat
1571 838 1627 876 illi
1663 851 1754 876 cum
1783 839 1953 877 Triario:
1991 850 2086 877 nam

274 908 308 938 40
322 899 515 939 Flaminia
543 902 683 940 Triarii
722 907 852 941 mater
881 908 921 940 et
948 903 1036 953 ipse
1065 902 1243 940 Triarius
1278 914 1459 940 sororem
1501 901 1666 940 Catonis
1709 900 1942 950 Serviliam,
1978 912 2085 952 quae

321 968 452 1001 mater
477 965 524 1002 M.
557 964 669 1002 Bruti
695 964 780 1013 suit,
808 963 1057 1003 familiariter
1084 963 1303 1014 diligebat:
1342 976 1389 1003 ea
1415 976 1536 1014 porro
1564 962 1674 1014 apud
1705 963 1901 1002 Catonem
1929 968 2086 1002 mater—

321 1037 414 1064 nam
443 1025 655 1065 obtinebat
687 1028 983 1066 auctoritatem.
1053 1026 1135 1065 Sed
1162 1028 1202 1064 in
1230 1039 1277 1065 eo
1304 1026 1452 1065 iudicio
1485 1038 1619 1077 neque
1649 1025 1864 1075 Pompeius
1898 1037 2083 1076 propen-

322 1101 412 1128 sum
440 1087 684 1128 adiutorium
712 1089 902 1140 praebuit
925 1112 972 1117 —
997 1088 1213 1128 videbatur
1241 1090 1346 1127 enim
1377 1088 1486 1139 apud
1515 1089 1693 1127 animum
1723 1087 1810 1125 eius
1839 1099 1920 1125 non
1950 1087 2084 1126 minus

322 1151 556 1190 oflensionis
585 1152 854 1200 contraxisse,
887 1151 998 1202 quod
1024 1151 1218 1190 iudicium
1247 1153 1334 1190 eius
1354 1152 1394 1190 in
1413 1151 1582 1189 Muciam
1613 1150 1779 1189 crimine
1808 1148 2086 1201 impudicitiae

274 1213 373 1252 1531)
405 1226 452 1252 eo
482 1214 690 1253 dimissam
727 1214 858 1253 levius
894 1215 1040 1253 secisse
1087 1215 1408 1264 existimaretur,
1459 1226 1549 1252 cum
1588 1226 1677 1252 eam
1726 1213 1815 1264 ipse
1849 1212 2085 1263 probasset,

323 1288 445 1327 quam
475 1278 627 1327 gratiae
657 1278 885 1329 acquisisse
913 1277 1230 1316 necessitudinis
1258 1278 1360 1320 iure,
1393 1275 1503 1328 quod
1531 1289 1581 1314 ex
1601 1275 1746 1314 eadem
1775 1280 1949 1326 uterque
1978 1274 2085 1313 libe—

322 1352 389 1378 ros
417 1339 590 1378 haberet
618 1362 663 1367 —-
691 1352 828 1391 neque
855 1341 953 1379 Cato
984 1340 1034 1379 ab
1064 1340 1268 1390 aequitate
1299 1352 1368 1388 ea,
1402 1351 1508 1389 quae
1538 1344 1578 1377 et
1609 1339 1732 1376 vitam
1770 1338 1857 1376 eius
1887 1343 1926 1376 et
1956 1338 2087 1388 magi-

323 1408 492 1441 stratum
533 1401 646 1440 illum
688 1401 887 1451 decebat,
931 1414 1137 1453 quoquam
1180 1401 1347 1440 deflexit
1427 1403 1522 1440 Post
1562 1400 1670 1439 diem
1707 1406 1843 1439 autem
1885 1406 2085 1451 quartam,

324 1477 445 1515 quam
481 1464 711 1516 postulatus
747 1470 834 1503 erat
861 1465 1061 1514 Scaurus,
1091 1466 1265 1503 Faustus
1299 1464 1411 1503 Sulla
1438 1470 1522 1502 tum
1558 1469 1765 1514 quaestor,
1804 1463 1910 1501 filius
1951 1461 2088 1501 Sullae

273 1527 481 1575 ‘20Felicis‚
512 1527 634 1566 frater
662 1539 712 1565 ex
743 1526 886 1565 eadem
916 1533 1044 1566 matre
1073 1527 1214 1566 Scauri
1237 1556 1407 1565 ......
1430 1538 1574 1564 servus
1603 1526 1690 1564 eius
1719 1525 1959 1564 vulneratus
1987 1538 2086 1576 pro-

324 1590 432 1629 siluit
460 1603 510 1629 ex
539 1590 694 1628 lecticis
714 1595 753 1628 et
773 1596 945 1640 questus
974 1596 1050 1639 est,
1081 1603 1154 1641 pro
1181 1590 1426 1641 interempto
1457 1601 1549 1628 esse
1578 1588 1915 1640 competitoribus
1942 1588 2087 1626 Scauri

324 1658 365 1691 et
391 1652 602 1693 ambulare
631 1659 734 1695 [cum
771 1653 965 1691 trecentis
1002 1653 1193 1703 armatis,
1224 1665 1376 1704 seque,
1414 1653 1446 1691 si
1475 1664 1649 1691 necesse
1678 1656 1812 1701 esset,
1843 1651 1922 1689 vim
1951 1651 1988 1690 vi
2016 1662 2086 1689 re-

323 1717 552 1768 pulsurum.

422 1778 703 1818 Defenderunt
731 1780 930 1819 Scaurum
960 1791 1033 1819 sex
1061 1779 1244 1831 patroni,
1274 1792 1364 1818 eum
1393 1778 1445 1818 ad
1470 1777 1511 1816 id
1537 1784 1700 1829 tempus
1740 1789 1831 1816 raro
1869 1776 2087 1827 quisquam

275 1858 311 1886 95
325 1841 511 1894 pluribus
540 1855 662 1893 quam
691 1849 883 1893 quattuor
920 1850 1117 1892 uteretur,
1147 1855 1193 1881 ac
1222 1848 1316 1893 post
1343 1841 1449 1880 bella
1491 1840 1619 1879 civilia
1657 1845 1749 1878 ante
1784 1839 1917 1889 legem
1948 1838 2088 1877 Iuliam

326 1904 377 1944 ad
405 1904 618 1944 duodenos
655 1912 849 1956 patronos
879 1912 941 1945 est
967 1912 1225 1958 perventum.
1279 1906 1459 1943 Fuerunt
1481 1910 1616 1942 autem
1649 1903 1686 1941 hi
1717 1914 1813 1940 sex:
1847 1903 1888 1941 P.
1919 1900 2087 1941 Clodius

327 1967 510 2017 Pulcher,
539 1969 588 2006 M.
617 1969 846 2017 Marcellus,
876 1971 923 2007 M.
957 1969 1153 2017 Calidius,
1183 1970 1230 2007 M.
1263 1968 1420 2017 Cicero,
1450 1969 1495 2006 M.
1528 1965 1715 2005 Messalla
1743 1966 1878 2015 Niger,
1908 1966 1956 2012 Q.
1981 1965 2087 2002 Hor-

327 2031 497 2068 tensius.
552 2031 643 2081 Ipse
675 2044 839 2082 quoque
870 2032 1049 2071 Scaurus
1079 2031 1179 2069 dixit
1204 2044 1276 2081 pro
1307 2043 1351 2068 se
1381 2042 1427 2069 ac
1456 2041 1602 2079 magno
1634 2040 1758 2079 opere
1772 2027 1935 2075 iudices
1965 2026 2090 2065 movit

329 2098 369 2131 et
398 2092 588 2144 squalore
618 2098 657 2131 et
684 2093 860 2132 lacrimis
889 2100 929 2132 et
951 2093 1169 2132 aedilitatis
1197 2093 1350 2131 eflusae
1374 2092 1569 2130 memoria
1598 2103 1644 2130 ac
1671 2091 1807 2129 favore
1835 2088 2090 2141 populariae

276 2168 313 2197 30
328 2156 549 2207 praecipue
576 2161 772 2207 paternae
800 2157 1050 2195 auctoritatis
1079 2154 1376 2194 recordatione.

427 2269 454 2308 Ι.
501 2269 534 2307 1.
564 2281 599 2307 a.
630 2269 800 2307 Maxime
829 2268 900 2306 luit
928 2267 1151 2319 optandum
1179 2269 1226 2306 M.
1254 2269 1422 2313 Scauro,
1451 2265 1623 2314 iudices,
1654 2270 1710 2310 ut,
1755 2263 1864 2303 nullo
1895 2268 2089 2313 suscepto

330 2332 571 2382 cuiusquam
601 2331 716 2376 odio,
757 2332 843 2369 sine
873 2331 1096 2369 offensione
1126 2343 1172 2369 ac
1201 2331 1383 2369 molestia
1459 2332 1478 2351 *
1505 2329 1700 2367 retineret
1736 2326 1797 2376 (id
1826 2325 1936 2377 quod
1964 2337 2089 2377 prae-

331 2395 448 2445 cipue
478 2406 642 2445 semper
670 2394 843 2443 studuit)
873 2395 1051 2445 generis,
1074 2393 1261 2442 familiae,
1289 2393 1463 2431 nominis
1492 2391 1741 2442 dignitatem.
1803 2387 2086 2443 [Verumtameu‚

331 2461 504 2504 quoniam
544 2461 597 2494 ita
637 2460 718 2494 tuuc
756 2470 859 2494 casus
901 2461 1072 2503 infestus,
1118 2470 1190 2493 uon
1217 2458 1455 2493 recusandum
1493 2457 1563 2490 sibi
1600 2456 1817 2493 arbitratur,
1861 2463 1930 2498 quo
1971 2454 2090 2487 miuus

281 2530 318 2559 35
332 2523 453 2558 eadem
480 2524 629 2566 fortuna
657 2527 792 2562 utatur,
824 2533 896 2567 qua
921 2526 1036 2566 paler,
1078 2522 1140 2566 qui
1168 2530 1421 2565 saepenumero
1455 2519 1499 2553 ab
1532 2519 1688 2552 inimicis
1725 2517 1772 2551 ad
1799 2527 1928 2551 causae
1961 2516 2091 2551 diceio-

331 2597 409 2621 nem
445 2591 590 2621 vocatus
626 2584 704 2632 esc.]
773 2583 1064 2633 (Augustini
1102 2582 1231 2620 Princ.
1273 2581 1374 2619 rhet.
1409 2593 1447 2631 p.
1479 2580 1564 2618 328.
1599 2579 1728 2629 Capp.
1792 2576 2090 2616 Arusianus

332 2648 548 2686 Messius
576 2660 616 2698 p.
645 2646 730 2685 260.
762 2645 890 2695 Lind.)

436 2710 467 2747 1.
511 2709 553 2747 b.
586 2707 789 2762 [Suuunum
815 2715 959 2745 nostrae
987 2711 1144 2745 civitatis
1172 2710 1291 2744 virum
1319 2709 1450 2742 scimus
1478 2711 1683 2742 accusatum
1713 2716 1735 2739 a
1763 2703 1815 2740 Μ.
1846 2703 1972 2738 Bruto.
2015 2703 2090 2739 Ea:-

333 2778 427 2808 staut
465 2775 665 2814 orationes,
705 2784 749 2808 ea:
785 2773 913 2817 quibus
949 2773 1103 2817 intelliqi
1138 2776 1250 2817 polest
1285 2771 1399 2805 mulla
1436 2771 1474 2804 in
1511 2770 1611 2804 illum
1652 2770 1769 2813 ipsum
1809 2765 1987 2801 Scaurum
2021 2778 2091 2802 esse

282 2838 444 2871 4οι1ῑεια.
479 2857 523 2861 ——
558 2837 677 2872 Falso.
711 2857 754 2861 ——
788 2836 877 2879 Que's
903 2838 1037 2881 ueyat?
1069 2840 1311 2869 verumtamen
1340 2834 1385 2868 ab
1416 2834 1562 2867 inimico
1591 2833 1687 2866 dicta
1715 2835 1746 2865 et
1772 2823 1938 2879 obiecta]

435 2896 566 2935 Subiit
605 2897 725 2935 etiam
764 2895 901 2948 populi
938 2894 1129 2934 iudicium
1167 2894 1399 2944 inquirente
1429 2893 1502 2931 Cn.
1533 2891 1719 2939 Domitio,
1751 2889 1911 2928 tribuno
1940 2887 2086 2940 plebis.

336 2959 633 3008 (Asconius.)

433 3020 467 3058 2.
512 3022 619 3058 Reus
653 3027 714 3059 est
744 3021 873 3059 sactus
904 3033 925 3058 a
953 3021 999 3067 Q.
1031 3017 1200 3058 Sem-ilio
1231 3018 1436 3068 Caepione
1469 3016 1559 3067 lege
1592 3014 1780 3062 Servilia,
1822 3026 1913 3052 cum
1941 3012 2088 3051 iudicia

336 3094 463 3134 penes
505 3089 738 3133 equestrem
779 3082 963 3120 ordinem
1005 3086 1144 3119 essent
1172 3086 1211 3118 et
1240 3081 1280 3117 P.
1312 3079 1455 3118 Rutilio
1485 3078 1674 3117 damnato
1712 3088 1830 3115 nemo
1860 3081 1939 3114 tam
1968 3075 2088 3112 inno—

286 3150 322 3180 45
338 3157 434 3184 cens
465 3143 683 3193 videretur,
714 3151 756 3183 ut
785 3158 865 3183 non
895 3145 1055 3183 timeret
1084 3143 1162 3181 illa.
1220 3142 1406 3191 (Idem.)

438 3209 472 3245 3.
516 3207 576 3245 Ab
619 3207 761 3245 eodem
806 3209 924 3246 etiam
966 3207 1054 3258 lege
1089 3206 1205 3244 Varia
1249 3211 1386 3243 custos
1422 3204 1488 3242 ille
1522 3204 1579 3242 rei
1620 3200 1809 3253 publicae
1849 3198 2089 3250 proditionis

340 3276 402 3309 est
430 3270 470 3308 in
499 3269 652 3308 crimen
681 3274 869 3308 vocatus:
914 3275 1084 3308 vexatus
1113 3281 1136 3307 a
1164 3268 1210 3315 Q.
1242 3267 1359 3306 Vario
1398 3266 1558 3305 tribuno
1592 3263 1726 3316 plebis
1763 3267 1825 3301 est
1852 3273 1932 3300 non
1964 3259 2089 3299 multo

340 3338 447 3371 ante.
504 3330 694 3379 (Idem.)
