2249 3624
907 252 1248 296 FRAGMENTA.
1874 251 1955 292 949

202 364 409 401 austerum
445 363 485 397 et
516 362 595 396 tam
633 356 915 395 vehementem
957 357 1217 406 magistrum,
1255 368 1330 407 per
1362 367 1484 406 quein
1524 356 1753 394 hominibus
1790 357 1953 395 maiori-

201 423 278 462 bus
313 426 408 460 natu
446 431 497 458 ne
537 420 578 457 in
613 420 698 457 suis
737 419 903 469 quidem
943 418 1121 469 praediis
1171 419 1322 470 inpune
1368 424 1471 467 tum,
1519 431 1609 456 cum
1658 421 1807 457 Romae
1854 419 1946 457 nihil

201 485 349 535 agitur,
385 482 505 521 liceat
541 493 634 520 esse
671 480 977 533 valetudinique
1020 482 1186 519 sci-vire.
1256 482 1543 520 Verumtamen
1583 483 1730 520 ceteris
1765 487 1774 502 ’
1810 488 1824 502 ’“
1856 487 1869 503 ⁸
1903 483 1954 520 sit

198 549 408 598 ignoscere
435 546 455 567 ³*
479 545 499 567 ³*
523 556 619 583 vero
646 545 664 565 ²⁸
692 544 711 565 ὅ*
740 544 780 582 in
808 543 874 582 illo
903 543 990 582 loco
1020 543 1128 582 nullo
1157 544 1290 583 modo.
1363 544 1467 591 Quid
1497 544 1660 593 homini,
1702 545 1844 595 inquit,
1874 546 1953 583 Ar—

198 609 323 661 pinati
366 620 455 647 cum
495 608 621 656 Baiis,
664 608 812 657 agresti
852 620 898 647 ac
938 608 1120 646 rustico?
1191 609 1225 645 3.
1269 610 1356 654 Quo
1392 607 1480 646 loco
1517 608 1571 646 ita
1607 609 1677 646 suit
1712 620 1879 656 caccus,
1913 613 1984 647 ut5

199 670 312 711 facile
345 675 563 722 appareret
589 669 739 708 vidisse
771 682 863 708 eum
891 669 1000 721 quod
1031 670 1089 708 l'as
1118 682 1197 708 non
1226 671 1386 709 suisset:
1444 671 1479 708 4.
1522 671 1603 708 Nee
1638 671 1743 708 enirn
1774 672 1955 722 respexit

198 733 307 773 illum
339 733 472 784 ipsum
509 738 723 784 patronum
760 732 938 771 libidinis
974 745 1073 771 suae
1108 745 1188 772 non
1224 732 1343 771 modo
1380 736 1489 784 apud
1524 734 1639 772 Baias
1669 746 1781 781 esse,
1811 745 1953 770 verum

199 808 268 835 eas
309 796 420 846 ipsas
459 807 587 846 aquas
627 794 800 845 habere,
845 807 950 846 quae
980 800 1100 845 gustu
1137 801 1271 834 tamen
1307 796 1511 847 Arpinatis
1540 796 1719 835 fuissent.
1778 795 1859 834 Sed
1892 795 1953 832 vi-

199 858 291 898 dete
319 857 579 897 metuendam
608 858 756 896 inimici
786 863 826 897 et
854 858 978 896 hostis
1007 857 1130 896 bilem
1165 864 1204 897 ct
1242 858 1465 897 licentiam!
1535 859 1570 897 Is
1608 870 1671 896 me
1709 858 1809 896 dixit
1835 858 1952 896 aedi-

198 922 333 970 ficare,
363 920 431 959 ubi
460 920 555 958 nihil
584 920 730 970 habeo,
760 920 815 959 ibi
844 921 989 970 fuisse,
1021 933 1075 971 qu
1095 922 1111 942 ἦ
1131 921 1147 943 '³²
1169 922 1275 959 enim
1304 934 1383 959 non
1404 922 1422 942 ²⁸³
1443 922 1459 942 ³*
1479 922 1495 943 *²
1518 927 1725 972 patentem
1753 920 1952 958 adversa-
1970 929 2003 957 10

198 984 321 1032 rium,
351 983 417 1034 qui
445 981 486 1021 id
514 982 682 1032 obiciat,
721 982 831 1034 quod
860 982 924 1021 vel
952 983 1122 1022 honeste
1156 984 1339 1021 confiteri
1368 982 1432 1022 vel
1460 984 1671 1022 manifesto
1705 982 1953 1032 redarguere

198 1046 360 1098 possis‘?

297 1121 342 1161 V.
386 1122 420 1161 1.
450 1121 549 1160 Nam
572 1120 746 1159 rusticos
776 1120 811 1159 ei
839 1132 912 1159 nos
934 1119 1061 1158 videri
1090 1120 1223 1158 minus
1252 1125 1315 1159 est
1341 1120 1586 1169 mirandum,
1617 1121 1685 1171 qui
1713 1121 1953 1159 manicatam

198 1184 374 1223 tunicam
403 1189 443 1222 et
469 1184 627 1222 mitram
657 1189 696 1222 et
722 1195 954 1234 purpureas
992 1183 1138 1221 fascias
1171 1182 1324 1221 habere
1361 1195 1441 1221 non
1477 1196 1710 1234 possumus.
1767 1185 1825 1222 Tu
1858 1196 1953 1221 vero

198 1246 379 1296 festivus,
412 1252 453 1285 tu
473 1245 653 1296 elegans,
684 1251 727 1285 tu
747 1245 858 1284 solus
880 1245 1084 1294 urbanus;
1116 1257 1238 1295 quem
1259 1244 1378 1283 decet
1398 1245 1607 1284 muliebris
1628 1252 1808 1295 ornatus,
1831 1257 1955 1296 quem
1970 1254 2004 1282 15

198 1309 384 1348 incessus
411 1307 630 1360 psaltriae,
661 1308 728 1359 qui
757 1308 990 1346 effeminare
1020 1307 1193 1356 vultum,
1235 1313 1446 1346 attenuare
1476 1321 1639 1357 vocem,
1668 1307 1830 1347 laevare
1860 1321 1954 1346 cor-

199 1384 275 1424 pus
300 1376 433 1423 potes.
489 1371 521 1410 O
543 1370 748 1421 singulare
768 1371 996 1422 prodigium
1019 1376 1141 1421 atque
1171 1371 1415 1409 monstrum!
1447 1384 1582 1410 nonne
1604 1376 1642 1410 te
1663 1371 1780 1409 huius
1799 1370 1952 1422 templi,

199 1446 277 1474 non
318 1434 451 1484 urbis,
493 1445 574 1472 non
614 1434 743 1483 vitae,
789 1446 869 1472 non
910 1433 1011 1472 lucis
1051 1432 1207 1484 pudet?
1269 1435 1304 1472 2.
1344 1434 1425 1483 Tu,
1457 1435 1525 1484 qui
1564 1432 1730 1471 indutus
1768 1433 1954 1472 muliebri

199 1502 312 1536 veste
340 1497 476 1546 fueris,
505 1496 662 1535 virilem
684 1509 824 1536 vocem
852 1496 979 1535 audes
1006 1497 1205 1545 emittere,
1237 1497 1351 1535 cuius
1378 1496 1651 1548 importunam
1679 1496 1887 1534 libidinem
1916 1501 1956 1534 et

200 1566 384 1612 stuprum
421 1572 512 1599 cum
553 1559 711 1599 scelere
746 1561 1006 1599 coniunctum
1040 1572 1090 1598 ne
1126 1558 1379 1599 subornandi
1419 1558 1585 1610 quidem
1621 1572 1730 1597 mora
1768 1557 1954 1597 retarda-
1969 1567 2005 1595 ‘20

199 1624 284 1662 vit‘?
337 1626 371 1663 3.
402 1624 529 1673 Tune,
560 1635 650 1662 cum
679 1624 930 1662 vincirentur
956 1623 1087 1674 pedes
1116 1623 1264 1671 fasciis,
1300 1635 1390 1661 cum
1419 1623 1614 1661 calantica
1643 1623 1762 1673 capiti
1791 1634 1956 1661 accom—

200 1685 447 1733 modaretur,
478 1699 568 1726 cum
597 1687 663 1725 vix
692 1687 934 1726 manicatam
973 1687 1150 1725 tunicam
1178 1686 1217 1724 in
1245 1685 1420 1725 lacertos
1452 1685 1690 1735 induceres,
1729 1698 1818 1723 eum
1848 1690 1956 1722 stro-

201 1749 294 1801 phio
324 1756 513 1789 accurate
541 1750 871 1801 praecingeret-e,
901 1750 940 1788 in
963 1756 1043 1788 tam
1070 1749 1187 1800 longo
1209 1750 1337 1800 spatio
1358 1762 1581 1800 numquam
1602 1755 1640 1787 te
1660 1749 1778 1800 Appii
1799 1747 1957 1787 Claudii

201 1817 392 1864 nepotem
421 1824 513 1851 esse
541 1813 781 1852 recordatus
801 1813 873 1851 es'?
925 1814 1082 1862 Nonne,
1104 1814 1224 1852 etiam
1246 1813 1278 1850 si
1299 1825 1459 1851 omnem
1487 1818 1666 1851 mentem
1687 1811 1809 1850 libido
1835 1823 1955 1850 aver-

201 1880 319 1924 terat,
350 1880 485 1914 tamen
513 1887 562 1913 ex
590 1876 609 1897 ᾖ
627 1875 647 1897 *
1970 1887 2006 1916 25

302 1939 340 1977 4.
383 1937 480 1987 Sed,
502 1936 640 1988 credo,
666 1943 884 1990 postquam
905 1937 1118 1989 speculum
1139 1937 1209 1977 tibi
1233 1936 1412 1977 adlatum
1433 1942 1508 1987 est,
1538 1936 1657 1988 longe
1677 1943 1716 1976 te
1736 1949 1757 1976 a
1777 1936 1956 1988 pulchris

203 2002 352 2042 abesse
381 2001 558 2040 sensisti.

301 2065 338 2103 5.
381 2064 504 2110 Quasi
533 2076 629 2102 vero
659 2076 733 2115 ego
762 2063 813 2102 de
842 2064 941 2103 facie
969 2068 1052 2113 tua,
1082 2064 1284 2112 catamite,
1315 2063 1498 2102 dixerim.

301 2151 365 2190 VI.
410 2152 443 2190 1.
473 2151 524 2189 At
551 2162 656 2201 sum,
685 2150 828 2202 inquit,
859 2150 1086 2189 absolutus.
1141 2152 1251 2190 Novo
1282 2150 1446 2201 quidem
1474 2150 1610 2189 hercle
1640 2162 1765 2200 more,
1798 2150 1860 2188 cui
1888 2150 1956 2188 uni

203 2212 389 2253 absoluto
417 2212 509 2252 lites
537 2213 774 2252 aestimatae
803 2218 911 2252 sunt.
940 2213 960 2234 ἦε
978 2213 997 2235 ³¹<
1970 2225 2006 2255 30

301 2276 337 2314 2.
379 2275 503 2322 Quasi
540 2287 613 2325 ego
648 2287 729 2314 non
767 2281 982 2314 contentus
1022 2276 1115 2323 sim,
1157 2275 1267 2326 quod
1304 2275 1398 2313 mihi
1438 2276 1619 2326 quinque
1655 2279 1694 2313 et
1720 2287 1774 2313 xx
1801 2272 1956 2313 iudices

204 2337 480 2377 crediderunt.
537 2338 613 2385 Qui
642 2344 881 2389 sequestres
910 2339 985 2377 abs
1014 2344 1053 2377 te
1080 2338 1308 2389 locupletes
1337 2339 1572 2389 acceperint
1599 2346 1662 2376 cet.

303 2402 338 2439 3.
381 2401 602 2440 Divortium
629 2402 830 2453 pontificis
859 2402 1036 2441 maximi.

301 2489 379 2528 VII.
426 2492 458 2527 l.
487 2488 699 2538 Integritas
727 2494 796 2528 tua
823 2494 862 2528 te
890 2491 1092 2541 purgavit,
1123 2489 1216 2528 mihi
1240 2488 1377 2537 crede,
1406 2489 1539 2539 pudor
1567 2488 1727 2538 eripuit,
1757 2487 1835 2526 vita
1864 2491 1957 2526 ante

204 2556 292 2590 acta
320 2551 509 2590 servavit.
565 2552 763 2597 Quattuor
789 2551 860 2590 tibi
889 2553 1113 2591 sententias
1148 2551 1256 2591 solas
1284 2551 1335 2591 ad
1364 2551 1584 2602 perniciem
1614 2549 1806 2589 defuisse.
1971 2556 2008 2585 35

299 2613 335 2653 2.
378 2614 478 2652 Nam
505 2614 547 2652 L.
582 2613 747 2664 quidem
777 2614 907 2653 Cotta.

303 2677 338 2715 3.
383 2676 430 2715 Ut
456 2676 626 2726 posthac
653 2674 743 2726 lege
770 2676 934 2716 Aurelia
962 2676 1085 2716 iudex
1114 2689 1206 2715 esse
1235 2689 1315 2715 non
1342 2676 1484 2727 possit.

289 2827 321 2858 4.
352 2835 413 2866 per
437 2836 564 2866 quem-
581 2828 736 2859 -servire
759 2828 866 2859 habet
889 2829 993 2859 etiam
1021 2830 1058 2866 A,
1086 2831 1250 2861 omittens
1275 2837 1307 2862 v,
1334 2828 1462 2867 inpune.
1499 2845 1533 2849 —
1567 2827 1596 2858 3.
1626 2827 1660 2857 In
1687 2825 1817 2857 lacunis
1841 2826 1958 2866 perie-

204 2877 283 2907 runt
307 2878 471 2916 quattuor
494 2878 634 2909 circiter
656 2877 840 2910 vocabula.
889 2879 960 2910 lam
986 2878 1094 2910 verba
1117 2880 1159 2910 sit,
1181 2881 1347 2919 ignoscere
1366 2885 1444 2908 vero
1469 2875 1574 2907 habet
1600 2876 1741 2916 quidem
1767 2874 1807 2906 cl.
1826 2877 1958 2915 Peyro-

205 2925 282 2955 nius
307 2934 339 2966 p.
366 2925 405 2956 65
430 2927 462 2957 in
487 2928 672 2967 grandiore
697 2929 889 2968 scriptura,
927 2937 1048 2960 verum
1075 2928 1199 2960 eadem
1233 2930 1371 2959 incaute
1402 2927 1515 2957 omisit
1540 2927 1571 2957 in
1598 2926 1731 2957 minore
1757 2934 1788 2965 p.
1818 2927 1891 2957 ¹115.
1920 2942 1954 2947 —

205 2974 234 3005 5.
273 2975 320 3005 ita
353 2975 457 3014 fuit-
478 2993 496 2999 -
518 2986 583 3008 non
616 2978 730 3016 fuisset
766 2977 872 3008 babet
907 2978 1011 3009 etiam
1044 2981 1081 3010 A.
1119 2996 1151 3000 —
1186 2979 1215 3009 7.
1252 2978 1344 3008 illum
1368 2977 1389 3007 i.
1414 2979 1503 3015 patr.
1530 2975 1583 3006 lib.
1610 2984 1689 3006 suae
1726 2974 1831 3006 habet
1853 2977 1890 3006 A.
1919 2992 1953 2996 —

207 3024 258 3055 ⁴0.
291 3026 472 3057 Perierunt
496 3026 527 3057 in
552 3025 684 3058 lacunis
709 3028 763 3057 vix
793 3027 856 3057 tria
881 3027 1061 3058 vocabula.
1091 3045 1123 3049 —
1153 3029 1205 3059 43.
1237 3029 1322 3059 Nam
1346 3027 1516 3056 rusticos-
1532 3043 1549 3048 -
1567 3027 1713 3056 [unicam
1737 3025 1842 3056 habet
1859 3027 1897 3056 A.
1919 3042 1953 3046 —

208 3072 262 3105 44.
294 3074 339 3105 Tu
360 3084 437 3106 vero
454 3080 602 3116 -—p0tes
625 3077 777 3108 servavit
802 3077 907 3108 etiam
934 3077 1100 3108 Rufinian.
1129 3078 1166 3108 de
1188 3078 1258 3117 Fiy.
1285 3079 1362 3107 sent.
1393 3076 1421 3106 4.
1448 3084 1480 3115 p.
1509 3074 1581 3106 490.
1610 3075 1742 3106 Ruhnk.
1771 3078 1804 3107 et
1828 3075 1957 3106 Nonius

208 3122 241 3154 in
264 3131 297 3154 v.
323 3124 494 3165 elegantes.
529 3142 563 3147 —
600 3126 650 3156 ⁴6.
684 3127 847 3157 incaessus
871 3126 970 3157 Taur.
1008 3143 1042 3147 ——
1071 3127 1121 3158 47.
1155 3130 1253 3165 atque
1285 3125 1491 3164 Madvigius:
1526 3125 1588 3154 ado
1621 3125 1721 3155 Taur.
1751 3142 1784 3146 —
1814 3126 1863 3155 siO.
1901 3123 1957 3161 qui

207 3173 338 3205 indutus
359 3184 389 3205 υ.
414 3175 492 3206 mul.
517 3176 620 3215 fueris
642 3178 677 3207 et
700 3176 827 3207 deinde
851 3185 924 3206 cum
948 3176 1113 3207 calantica
1137 3177 1236 3215 capiti
1259 3175 1564 3206 accommodaretur
1587 3173 1694 3204 habet
1725 3175 1827 3205 etiam
1853 3175 1889 3204 A.
1919 3189 1953 3194 —

207 3222 261 3254 2⁴.
292 3223 458 3256 caluatica
481 3225 582 3256 Taur.
618 3243 652 3248 -—
686 3226 738 3257 26.
775 3225 886 3257 Habet
909 3226 997 3256 haec
1023 3226 1126 3257 etiam
1151 3226 1280 3257 Nonius
1306 3234 1336 3255 v.
1363 3225 1468 3265 louqe,
1494 3225 1527 3255 et
1551 3224 1725 3263 speculum.
1759 3240 1793 3245 —
1819 3222 1871 3253 28.
1906 3222 1956 3252 ln-

209 3273 345 3304 certum
368 3273 434 3305 hoc
459 3274 529 3306 Cic.
556 3274 790 3314 fragmentum
815 3284 833 3307 e
859 3275 1039 3307 Rufiniano
1064 3284 1098 3317 p.
1122 3276 1182 3307 497
1208 3275 1341 3306 Ruhnk.
1368 3274 1436 3306 huc
1460 3273 1577 3306 retulit
1600 3275 1755 3306 Beierus.
1803 3272 1887 3304 Vide
1912 3279 1955 3302 ne

208 3321 322 3363 potius
345 3322 389 3354 sit
411 3331 431 3355 e
454 3323 688 3356 Fundaniana.
