2249 3624
294 158 375 199 ⁶252
732 159 1156 199 TUSCULANARUM
1187 159 1618 200 DISPUTATIONUM

293 266 376 305 nim
417 266 449 306 si
493 266 722 311 orationes,
763 277 866 317 quas
907 278 983 304 nos
1023 265 1299 305 multitudinis
1339 265 1493 305 iudicio
1524 266 1692 318 probari
1725 266 1968 308 volebamus
1999 291 2052 296 —-

293 328 506 381 popularis
547 333 610 367 est
649 327 758 366 enim
794 327 865 366 iila
904 327 1080 366 facultas
1117 332 1158 367 et
1195 329 1363 368 effectus
1396 329 1665 382 eloquentiae
1702 334 1763 368 est
1793 329 2052 370 audientium

292 390 538 443 adprobatio
572 413 646 437 —‚
689 388 762 428 sed
802 390 835 428 si
874 389 1191 441 reperiebantur
1231 404 1315 430 non
1347 391 1450 430 nulli
1484 392 1556 444 qui
1588 391 1691 430 nihil
1724 391 1943 431 laudarent
1972 393 2052 432 nisi

293 452 405 506 quod
436 466 480 492 se
512 452 663 492 imitari
696 465 820 504 posse
853 449 1112 491 confiderent
1143 467 1353 506 quemque
1384 453 1579 506 sperandi
1612 453 1712 500 sihi,
1746 452 1923 493 eundem
1945 453 2052 493 bene

260 514 460 554 5dicendi
492 512 615 553 finem
646 518 948 566 proponerent,
981 518 1021 552 et
1052 528 1142 554 cum
1166 516 1442 555 obruerentur
1462 516 1583 568 copia
1607 517 1906 555 sententiarum
1929 522 2052 570 atque

291 577 531 624 verborum,
574 576 834 616 ieiunitatem
874 581 914 615 et
954 575 1104 616 famem
1143 591 1186 618 se
1227 579 1349 618 malle
1389 592 1511 632 quam
1555 578 1787 617 ubertatem
1819 583 1858 617 et
1889 579 2052 631 copiam

293 640 498 686 dicerent,
530 639 640 679 unde
673 644 759 678 erat
790 644 983 678 exortum
1014 653 1145 692 genus
1177 641 1407 682 Atticorum
1440 642 1489 681 iis
1522 642 1643 694 ipsis,
1682 641 1753 694 qui
1782 640 1824 679 id
1857 641 1977 694 sequi
2009 655 2052 681 se

292 701 613 754 profitebantur,
645 701 845 754 ignotum,
883 702 955 755 qui
986 702 1068 741 iam
1101 703 1389 744 conticuerunt
1419 718 1552 757 paene
1585 704 1634 744 ab
1666 704 1758 755 ipso
1789 702 1879 742 foro
1911 703 2053 742 inrisi:

293 763 392 816 quid
423 762 606 803 futurum
638 768 845 817 putamus,
877 777 972 803 cum
1004 764 1193 805 adiutore
1226 767 1395 819 populo,
1430 780 1513 820 quo
1545 767 1765 806 utebamur
1784 771 1918 811 antea,
1942 779 2053 805 nunc

244 835 277 864 40
293 826 461 866 minime
501 839 575 865 nos
616 826 674 865 uti
713 840 836 880 posse
867 827 1112 866 videamus?
1172 825 1208 867 4.
1242 829 1313 868 Est
1345 829 1455 868 enim
1488 827 1752 881 philosophia
1784 828 1926 880 paucis
1958 840 2056 867 con-

292 894 405 928 tenta
434 888 664 936 iudicibus,
696 889 1005 929 multitudinem
1028 890 1219 930 consulto
1249 891 1338 944 ipsa
1359 891 1528 943 fugiens
1552 891 1676 943 eique
1699 890 1776 943 ipsi
1801 895 1840 929 et
1862 895 2055 944 suspecta

292 955 332 990 et
356 950 504 997 invisa,
526 956 571 990 ut
592 951 658 990 vel
689 953 721 991 si
742 953 834 1005 quis
858 952 1093 992 universam
1118 952 1217 992 velit
1241 955 1489 1006 vituperare,
1522 952 1705 992 secundo
1736 953 1779 992 id
1811 953 1966 1006 populo
1997 952 2056 992 fa-

291 1026 384 1052 cere
417 1014 568 1066 possit,
600 1014 666 1053 vel
699 1015 732 1054 si
764 1016 806 1054 in
840 1028 949 1062 eam,
982 1028 1105 1069 quam
1139 1028 1213 1054 nos
1248 1016 1426 1055 maxime
1459 1016 1695 1068 sequimur,
1739 1021 1911 1055 conetur
1941 1016 2055 1055 inva-

290 1075 400 1123 dere,
423 1089 572 1128 magna
599 1076 751 1117 habere
778 1077 912 1131 possit
932 1078 1088 1117 auxilia
1109 1092 1134 1117 a
1155 1078 1413 1131 reliquorum
1432 1077 1781 1131 philosophorum
1808 1078 2054 1131 disciplinis.

240 1146 274 1174 «15
291 1139 338 1178 11.
381 1140 463 1178 Nos
503 1144 641 1178 autem
684 1140 903 1179 universae
945 1140 1239 1193 philosophiae
1281 1141 1632 1192 vituperatoribus
1678 1140 1971 1192 respondimus
2012 1141 2054 1179 in

291 1201 531 1248 Hortensio,
571 1215 646 1254 pro
684 1202 910 1243 Academia
949 1208 1083 1242 autem
1126 1216 1233 1256 quae
1275 1202 1448 1242 dicenda
1479 1207 1620 1241 essent
1660 1202 1757 1241 satis
1789 1208 1981 1243 accurate
2012 1203 2054 1241 in

289 1263 550 1303 Academicis
584 1270 783 1317 quattuor
813 1265 927 1305 libris
956 1264 1161 1317 explicata
1186 1264 1456 1311 arbitramur;
1489 1263 1561 1303 sed
1587 1268 1723 1303 tamen
1746 1268 1902 1304 tantum
1926 1265 2054 1312 abest,

290 1331 335 1365 ut
375 1326 498 1365 scribi
536 1332 679 1366 contra
719 1341 794 1367 nos
832 1328 1033 1374 nolimus,
1076 1334 1121 1366 ut
1159 1328 1199 1367 id
1241 1328 1363 1367 etiam
1405 1328 1583 1368 maxime
1622 1333 1826 1380 optemus.
1876 1328 1923 1366 In
1964 1328 2056 1380 ipsa

291 1389 399 1428 enim
433 1389 605 1429 Graecia
638 1390 905 1443 philosophia
939 1395 1051 1430 tanto
1083 1392 1123 1430 in
1155 1391 1316 1430 honore
1348 1404 1574 1444 numquam
1603 1390 1770 1437 fuisset,
1802 1390 1882 1429 nisi
1905 1389 2056 1429 doctis-

239 1458 274 1485 90
290 1452 487 1491 simorum
522 1453 863 1492 contentionibus
895 1452 1313 1507 dissensionibusque
1346 1453 1560 1505 viguisset.

401 1513 440 1553 5.
482 1514 615 1562 Quam
656 1514 706 1555 ob
744 1528 831 1554 rem
867 1514 1013 1554 hortor
1054 1516 1209 1563 omnis,
1248 1517 1318 1569 qui
1360 1517 1497 1556 facere
1538 1516 1578 1555 id
1621 1521 1815 1568 possunt,
1857 1521 1902 1555 ut
1931 1515 2055 1556 huius

290 1590 459 1630 quoque
501 1578 665 1630 generis
707 1577 873 1616 laudem
912 1577 995 1616 iam
1033 1577 1243 1630 languenti
1277 1579 1474 1618 Graeciae
1507 1580 1685 1632 eripiant
1716 1584 1756 1618 et
1785 1578 1983 1618 traferant
2012 1579 2056 1618 in

289 1639 397 1678 hanc
420 1640 584 1687 urbem,
617 1640 722 1679 sicut
743 1640 926 1693 reliquas
950 1640 1104 1686 omnis,
1139 1654 1245 1694 quae
1268 1642 1437 1694 quidem
1466 1648 1583 1681 erant
1611 1641 1885 1693 expetendae,
1917 1640 2056 1680 studio

288 1706 412 1754 atque
453 1702 660 1742 industria
700 1715 775 1741 sua
812 1703 991 1742 maiores
1023 1705 1154 1742 nostri
1186 1704 1503 1744 transtulerunt.
1557 1707 1693 1757 Atque
1725 1709 1933 1744 oratorum
1966 1703 2057 1756 qui-

237 1771 274 1799 25
290 1763 384 1803 dem
417 1764 504 1804 laus
536 1766 592 1804 ita
623 1764 747 1804 ducta
777 1765 827 1804 ab
866 1765 1013 1804 humili
1046 1766 1159 1804 venit
1191 1766 1239 1804 ad
1274 1780 1504 1814 summum,
1543 1772 1589 1806 ut
1620 1767 1722 1813 iam,
1766 1766 1877 1819 quod
1908 1772 2056 1806 natura

288 1826 368 1866 fert
398 1827 440 1866 in
473 1828 666 1867 omnibus
700 1828 786 1867 fere
818 1828 965 1874 rebus,
999 1834 1191 1867 senescat
1220 1828 1423 1883 brevique
1456 1836 1643 1882 tempore
1675 1829 1726 1868 ad
1757 1828 1933 1868 nihilum
1958 1840 2056 1867 ven-

288 1893 382 1928 tura
412 1889 622 1939 videatur,
664 1891 935 1945 philosophia
975 1897 1171 1930 nascatur
1200 1891 1359 1931 Latinis
1393 1892 1563 1945 quidem
1595 1891 1742 1930 litteris
1776 1904 1827 1930 ex
1857 1890 1921 1929 his
1954 1896 2056 1929 tem-

289 1952 456 2005 poribus
488 1966 667 2007 eamque
699 1968 774 1993 nos
806 1954 1077 2001 adiuvemus,
1111 1968 1274 2007 nosque
1308 1954 1423 2007 ipsos
1454 1954 1648 2006 redargui
1674 1953 1895 2006 refellique
1927 1953 2057 2006 patia-

375 2133 405 2164 7.
433 2136 567 2165 exortus
592 2129 669 2164 GR¹
698 2150 731 2155 —
758 2133 806 2164 his
831 2134 854 2165 C
883 2150 917 2155 -
947 2134 998 2165 40.
1026 2134 1082 2165 Est
1103 2134 1304 2173 philosophia
1323 2151 1371 2156 --
1388 2134 1460 2172 ipsa
1482 2134 1610 2174 fuyiens
1636 2133 1832 2164 Lactantius
1856 2133 1910 2169 111,
1938 2133 1990 2164 25
2020 2151 2054 2155 —

289 2182 339 2215 lli.
366 2192 387 2214 α
414 2182 620 2214 Lambinus:
649 2191 719 2214 om.
747 2184 771 2215 C
800 2201 833 2206 —
863 2184 914 2214 46.
942 2184 1199 2215 achademia-—
1216 2184 1434 2214 achademicis
1458 2184 1521 2214 GR
1551 2201 1584 2205 κ-
1613 2183 1664 2214 47.
1692 2186 1836 2223 quatuor
1860 2182 1895 2213 h.
1921 2181 1942 2213 l.
1970 2184 1995 2214 G
2020 2201 2054 2205 —

287 2234 340 2264 sed
364 2236 471 2264 lamen
489 2250 536 2255 —-
553 2236 708 2272 oplemus.
745 2234 819 2272 Ipsa
845 2234 930 2264 enim
948 2234 1089 2265 Graecia
1110 2233 1316 2272 philosophia
1340 2237 1468 2264 lantum
1492 2234 1525 2263 in
1549 2234 1668 2264 honore
1684 2250 1728 2255 -—
1745 2232 2059 2272 dissensionibusque

286 2284 446 2314 eret-isset.
481 2284 587 2322 Quam
611 2283 648 2314 ob
671 2292 741 2314 rem
758 2301 806 2306 --
822 2287 857 2314 ut
890 2285 957 2314 eius
982 2292 1110 2324 quoque
1126 2300 1172 2306 --
1191 2283 1428 2314 transtulerunt
1453 2284 1617 2314 Boethius
1643 2282 1686 2313 ad
1712 2283 1781 2313 Cic.
1810 2283 1893 2323 Top.
1921 2292 1954 2324 p.
1982 2283 2057 2323 37¹2,

287 2331 413 2363 311-38
439 2332 493 2363 ed.
520 2333 604 2364 Bait.
635 2350 669 2353 —
703 2333 754 2364 118.
783 2334 921 2364 nolimus
946 2343 985 2365 ex
1013 2333 1230 2364 correctione
1256 2334 1281 2363 R
1317 2350 1350 2355 —
1382 2333 1430 2363 22.
1457 2334 1595 2372 qraecia
1627 2334 1689 2364 GR
1718 2351 1752 2355 -—
1786 2333 1950 2372 trasei-ant
1974 2334 2061 2365 &Ve-

288 2380 457 2421 senberg:
491 2382 694 2421 transferant
718 2383 901 2416 Boethius:
929 2384 1123 2422 praeferant
1140 2384 1164 2414 G
1181 2384 1222 2419 R;
1255 2383 1426 2422 perferant
1452 2384 1474 2414 B
1491 2384 1527 2414 O.
1564 2384 1638 2414 «De
1665 2381 1837 2414 eiusmodi
1862 2382 1955 2414 sedis
1981 2391 2061 2414 mu-

287 2432 415 2463 tatione
441 2440 633 2471 numquam
659 2432 709 2463 sic
733 2432 860 2463 dicitur
878 2433 1045 2472 pei-serre,
1078 2442 1220 2473 semper
1250 2433 1452 2471 transferre,
1485 2434 1521 2463 ut
1547 2432 1648 2473 paulo
1673 2434 1751 2474 post
1776 2434 1810 2463 et
1834 2432 1888 2469 1V,
1916 2433 1928 2463 Ι1
1964 2433 2014 2472 (ΙΙ,
2041 2433 2060 2464 6

288 2481 466 2520 traducta).
495 2481 563 2520 Ego
587 2482 747 2521 suspicor
772 2482 980 2513 Ciceronem
1006 2483 1190 2522 scripsisse
1223 2483 1398 2522 musciani.
1433 2483 1463 2519 1,
1491 2484 1529 2513 Ι10
1556 2492 1595 2514 ex
1622 2484 1664 2520 R,
1699 2481 1772 2513 aliis
1798 2481 1962 2514 scribitur
1986 2486 2061 2513 lra-

287 2531 399 2561 veclio.
436 2531 528 2561 Fani.
556 2531 594 2568 V,
622 2532 673 2567 ΞΟ,
694 2531 712 2562 3
739 2540 778 2562 ex
805 2531 894 2562 Med.
922 2531 1151 2563 scribendum
1177 2534 1326 2572 Irasci-ri.
1366 2532 1412 2564 Cf.
1442 2532 1609 2565 lectiones
1639 2533 1751 2563 varias
1785 2540 1840 2572 ap.
1868 2532 2001 2563 Livium
2018 2532 2058 2571 V,

288 2580 347 2617 52,
374 2580 392 2611 8
424 2580 454 2610 in
487 2578 564 2610 loco
595 2580 803 2611 simillimo.»
829 2582 885 2612 W.
924 2599 957 2602 —
991 2582 1098 2622 erant]
1131 2586 1232 2613 essent
1256 2584 1348 2613 Bake
1374 2582 1394 2613 i.
1422 2581 1442 2614 l.
1471 2592 1503 2623 p.
1533 2583 1567 2613 81
1599 2581 1674 2614 coll.
1702 2584 1713 2613 Ι
1739 2582 1756 2621 g
1784 2582 1813 2611 l.
1842 2598 1876 2602 —
1907 2580 1959 2612 24.
1985 2591 2061 2612 ma—

290 2630 372 2660 iores
395 2630 428 2660 in
453 2638 571 2660 rasura
598 2630 704 2661 hahet
729 2631 754 2661 G
776 2649 809 2653 —
836 2631 986 2661 oratoria
1003 2631 1160 2672 Bentley.
1182 2649 1216 2654 —
1242 2633 1292 2663 26.
1312 2635 1454 2663 senescat
1479 2632 1572 2663 rebus
1590 2633 1613 2664 C
1635 2649 1668 2654 —-
1689 2632 1740 2662 ⁶27.
1764 2631 1865 2662 «Post
1880 2630 2059 2670 Wolfium,

289 2678 373 2710 alios
398 2679 594 2719 Tregderus
620 2689 760 2720 quoque
785 2681 834 2711 sic
860 2680 1030 2711 distinxit:
1064 2682 1228 2713 videatur.
1254 2683 1457 2722 Philosophia
1483 2684 1548 2713 cet.
1577 2683 1674 2722 quasi
1700 2683 1733 2713 in
1757 2685 1916 2714 nascatur
1932 2699 1980 2704 -—
1997 2682 2061 2712 acl-

289 2730 685 2769 iuvemus--patiamur
708 2729 870 2760 hortandi
896 2730 946 2760 vis
972 2731 1121 2766 inesset3
1156 2731 1249 2771 quod
1276 2740 1381 2771 quam
1408 2731 1601 2763 absurdum
1627 2732 1685 2769 sit,
1718 2732 1810 2764 bene
1836 2733 1940 2765 docet
1964 2730 2062 2762 Orel-

291 2778 354 2810 lius
381 2779 433 2819 (ad
460 2778 571 2810 Wolfii
598 2778 779 2810 Praelectt.
809 2788 841 2820 p.
866 2779 953 2818 371).
986 2781 1094 2820 Supra
1124 2781 1274 2819 [hortor
1298 2790 1422 2815 onmes,
1450 2782 1505 2820 qui
1523 2782 1602 2819 cet.)
1630 2782 1752 2814 Cicero
1778 2782 1862 2814 alios
1887 2783 2062 2813 Romanos

291 2830 468 2865 hortatur,
502 2833 539 2860 ut
569 2829 786 2870 philosophia
812 2838 953 2869 quoque
980 2838 1059 2860 cum
1086 2831 1227 2861 Graecis
1252 2834 1406 2862 certent:
1442 2832 1508 2862 hoc
1534 2831 1608 2862 loco
1635 2841 1748 2872 neque
1774 2842 1812 2865 se
1838 2841 1953 2872 neque
1978 2830 2062 2862 alios

293 2879 336 2910 ad
368 2879 553 2918 incipienda
585 2879 826 2919 philosophiae
860 2879 973 2911 studia
998 2879 1168 2916 hortatur,
1203 2880 1266 2911 sed
1292 2890 1373 2912 cum
1398 2880 1597 2921 eloquentia
1624 2883 1777 2914 Romana
1803 2884 1872 2914 iam
1896 2881 1940 2913 ad
1965 2890 2063 2913 sum-

293 2938 390 2960 mum
417 2929 584 2969 perducta
608 2933 793 2960 nascentem
824 2930 890 2960 iam
918 2928 971 2968 (cf.
998 2929 1015 2968 g
1042 2928 1060 2959 6
1085 2938 1152 2968 eos,
1181 2931 1236 2970 qui
1253 2932 1673 2971 --philosopliantur,
1707 2933 1813 2964 Acad.
1840 2934 1865 2971 I,
1890 2932 1921 2964 8.
1948 2931 1979 2962 9.
2007 2932 2059 2962 42.

293 2979 364 3010 Fin.
392 2979 415 3015 Ι,
442 2978 473 3009 8.
500 2979 535 3009 T.
564 2979 602 3009 D.
630 2979 684 3016 IV,
712 2980 741 3018 6)
768 2978 1025 3019 philosophiam
1051 2981 1231 3019 comparat
1255 2989 1405 3021 eamque
1431 2990 1468 3012 se
1494 2983 1565 3013 suis
1590 2981 1686 3014 libris
1711 2983 1875 3014 adiuvare
1901 2982 1956 3022 (cs.
1980 2981 2005 3019 Ι,
2030 2981 2060 3020 5)

293 3030 339 3059 ait
363 3037 471 3069 seque
497 3029 611 3069 ipsum
636 3029 799 3069 redargui
826 3029 893 3069 pati
919 3029 949 3069 (g
975 3028 993 3060 4
1018 3033 1144 3068 oplaie,
1171 3030 1272 3070 paulo
1298 3033 1376 3071 post
1397 3035 1556 3070 paralum
1580 3033 1668 3072 esse).
1695 3032 1984 3073 Distinguendum
2010 3032 2063 3063 est

292 3080 394 3119 igitur
419 3080 487 3109 sic:
516 3080 676 3117 videatur,
700 3080 903 3118 philosophia
930 3081 996 3110 cet.
1030 3080 1079 3110 De
1106 3079 1387 3119 frequentissima
1414 3082 1638 3118 attractione,
1666 3091 1746 3122 qua,
1774 3081 1867 3122 quod
1886 3090 1965 3112 cum
1991 3080 2062 3120 pri-

293 3129 401 3160 maria
434 3128 604 3159 sententia
636 3129 851 3168 iungendum
883 3132 976 3168 erat,
1009 3129 1239 3161 secundariae
1272 3131 1480 3170 annectitur,
1513 3131 1554 3162 cs.
1581 3132 1621 3169 V,
1648 3131 1687 3163 37
1713 3140 1816 3171 neque
1845 3134 1901 3162 est
1923 3131 2059 3168 ullum,

293 3179 379 3217 quod
402 3187 466 3209 non
491 3178 538 3208 ila
565 3180 671 3217 riycal
693 3196 742 3216 —,
770 3182 809 3210 ut
830 3180 976 3219 fundat
997 3198 1046 3219 -,
1073 3180 1286 3218 omniaque
1306 3197 1355 3218 -,
1379 3181 1523 3219 perfecta
1547 3182 1637 3212 sint.
1668 3182 1737 3213 Fin.
1757 3181 1812 3220 IV,
1832 3181 1884 3212 47.
1911 3180 2058 3212 Divinat.

294 3229 333 3266 ΙΙ,
360 3228 399 3260 33
425 3228 664 3268 (ostreisque
680 3245 725 3250 ——
744 3231 946 3270 conliiiyeie,
971 3233 1011 3260 ut
1028 3247 1074 3252 -—
1091 3233 1282 3261 crescant
1297 3246 1364 3269 -·,
1391 3230 1636 3269 arboresque
1659 3234 1701 3262 ul
1717 3230 1957 3271 --pulentur).
1989 3229 2057 3260 Fat.

294 3277 311 3318 ἓ
337 3278 412 3310 45.»
438 3278 492 3310 W.
519 3277 694 3319 (videatur.
720 3279 923 3319 Philosophia
946 3282 1099 3311 nascetur
1122 3279 1333 3319 Tischerus.)
1361 3297 1395 3302 —
1422 3279 1475 3321 ex]
1501 3283 1530 3312 el
1553 3280 1644 3312 Bake
1669 3279 1690 3312 l.
1716 3279 1737 3312 l.
1764 3289 1798 3323 p.
1824 3280 1877 3312 84.
