2249 3624
319 114 402 158 578
1097 116 1168 156 DE
1198 114 1340 156 FATO

487 221 702 263 Utinam
743 235 803 262 ne
844 223 893 262 in
935 234 1150 261 nemore
1193 220 1346 261 Pelio
1380 221 1662 261 securibus

489 285 670 325 Caesae
712 283 1050 325 accedissent
1086 283 1345 335 abiegnae
1387 282 1448 322 ad
1491 288 1692 324 terram
1735 285 1945 326 trabes}

317 347 455 388 Licuit
486 348 549 387 vel
587 347 710 386 altius
753 347 950 386 «Utinam
981 359 1033 384 ne
1065 345 1107 384 in
1140 345 1254 385 Pelio
1287 350 1384 385 nata
1414 345 1501 385 ulla
1532 359 1729 399 umquam
1763 353 1874 387 esset
1903 348 2087 398 arbori»,

317 410 441 450 etiam
480 423 606 462 supra
650 409 841 448 «Utinam
881 421 932 447 ne
973 413 1084 447 esset
1115 421 1236 446 mons
1267 407 1605 474 ullusfflpeliusl»
1652 409 1930 462 similiterque
1966 424 2088 465 supe-

282 474 425 513 5riora
455 477 713 525 repetentem
745 470 909 523 regredi
942 469 1104 509 infinite
1137 469 1246 509 licet.

483 538 623 576 Neve
665 535 790 574 inde
832 533 985 574 navis
1028 532 1321 572 inchoandi
1363 533 1637 574 exordium

488 598 750 651 Cepisset.

315 659 526 708 Quorsum
559 659 662 698 haec
694 657 952 711 praeterita?
1013 656 1122 705 Quia
1155 658 1343 711 sequitur
1374 657 1477 699 illud

482 722 600 761 Nam
634 733 896 773 numquam
930 733 1012 759 era
1044 732 1222 760 errans
1254 733 1359 760 mea
1393 720 1535 760 domo
1568 720 1797 761 ecferret
1827 722 2032 776 pedem,

263 795 299 824 »to
482 783 667 824 Medea
705 783 878 822 animo
917 795 1106 835 aegro,
1147 796 1327 823 amore
1368 796 1530 823 saevo
1572 784 1787 832 saucia,

312 861 415 894 non,
448 852 494 886 ut
525 859 598 886 eae
629 859 694 885 res
727 858 894 886 causam
926 845 1139 885 adferrent
1169 846 1335 886 amoris.

425 909 534 949 XVI.
565 907 633 948 36.
664 909 872 948 Interesse
904 914 1042 948 autem
1074 909 1203 955 aiunt,
1236 914 1375 947 utrum
1408 909 1499 948 eius
1524 909 1634 948 modi
1668 909 1768 962 quid
1793 910 1866 957 sit,
1889 911 1981 951 sine
2004 926 2087 965 quo

311 970 420 1014 effici
460 971 623 1025 aliquid
654 984 739 1010 non
772 971 923 1023 possit,
962 983 1014 1010 an
1047 971 1136 1010 eius
1164 971 1300 1018 modi,
1344 984 1436 1010 cum
1469 985 1553 1024 quo
1586 970 1695 1012 effici
1726 972 1885 1026 aliquid
1917 987 2088 1015 necesse

311 1037 376 1076 sit.
423 1034 544 1075 Nulla
576 1034 702 1086 igitur
733 1046 877 1073 earum
910 1039 973 1072 est
1004 1046 1152 1080 causa,
1184 1034 1380 1086 quoniam
1414 1034 1528 1073 nulla
1561 1047 1649 1074 eam
1681 1048 1769 1075 rem
1792 1048 1866 1075 sua
1889 1036 1927 1074 vi
1947 1034 2087 1084 efficit,

260 1106 296 1135 ⁴5
311 1099 428 1139 cuius
462 1109 588 1136 causa
619 1095 793 1143 dicitur3
832 1109 908 1136 nec
942 1096 1004 1143 id,
1037 1097 1125 1135 sine
1158 1109 1241 1149 quo
1274 1095 1491 1149 quippiam
1524 1110 1606 1136 non
1640 1095 1695 1144 fit,
1730 1110 1854 1137 causa
1887 1103 1972 1145 est,
2013 1099 2087 1139 sed

309 1159 375 1207 id,
417 1159 528 1214 qnod
569 1172 660 1198 cum
700 1159 898 1205 accessit,
939 1158 981 1197 id
1013 1158 1132 1197 cuius
1165 1164 1228 1197 est
1259 1171 1382 1198 causa
1415 1157 1542 1198 efficit
1580 1161 1834 1200 necessario.
1892 1161 2086 1202 Nondum

309 1223 417 1263 enim
459 1221 644 1261 ulcerato
686 1221 890 1274 serpentis
930 1235 1071 1260 morsu
1109 1219 1358 1268 Philocteta,
1398 1235 1504 1273 quae
1539 1235 1664 1261 causa
1696 1222 1738 1261 in
1770 1237 1908 1263 rerum
1939 1230 2087 1265 natura

309 1284 618 1330 continebatur,
649 1282 738 1322 fore
771 1288 817 1322 ut
847 1284 881 1323 is
913 1283 956 1322 in
987 1283 1123 1322 insula
1147 1284 1305 1322 Lemno
1339 1284 1637 1337 linqueretur?
1669 1290 1764 1338 post
1794 1291 1932 1326 autem
1963 1300 2087 1327 causa

308 1346 386 1387 fuit
416 1347 587 1401 propior
617 1351 658 1385 et
688 1359 780 1385 cum
813 1346 930 1385 exitu
965 1345 1159 1385 iunctior.
1219 1344 1286 1385 37.
1320 1348 1437 1386 Ratio
1470 1347 1599 1399 igitur
1631 1353 1805 1387 eventus
1836 1348 1969 1401 aperit
1991 1361 2087 1389 cau-

257 1418 294 1448 90
308 1426 409 1452 sam.
458 1410 538 1450 Sed
572 1422 624 1448 ex
651 1408 898 1448 aeternitate
925 1422 1022 1448 vera
1044 1408 1119 1448 fuit
1139 1409 1242 1448 haec
1266 1410 1527 1449 enuntiatio:
1563 1410 1864 1463 «Relinquetur
1886 1410 1928 1449 in
1950 1410 2087 1450 insula

307 1474 617 1519 Philoctetes»,
659 1485 734 1511 nec
773 1471 854 1511 hoc
898 1484 950 1511 ex
990 1485 1089 1511 vero
1131 1472 1173 1510 in
1207 1470 1358 1512 salsum
1391 1478 1555 1525 poterat
1586 1478 1845 1513 convertere.
1906 1474 2086 1513 Necesse

308 1543 371 1577 est
413 1536 522 1576 enim
565 1535 608 1574 in
649 1534 774 1574 rebus
816 1534 1037 1573 contrariis
1078 1534 1240 1574 duabus
1284 1556 1338 1563 —
1381 1535 1589 1574 contraria
1621 1540 1760 1575 autem
1800 1535 2004 1575 hocloco
2038 1548 2085 1576 ea

307 1599 423 1645 dico,
467 1611 642 1649 quorum
675 1597 850 1636 alterum
886 1597 941 1636 ait
972 1597 1098 1650 quid,
1130 1597 1305 1636 alterum
1338 1602 1462 1649 negat
1482 1618 1556 1643 —,
1590 1610 1641 1636 ex
1673 1597 1722 1637 iis
1754 1597 1882 1650 igitur
1913 1610 2085 1638 necesse

306 1666 370 1701 est
399 1660 530 1700 invito
562 1659 745 1712 Epicuro
777 1659 952 1697 alterum
985 1671 1126 1698 verum
1161 1672 1265 1706 esse,
1298 1660 1473 1700 alterum
1506 1660 1679 1707 falsum,
1715 1665 1760 1699 ut
1795 1660 2086 1700 «Sauciabitur

255 1731 291 1760 25
306 1723 560 1763 Philocteta»
597 1721 790 1761 omnibus
822 1728 918 1761 ante
950 1721 1127 1761 saeculis
1156 1736 1300 1761 verum
1324 1722 1416 1769 fuit,
1455 1724 1571 1762 «Non
1594 1723 1874 1762 sauciabitur»
1910 1722 2083 1770 falsum3

305 1785 386 1825 nisi
418 1784 524 1824 forte
556 1783 749 1823 volumus
769 1782 1071 1835 Epicureorum
1105 1784 1347 1836 opinionem
1380 1785 1514 1838 sequi,
1550 1785 1620 1838 qui
1654 1785 1746 1825 talis
1770 1785 2083 1825 enuntiationes

305 1861 383 1888 nec
414 1860 533 1886 veras
564 1859 641 1885 nec
673 1845 798 1885 falsas
831 1859 923 1885 esse
956 1845 1123 1893 dicunt,
1157 1852 1228 1886 aut
1259 1861 1351 1887 cum
1386 1847 1428 1886 id
1461 1847 1606 1900 pudet,
1637 1846 1741 1886 illud
1764 1853 1901 1887 tamen
1925 1847 2083 1893 dicunt,

306 1908 420 1963 quod
453 1914 516 1948 est
546 1907 830 1960 inpudentius,
863 1921 980 1947 veras
1013 1922 1104 1948 esse
1137 1922 1188 1949 ex
1221 1910 1441 1949 contrariis
1475 1909 1773 1957 diiunctiones,
1806 1909 1878 1949 sed
1911 1909 2083 1963 quaein

304 1971 370 2010 his
411 1970 627 2010 enuntiata
665 1975 826 2018 essent,
866 1984 1009 2010 eorum
1048 1978 1242 2012 neutrum
1285 1986 1378 2012 esse
1412 1985 1567 2011 verum.
1628 1970 1694 2011 38.
1728 1971 1761 2011 O
1794 1971 2083 2012 admirabilem

253 2039 291 2071 30
306 2033 518 2073 licentiam
551 2039 591 2072 et
622 2032 900 2072 miserabilem
933 2033 1197 2073 inscientiam
1231 2034 1494 2075 disserendi!
1549 2035 1592 2074 Si
1620 2035 1732 2074 enim
1755 2034 1909 2087 aliquid
1934 2035 1977 2074 in
1998 2034 2083 2073 elo-

306 2095 476 2150 quendo
508 2109 584 2135 nec
618 2109 762 2135 verum
795 2109 872 2135 nec
903 2095 1054 2136 falsum
1087 2102 1166 2144 est,
1200 2103 1310 2137 certe
1333 2097 1374 2136 id
1400 2111 1541 2136 verum
1564 2110 1649 2137 non
1673 2102 1747 2137 est.
1799 2096 1920 2144 Quod
1943 2102 2082 2136 autem

247 2156 249 2158 ’
305 2172 450 2198 verum
484 2172 567 2198 non
603 2164 685 2206 est,
719 2159 789 2212 qui
820 2163 960 2211 potest
991 2172 1075 2198 non
1108 2159 1258 2200 falsum
1292 2161 1418 2200 esse?
1461 2165 1532 2199 aut
1562 2159 1677 2212 quod
1707 2159 1859 2199 falsum
1891 2172 1976 2198 non
2007 2163 2083 2206 est,

392 2351 422 2382 Ξ.
450 2359 565 2382 caesae
588 2351 785 2381 accedissent
810 2350 853 2380 V:
881 2359 996 2381 caesae
1019 2351 1235 2382 cecaedissent
1259 2352 1310 2387 Αἱ,
1337 2360 1453 2382 caesae
1477 2351 1666 2382 cecidissent
1691 2351 1769 2382 A2B
1796 2351 1869 2391 (sed
1895 2359 1929 2381 ce
1953 2351 1985 2382 in
2012 2358 2079 2382 ras.

304 2401 353 2441 Β),
372 2410 470 2433 caesa
486 2401 655 2432 accidisset
673 2401 716 2437 03
745 2400 786 2431 cs.
806 2399 902 2432 lectt.
921 2409 994 2431 var.
1012 2400 1056 2431 ad
1070 2402 1169 2431 Auct.
1188 2400 1234 2431 ad
1254 2401 1405 2432 Herenn.
1426 2401 1523 2437 11,Ἑὲ
1544 2419 1576 2422 —
1605 2400 1765 2441 abieynae
1781 2401 1823 2431 B:
1851 2399 2027 2443 abgeqnae
2041 2401 2079 2436 A,

305 2451 463 2491 abiaeqne
488 2451 526 2487 V,
553 2450 693 2491 abiegna
718 2451 743 2481 Ο
771 2467 805 2472 -
833 2450 948 2481 trabas
971 2448 1013 2480 V¹
1042 2469 1075 2473 —
1103 2450 1134 2481 3.
1164 2451 1295 2481 Utinam
1315 2468 1362 2473 --
1379 2451 1480 2481 eliam
1504 2459 1607 2489 supra
1631 2459 1701 2481 om.
1722 2450 1749 2480 V
1777 2468 1811 2472 —
1839 2449 1869 2481 4.
1897 2458 1962 2481 esse
1985 2446 2025 2479 V¹
2043 2466 2077 2470 —

304 2502 335 2536 5.
354 2501 504 2541 infinitae
528 2499 565 2532 Β1
592 2516 626 2522 -
660 2501 732 2531 licet
756 2509 915 2541 quorsum
939 2501 977 2537 V,
1005 2500 1067 2531 sed
1094 2500 1181 2531 inira
1205 2509 1237 2531 v.
1254 2501 1273 2532 8
1298 2509 1455 2539 quorsum
1480 2500 1582 2531 deest
1607 2501 1639 2530 in
1658 2500 1684 2529 V
1718 2517 1760 2521 —
1792 2500 1822 2530 6.
1842 2499 2017 2530 inchoandi
2033 2499 2074 2531 C:

302 2550 508 2582 inchoandae
533 2549 654 2582 Salisb.
674 2553 709 2581 et
726 2551 751 2581 Ο
779 2569 813 2573 -
841 2551 872 2582 7.
892 2552 1024 2590 cepisset
1050 2549 1201 2590 Erlang.:
1228 2552 1384 2589 caepisset
1406 2552 1444 2587 Β,
1471 2552 1627 2589 coepisset
1651 2550 1743 2581 AVO
1771 2567 1805 2572 —
1834 2550 1863 2581 8.
1885 2557 2022 2589 quosum
2044 2550 2081 2580 ut

302 2600 442 2631 videtur
468 2601 500 2631 in
525 2599 602 2631 loco
627 2600 777 2631 evanido
800 2602 825 2631 A
853 2618 887 2622 —
928 2600 957 2632 9.
984 2601 1065 2631 hera
1089 2601 1114 2631 Ο
1143 2618 1176 2622 —
1209 2601 1290 2632 haec
1312 2602 1412 2640 ferret
1438 2601 1491 2631 BV
1520 2618 1554 2622 —
1595 2600 1645 2631 40,
1665 2608 1769 2640 aegra
1794 2599 1898 2630 codd.
1918 2601 2017 2630 Auct.
2037 2597 2080 2629 ad

304 2650 457 2681 Herenn.
480 2668 514 2671 —
541 2651 653 2681 sautia
668 2650 738 2681 AV¹
758 2669 792 2673 —
822 2651 870 2681 Μ,
893 2651 953 2681 hae
970 2651 1012 2679 V2
1032 2669 1063 2672 —
1092 2650 1240 2689 adferent
1256 2652 1281 2681 A
1293 2650 1329 2681 B¹
1351 2667 1385 2673 -
1414 2650 1465 2681 43.
1486 2650 1616 2689 aliquid
1631 2650 1715 2690 effici
1733 2650 1757 2680 O
1778 2666 1812 2670 —
1840 2658 1907 2680 non
1920 2650 2022 2688 possit
2037 2664 2080 2670 --

303 2700 386 2739 effici
409 2700 537 2738 aliquid
562 2701 593 2731 in
613 2709 722 2740 marg.
741 2699 855 2741 suppl.
875 2701 898 2731 B
921 2718 954 2722 —-
982 2709 1056 2731 cum
1073 2708 1136 2740 quo
1162 2700 1206 2731 C:
1235 2709 1297 2739 quo
1323 2699 1459 2740 Erlang.
1479 2700 1521 2735 O:
1550 2699 1820 2740 praepositionis
1846 2706 1932 2730 usus
1957 2707 1999 2729 eo
2018 2697 2080 2729 de-

303 2749 468 2787 fenditur,
488 2750 582 2789 quod
600 2750 685 2781 infra
702 2751 757 2781 sed
773 2751 806 2781 id
823 2751 908 2789 quod
924 2759 998 2781 Cum
1015 2751 1159 2787 accessit,
1181 2758 1248 2780 non
1269 2752 1438 2781 antecessit
1457 2751 1580 2781 Cicero
1599 2749 1681 2780 dixit
1702 2766 1736 2770 —-
1757 2748 1884 2787 aliquid
1899 2748 1983 2787 effici
2002 2748 2026 2779 O
2043 2763 2076 2768 —

304 2800 355 2830 45.
374 2800 467 2830 cuius
483 2800 586 2831 codd.
602 2799 735 2840 aliquot
751 2801 896 2832 Moseri:
923 2801 957 2831 in
974 2801 1066 2831 cuius
1085 2800 1122 2836 C,
1142 2800 1235 2830 nulla
1251 2808 1368 2830 earum
1385 2809 1498 2831 rerum
1514 2809 1576 2831 sua
1592 2801 1626 2830 ui
1641 2799 1741 2838 efficit
1756 2798 1789 2829 id
1805 2799 1898 2829 cuius
1915 2795 2076 2829 Cratand.

306 2866 340 2871 -
376 2851 497 2880 dicitur
519 2859 624 2881 causa
648 2851 673 2881 Ο
712 2867 747 2873 ——
786 2849 991 2890 Disputandi
1017 2849 1104 2880 ordo
1131 2849 1285 2889 flagitare
1312 2850 1395 2881 mihi
1421 2850 1560 2881 videtur
1584 2851 1621 2880 ut
1644 2848 1752 2880 verba
1786 2847 1889 2878 Nulla
1913 2847 2079 2886 igitur--

301 2907 405 2929 causa
429 2900 550 2930 dicitur
580 2901 659 2930 ante
690 2898 744 2929 illa
774 2899 930 2930 Interesse
953 2902 1265 2929 autem--necesse
1289 2899 1330 2929 sit
1361 2898 1580 2930 collocentur
1618 2915 1651 2920 —
1695 2898 1866 2936 quidpiam
1886 2896 1911 2926 Ο
1948 2912 1982 2916 -
2026 2894 2077 2929 46.

301 2956 405 2979 causa
430 2953 474 2979 est
499 2949 576 2980 cod.
598 2948 684 2980 Gud.
705 2949 730 2979 O
759 2967 793 2970 —
820 2949 905 2988 effici
927 2948 980 2986 Vi,
1007 2948 1149 2988 efficitur
1173 2948 1252 2978 cod.
1274 2948 1360 2979 Gud.
1382 2949 1541 2979 Davisius
1569 2966 1602 2969 -
1634 2948 1683 2978 19.
1700 2947 1858 2986 proprior
1876 2945 1936 2975 AB
1964 2961 1998 2966 —
2024 2944 2075 2974 Ἡ.

297 3001 461 3036 properat
484 2998 521 3028 Β1
543 3016 577 3020 -
605 3000 796 3029 conuertere
821 3000 860 3029 Α1
875 2998 922 3028 V:
949 3000 1102 3028 conuerte
1127 2997 1176 3033 13¹,
1204 2999 1352 3028 conuerti
1376 2999 1417 3028 Α2
1429 2998 1467 3028 132
1494 3015 1527 3019 —
1555 2997 1609 3027 23.
1636 2997 1684 3026 his
1709 2997 1810 3036 v(‘?)0
1838 3013 1871 3017 —
1899 2994 1952 3026 24.
1978 2994 2078 3025 invito

302 3047 447 3086 Epicuro
471 3048 589 3088 spuria
615 3056 694 3079 esse
720 3050 842 3079 censet
866 3047 982 3078 Bremi
1010 3064 1044 3068 —
1071 3044 1278 3077 saubilurA¹
1306 3064 1339 3068 -
1368 3047 1421 3077 26.
1449 3046 1529 3077 tales
1553 3042 1698 3077 AB‘2VO
1727 3063 1760 3068 -
1791 3045 1844 3076 27.
1870 3053 1954 3075 uera
1978 3044 2014 3075 Β1
2040 3059 2073 3065 —-

302 3096 356 3128 28.
383 3097 613 3128 disiunctiones
636 3097 661 3127 O
695 3113 730 3118 —
764 3097 819 3127 sed
843 3105 904 3136 que
927 3097 953 3127 A
984 3111 1028 3118 —
1062 3096 1115 3126 ⁶29.
1143 3096 1182 3127 iis
1205 3097 1411 3128 eniunctiata
1436 3096 1473 3127 B¹
1508 3114 1540 3117 —
1585 3096 1637 3127 30.
1663 3095 1848 3127 mirabilem
1869 3096 1949 3126 insc.
1976 3093 2011 3125 B¹
2034 3109 2076 3116 —-

300 3145 509 3177 inscientiam
532 3147 609 3176 BV:
644 3146 921 3178 inscienticntiam
946 3147 1020 3185 (sed
1045 3147 1150 3178 entien
1175 3148 1313 3186 punctis
1340 3146 1508 3186 notatum)
1533 3148 1579 3178 A.
1607 3147 1773 3177 insciliam
1797 3146 1844 3181 O;
1879 3144 1921 3176 cs.
1943 3144 2011 3175 Cic,
2031 3142 2074 3173 de

303 3195 372 3226 div¹
400 3196 411 3225 I
436 3195 456 3235 δ
475 3195 537 3226 448
572 3213 605 3217 -
644 3196 806 3228 diserendi
829 3197 856 3227 A
883 3213 919 3218 —
947 3196 1000 3227 32.
1026 3205 1092 3227 non
1114 3196 1237 3235 falsum
1260 3205 1326 3228 csse
1343 3214 1359 3219 -
1377 3214 1395 3219 -
1412 3197 1468 3236 qui
1488 3200 1594 3235 potest
1619 3197 1650 3227 in
1677 3204 1776 3235 marg
1806 3193 1918 3235 suppl.
1938 3194 1971 3224 in
1992 3192 2017 3222 V
2034 3208 2074 3214 -

303 3248 361 3276 aut
397 3245 483 3285 quod
514 3245 638 3286 salsum
667 3255 732 3277 non
767 3249 830 3286 est,
869 3247 924 3287 qui
957 3249 1062 3288 potest
1090 3255 1156 3277 uon
1187 3255 1302 3278 verum
1339 3255 1404 3279 esse
1446 3248 1505 3277 aut
1546 3245 1590 3277 ab
1630 3244 1881 3287 interpolatore
1920 3241 2073 3283 quodam
