2249 3624
499 187 588 227 Lm.
620 187 687 226 111.
731 187 828 227 ω.
859 187 1171 228 xxl—xxn.
1209 185 1269 239 §§
1301 185 1493 226 ’δε-56.
1808 187 1889 228 465

111 301 255 341 natae,
295 293 552 339 Thelxinoe,
584 293 748 339 Aoede,
781 294 933 340 Arche,
967 294 1138 339 Melete,
1181 294 1389 333 secundae
1424 295 1517 333 love
1551 295 1671 333 tertio
1703 299 1744 333 et
1775 295 1889 333 Mne-

113 370 284 412 mosyne
316 361 558 408 procreatae
591 368 761 402 noveni,
794 357 940 395 tertiae
974 357 1092 394 Piero
1127 363 1247 394 natae
1279 362 1318 395 et
1347 357 1545 408 Antiopa,
1578 369 1680 408 quas
1704 356 1888 395 Pieridas

110 426 151 460 et
192 419 346 458 Pierias
388 416 523 457 solent
553 422 701 469 poetae
733 418 964 470 appellare,
1012 417 1142 456 isdem
1178 418 1416 456 nominibus
1448 424 1488 456 et
1520 417 1667 456 codem
1699 432 1888 465 numero,

109 494 192 534 quo
224 492 428 532 proxume
461 480 718 532 superiores.
771 480 958 531 Cumque
993 488 1035 519 tu
1072 480 1236 525 Solem,
1270 480 1368 531 quia
1399 481 1512 519 solus
1545 486 1674 526 esset,
1707 481 1889 534 appella-

109 549 195 583 tum
236 555 326 582 esse
371 542 502 588 dicas,
546 542 666 581 Soles
709 543 787 594 ipsi
821 556 945 594 quain
987 542 1103 580 inulti
1136 556 1158 580 ιι
1192 542 1399 593 theologis
1434 542 1726 594 proserunturl
1778 543 1920 582 Unus5

109 618 251 645 eorum
274 604 373 643 Iove
397 611 537 651 natus,
569 618 702 656 nepos
727 605 942 649 Aetheris,
975 604 1080 642 altei
1110 604 1370 656 Hyperioni,
1406 605 1550 643 tertius
1576 605 1773 650 Volc;,ino
1807 606 1890 645 Nili

108 666 214 713 filio,
247 667 364 705 cuius
396 667 540 706 urbem
574 667 765 720 Aegiptii
800 667 947 704 volunt
979 680 1070 705 esse
1102 680 1215 712 οι,ιιιι
1249 680 1356 719 quae
1383 668 1617 720 Heliopolis
1640 668 1890 719 appellatur,

109 735 281 782 quartus
305 729 359 774 is,
384 742 509 781 quem
532 728 715 767 heioicis
740 729 999 780 temporibus
1022 730 1208 767 Acantho
1233 729 1366 769 Rhodi
1389 731 1604 782 peperisse
1627 730 1824 776 dicitur,
1839 730 1885 749 ζ’*

111 791 258 845 Ialysi,
282 790 457 838 Camiri,
481 791 617 837 Iindi,
640 790 790 835 Rhodi,
815 791 1000 844 quintus,
1026 792 1098 842 qui
1124 792 1149 827 t
1143 790 1285 830 .·ol‹liis
1315 792 1637 832 s‹·1·uu·A‹eta1n
1667 800 1706 831 et
1730 793 1888 832 Circam

109 854 408 908 procreavisse.
471 854 602 892 xxii.
637 851 703 891 435.
749 853 922 893 Volcani
968 854 1066 892 item
1100 854 1363 906 complures:
1407 856 1566 907 primus
1600 855 1723 894 Caelo
1757 861 1888 902 natus,
1905 867 1940 895 10

110 929 163 956 ex
202 930 285 970 quo
332 922 372 956 et
414 917 600 955 Minerva
639 916 880 968 Apollinem
925 928 1044 963 eum,
1088 915 1208 955 cuius
1249 916 1290 954 iu
1331 917 1462 955 tutela
1502 917 1685 956 Athenas
1725 917 1888 970 antiqui

111 979 300 1018 historici
333 992 425 1019 esse
447 979 691 1025 voluerunt,
715 979 922 1018 secundus
945 978 1038 1018 Nilo
1071 983 1212 1023 natus,
1244 978 1418 1025 Philias,
1453 985 1497 1018 ut
1518 979 1713 1032 Aegyptii
1745 979 1889 1032 appel-

110 1041 218 1089 lant,
260 1054 384 1095 quem
417 1041 633 1081 custodem
669 1054 760 1081 esse
791 1041 969 1094 Aegypti
1002 1040 1168 1086 volunt,
1207 1040 1352 1079 tertius
1385 1054 1436 1080 ex
1469 1041 1590 1080 tertio
1623 1042 1720 1080 Iove
1752 1049 1792 1080 et
1823 1043 1887 1081 lu-

111 1107 243 1151 none}
277 1105 349 1158 qui
379 1103 526 1143 Lemni
557 1102 740 1143 fabricae
773 1103 952 1144 traditur
983 1102 1237 1155 praefuisse,
1270 1108 1443 1155 quartus
1475 1103 1504 1154 ἦ-
1525 1102 1718 1143 Memalio
1751 1108 1886 1150 natus,

111 1166 183 1219 qui
205 1167 338 1205 tenuit
360 1166 518 1206 insulas
540 1172 712 1219 propter
730 1166 926 1212 Siciliam,
949 1178 1057 1217 quae
1076 1165 1302 1205 Volcaniae
1324 1166 1661 1205 nominabantur.
1692 1164 1759 1205 56.
1781 1167 1938 1208 Mer-15

111 1228 248 1267 curius
281 1241 388 1268 unus
422 1227 546 1268 Caelo
579 1234 716 1280 patre,
749 1228 825 1267 Die
856 1233 989 1267 matre
1019 1233 1163 1274 natus,
1195 1227 1314 1267 cuius
1346 1228 1569 1268 obscenius
1601 1229 1779 1268 excitata
1816 1242 1888 1268 na-

110 1295 203 1330 tura
234 1291 431 1337 traditur,
464 1290 579 1344 quod
611 1297 784 1343 aspectu
816 1290 1090 1343 Proserpinae
1123 1296 1356 1330 commotus
1388 1292 1462 1337 sit,
1495 1291 1598 1330 alter
1630 1292 1816 1331 Valentis
1848 1298 1889 1331 et

113 1351 334 1393 Coronidis
365 1351 496 1400 filius,
530 1354 563 1392 is
596 1354 666 1406 qui
700 1354 776 1394 sub
807 1353 926 1393 terris
958 1353 1137 1392 habetur
1163 1352 1273 1391 idem
1296 1352 1589 1405 Trophonius,
1620 1354 1768 1393 tertius
1790 1354 1887 1394 Iove

112 1416 232 1455 tertio
273 1422 394 1456 natus
436 1422 477 1456 et
516 1417 641 1463 Maia,
684 1430 735 1456 ex
769 1430 853 1469 quo
886 1421 927 1454 et
957 1414 1167 1467 Penelopa
1198 1415 1309 1454 Pana
1338 1420 1483 1454 natum
1514 1413 1672 1463 serunt,
1714 1422 1888 1469 quartus

111 1477 206 1516 Nilo
238 1484 374 1530 patre,
406 1492 530 1532 quem
562 1480 755 1533 Aegyptii
787 1478 904 1518 nefas
925 1477 1082 1517 habent
1103 1477 1339 1524 nominare,
1373 1478 1565 1530 quintus,
1597 1492 1722 1531 quem
1744 1478 1938 1521 colunt20

113 1539 367 1589 Pheneatae,
400 1542 473 1595 qui
503 1543 659 1594 Argum
691 1541 842 1581 dicitur
870 1541 1133 1580 interemisse
1165 1540 1218 1579 ob
1250 1553 1426 1593 eamque
1458 1553 1625 1580 causam
1654 1543 1888 1595 Aegyptum

113 1601 349 1655 profugisse
391 1610 518 1657 atque
555 1605 775 1658 Aegyptiis
816 1604 930 1657 leges
972 1608 1013 1642 et
1052 1603 1212 1642 littelas
1254 1602 1493 1643 tradidisse.
1542 1604 1664 1644 Hunc
1668 1605 1889 1658 Aegyptii

115 1663 280 1704 Theuth
310 1666 549 1719 appellant,
589 1666 826 1720 eodemque
857 1665 1026 1705 nomine
1057 1666 1155 1704 anni
1197 1666 1355 1719 primus
1387 1666 1542 1706 mensis
1573 1643 1684 1720 apud
1716 1681 1788 1708 eos
1819 1682 1889 1708 vo-

113 1820 214 1849 natae
241 1818 315 1849 ioue
346 1818 451 1849 altero
482 1822 566 1849 nata
596 1821 625 1850 et
656 1819 922 1850 theioeinoneoede
945 1819 969 1850 B
985 1818 1011 1848 V
1042 1824 1098 1857 (oe
1122 1826 1164 1850 ex
1190 1820 1410 1850 correctione
1435 1819 1500 1857 B);
1535 1824 1692 1858 quartuor
1714 1824 1791 1852 nate
1817 1822 1891 1852 ioue

114 1867 218 1898 allero
242 1871 319 1898 nate
341 1871 371 1899 ec
395 1869 457 1900 thei
480 1871 604 1900 oeinone
627 1871 700 1900 cede
726 1871 749 1901 C
768 1879 774 1906 ;
801 1873 961 1908 quattuor
983 1874 1062 1900 nale
1084 1869 1158 1900 ioue
1174 1869 1279 1899 allero
1297 1873 1372 1900 nale
1389 1869 1471 1900 ethei
1485 1871 1648 1901 winoneoe
1663 1871 1701 1901 de
1719 1871 1766 1907 E;
1792 1874 1891 1909 qual—

114 1919 189 1948 tuor
211 1920 311 1948 natae
335 1918 408 1950 ioue
431 1919 534 1950 allero
559 1924 587 1951 et
611 1920 711 1951 theia-i
735 1918 813 1950 rieoe
836 1920 874 1951 de
897 1923 943 1957 Ρι
978 1924 1148 1960 qualluor,
1180 1923 1280 1950 natae
1303 1920 1378 1950 Iove
1401 1920 1523 1958 allero,
1560 1920 1754 1957 Thelxinoe,
1786 1922 1891 1952 Aoede

114 1967 336 1999 Heindorfius
363 1967 490 2008 (deleto
515 1969 624 2001 altero
650 1969 744 2009 quod
771 1971 823 2001 cst
848 1970 880 2000 in
908 1969 1091 2001 codicibus
1116 1973 1236 2000 walae:
1265 1978 1328 2009 ego
1356 1968 1458 2000 malui
1477 1970 1594 2010 priore
1612 1969 1728 2001 deleto
1745 1979 1889 2002 servare

115 2016 394 2054 alterun1,cum
426 2020 531 2050 etiam
563 2020 593 2050 in
627 2019 859 2058 sequentibus
892 2021 1072 2060 participii
1100 2023 1298 2058 piwociealae
1329 2021 1362 2051 et
1390 2024 1489 2050 natae
1512 2019 1670 2051 ablatixis
1697 2023 1889 2062 postposita

115 2066 209 2105 sint);
237 2070 395 2106 quattuor
418 2074 518 2100 natae
541 2070 616 2100 [oie
638 2070 742 2100 allero
766 2072 795 2100 et
822 2093 931 2107 .....
961 2069 1152 2109 Thelxinoe]
1178 2070 1282 2100 Aoede
1306 2068 1479 2101 Klotzius:
1508 2073 1678 2109 quattuor
1703 2074 1803 2102 nacae
1818 2073 1892 2103 Iove

117 2116 220 2148 allero
243 2118 402 2156 emeda,
430 2118 623 2156 Thelasinoe',
646 2119 750 2149 mede
777 2119 974 2150 Creuzerus
1000 2118 1088 2158 (coll.
1109 2120 1199 2150 Paus
1203 2128 1258 2150 an.
1279 2121 1431 2151 Messon.
1458 2120 1510 2158 33,
1531 2121 1579 2158 2),
1600 2121 1624 2151 O
1652 2138 1687 2143 —-
1720 2123 1750 2152 4.
1777 2131 1891 2153 nemo-

114 2166 182 2198 sine
207 2168 249 2205 E,
275 2176 369 2198 nemo
392 2169 460 2198 sine
483 2169 547 2199 AC
564 2169 592 2198 X
617 2169 721 2209 (nemo
746 2169 777 2199 in
803 2177 871 2200 ras.
891 2171 928 2206 A)
957 2186 992 2190 —
1020 2170 1051 2200 ¹2.
1077 2170 1194 2200 tertiae
1217 2171 1309 2201 Piero
1333 2174 1434 2201 natae
1456 2171 1525 2201 lac.
1553 2172 1770 2203 Gronovius:
1797 2174 1891 2204 terlio

118 2216 147 2255 (ο
171 2226 212 2248 ex
238 2226 272 2263 ς,
299 2220 334 2249 ut
358 2217 517 2255 videtur,
551 2218 583 2248 in
609 2220 741 2256 rasura)
773 2219 845 2250 ioue
876 2220 973 2250 terlio
1001 2220 1095 2257 piero
1120 2223 1219 2250 name
1244 2223 1288 2250 A:
1322 2221 1440 2251 tet-liae
1462 2221 1535 2252 ioue
1559 2221 1653 2251 terlio
1672 2222 1767 2260 piero
1791 2226 1892 2254 natae

116 2267 141 2298 B
157 2267 180 2298 C
195 2267 246 2303 V;
272 2269 368 2299 tercie
392 2268 465 2298 ioue
488 2268 611 2298 alercio
632 2269 725 2307 piero
750 2272 825 2299 nate
849 2269 896 2306 E;
923 2269 1039 2299 tertiae
1063 2269 1136 2300 ioue
1160 2270 1255 2300 tertio
1277 2270 1382 2308 pierio
1406 2273 1507 2300 natae
1531 2271 1553 2301 P
1573 2287 1607 2291 —
1635 2270 1664 2301 3.
1688 2272 1814 2310 pierias
1839 2273 1888 2303 C:

45 2353 50 2357 ¹
114 2317 239 2356 plerias
261 2318 325 2349 AB
340 2318 387 2349 E:
409 2318 557 2357 proelias
581 2320 627 2350 P:
649 2319 801 2358 pler-idas
825 2320 852 2348 V
879 2337 913 2340 —
941 2322 969 2349 et
995 2317 1022 2350 ⁵21
1049 2319 1094 2357 (in
1113 2319 1139 2348 V
1158 2327 1337 2359 superscr.
1357 2328 1403 2350 m.
1424 2319 1509 2357 sec.)
1528 2328 1533 2349 τ
1562 2328 1631 2351 om.
1651 2320 1676 2351 Ο
1698 2338 1732 2342 -
1759 2320 1789 2352 4.
1810 2330 1892 2362 quos

119 2367 182 2398 AC
201 2367 225 2397 V
251 2385 286 2390 —
313 2367 500 2407 appellatus
524 2369 547 2399 B
564 2369 590 2399 V
616 2386 652 2391 —
687 2369 718 2399 7.
745 2369 890 2408 eliopolis
913 2371 937 2400 A
956 2370 979 2400 C
1009 2387 1043 2392 —
1070 2369 1100 2400 8.
1127 2370 1156 2400 is
1180 2378 1270 2400 corr.
1299 2378 1341 2400 ex
1365 2369 1414 2400 liis
1438 2369 1465 2398 V
1492 2387 1526 2391 —
1562 2372 1704 2400 acantor
1725 2370 1801 2401 hodi
1824 2375 1849 2402 A
1866 2372 1889 2402 B

120 2416 371 2455 CV,acl1anto
395 2419 488 2450 rhodi
515 2419 550 2456 E,
577 2420 702 2450 acontii
720 2420 813 2450 rhodi
831 2422 854 2451 P
874 2438 907 2442 —
928 2420 957 2450 9.
978 2420 1077 2458 ialysi
1093 2418 1143 2452 21:
1171 2428 1271 2450 avum
1288 2419 1388 2457 Ialysi
1405 2420 1539 2451 Marsus
1557 2420 1612 2458 (cl.
1634 2419 1731 2451 Pind.
1752 2420 1889 2462 Olvmp.

118 2466 290 2505 vl1,74);
318 2471 417 2508 pater
439 2469 538 2507 Ialysi
564 2470 724 2501 Daxisius
749 2469 826 2501 coll.
852 2469 1006 2501 Arnobio
1032 2469 1165 2508 1Υ,14
1201 2468 1269 2500 Sed
1295 2468 1400 2500 nolim
1425 2469 1567 2500 Arnobii
1592 2470 1790 2501 auctoritati
1813 2472 1891 2502 tan-

119 2517 193 2548 tum
224 2517 397 2556 tribuere,
435 2520 494 2559 qui
530 2518 633 2561 paulo
667 2521 746 2550 ante
779 2528 820 2550 ex
850 2523 947 2560 patre
973 2520 1173 2560 vaerione
1200 2520 1437 2560 Hypeiionam
1463 2521 1679 2559 genetricem
1705 2520 1889 2553 effinxerit.

120 2566 273 2599 Dubium
299 2569 402 2600 etiam
430 2571 483 2600 est
508 2571 650 2610 propter
674 2570 829 2601 additam
854 2569 1028 2607 Rhodum,
1055 2571 1172 2600 utrum
1192 2571 1331 2600 nomina
1348 2569 1461 2608 Ialysi,
1481 2569 1619 2608 Camiri,
1645 2570 1741 2600 Lindi
1759 2569 1802 2601 de
1822 2571 1892 2601 He-

121 2613 220 2648 liadis
245 2625 288 2648 an
313 2617 357 2649 de
383 2619 520 2659 oppidis
546 2619 704 2651 eiusdem
731 2620 879 2651 nominis
904 2618 1127 2659 intelligenda
1151 2620 1231 2650 sint.
1259 2620 1379 2658 ltaque
1398 2618 1496 2659 plura
1514 2622 1593 2650 ante
1612 2620 1711 2657 Ialysi
1729 2619 1892 2651 videntur

124 2665 307 2698 excidisse.
329 2685 363 2689 —
392 2668 536 2707 Camiri⁷
562 2669 677 2707 Lindi,
704 2670 825 2708 Rhodi,
852 2670 985 2708 quintus
1009 2678 1094 2701 nos:
1121 2669 1356 2700 cameritinder
1372 2669 1446 2699 hodi
1464 2670 1597 2709 quintus
1614 2672 1639 2701 A
1656 2672 1678 2702 P
1693 2671 1742 2708 V;
1769 2672 1892 2702 cameri

121 2716 313 2754 lynderhodi
336 2718 469 2756 quintus
492 2719 539 2755 B;
566 2720 701 2750 cameri.
728 2720 922 2750 linclerodlii.
950 2721 1090 2759 Quintus
1115 2720 1159 2757 C;
1189 2720 1415 2750 camencinder
1438 2719 1511 2750 rodi
1535 2720 1668 2759 quintus
1691 2721 1739 2755 E:
1767 2722 1894 2753 Camiri

123 2768 151 2796 et
174 2765 294 2797 Lindi:
319 2768 451 2806 quintus
475 2769 500 2800 Ο
527 2786 562 2790 ——
589 2773 700 2800 aelam
723 2772 747 2800 A
764 2770 786 2799 B
803 2770 826 2801 C
842 2772 864 2801 Ρ
880 2769 925 2808 Υ,
952 2773 1059 2800 cetam
1084 2770 1108 2801 E
1138 2788 1169 2791 -
1197 2770 1315 2800 circem
1341 2770 1364 2800 E
1385 2787 1417 2790 —
1452 2770 1499 2800 ll.
1518 2770 1705 2808 Apollinum
1728 2772 1773 2809 is,
1799 2773 1894 2803 cuius

124 2814 295 2848 Davisius.
325 2835 359 2840 —
393 2818 446 2849 ⁴2.
472 2819 630 2849 secundus
658 2819 688 2850 in
720 2819 787 2850 nilo
820 2818 848 2851 *21
876 2838 909 2842 -
942 2820 1060 2850 Philias
1084 2818 1209 2850 Galeus
1236 2818 1289 2857 {ad
1315 2816 1494 2849 Iamblichi
1521 2818 1564 2849 de
1590 2822 1696 2859 myst.
1723 2821 1810 2859 vni,
1836 2822 1890 2860 3):

125 2873 204 2904 opas
226 2867 391 2905 ABPV;
417 2876 495 2907 opos
519 2869 565 2905 C3
592 2870 662 2908 opis
686 2869 710 2900 Ε
736 2887 770 2891 -
797 2869 929 2910 aegypti
953 2878 1043 2900 corr.
1072 2878 1111 2900 ex
1137 2869 1284 2908 aegyptii
1308 2868 1334 2897 V
1356 2886 1389 2890 -
1418 2866 1470 2899 44.
1496 2868 1648 2899 memalto
1673 2867 1721 2901 ⁵21:
1747 2871 1893 2903 Menalio

127 2915 152 2946 O
178 2932 213 2938 —-
241 2917 293 2948 45.
318 2919 534 2950 nominantur
557 2919 758 2952 Lambinus.
788 2938 822 2942 —
856 2919 907 2950 46,
934 2920 984 2949 die
1009 2919 1215 2950 ABCEV:
1249 2919 1306 2949 dia
1330 2918 1404 2949 ΡΟ.
1440 2916 1488 2948 Cf.
1518 2917 1536 2957 g
1561 2918 1614 2949 59.
1642 2935 1676 2940 —
1711 2920 1761 2951 48.
1790 2920 1894 2952 Coro-

127 2965 212 2997 nidis
235 2966 416 2999 Davisius:
442 2969 643 3008 foronidisA
658 2970 682 3000 B
698 2969 783 3006 CV,
806 2969 998 3010 plioronidis
1021 2971 1060 3007 Ρ,
1085 2969 1254 3008 foronidos
1278 2969 1302 3000 E
1324 2986 1354 2990 —
1378 2969 1405 2998 is
1429 2976 1520 2999 corr.
1540 2976 1582 2998 ex
1605 2968 1654 2999 his
1670 2969 1713 3005 V;
1739 2970 1788 3001 his
1811 2971 1834 3001 B
1854 2988 1889 2993 —

129 3014 242 3045 tertius
263 3024 306 3047 ea:
329 3017 402 3049 ioue
425 3019 448 3049 P
470 3036 504 3041 -
532 3020 584 3050 49.
611 3020 706 3050 terlio
730 3028 819 3050 corr.
847 3028 890 3050 ex
913 3019 1028 3050 tertius
1051 3021 1077 3049 A
1098 3036 1131 3040 —
1155 3018 1247 3049 mala
1271 3020 1296 3048 A
1311 3018 1333 3048 B
1349 3017 1375 3047 V
1394 3034 1428 3038 —
1450 3017 1631 3057 poenelopa
1657 3021 1681 3051 A
1697 3018 1722 3048 V
1739 3037 1780 3042 —
1799 3029 1894 3060 pana

130 3070 176 3094 m.
203 3072 274 3096 sec.
302 3065 369 3098 del.
404 3068 430 3099 A
464 3085 498 3089 --
529 3069 721 3108 penelopam
751 3072 867 3100 natam
893 3070 972 3109 (om.
995 3070 1099 3108 pana)
1126 3069 1149 3100 P
1178 3086 1210 3090 -
1242 3068 1295 3099 ΞΟ.
1322 3067 1413 3106 nefas
1437 3076 1527 3098 corr.
1554 3076 1595 3099 ex
1623 3068 1738 3107 nefaris
1761 3069 1830 3100 AV
1857 3088 1891 3092 -

131 3112 184 3145 24.
209 3114 376 3148 foeneatae
399 3116 472 3158 (litt.
499 3128 517 3149 ο
541 3120 726 3160 expuncta)
752 3122 796 3155 A,
829 3119 1002 3158 faeneatae
1026 3119 1068 3156 B,
1092 3119 1241 3158 seneatae
1266 3118 1289 3148 C
1307 3117 1351 3155 V,
1376 3117 1502 3156 seneate
1526 3117 1550 3148 E
1578 3135 1612 3139 -
1641 3119 1696 3157 qui
1719 3122 1894 3159 arqentum

133 3162 253 3194 dicitur
275 3163 351 3198 A¹P
365 3166 392 3196 V
411 3185 445 3190 —
471 3177 609 3200 causam
631 3170 666 3200 in
688 3170 869 3209 Aegyptum
894 3169 1092 3200 Lactantius
1117 3169 1200 3199 Inst.
1220 3167 1243 3203 1,
1263 3167 1293 3197 6.
1314 3183 1348 3187 —
1377 3169 1554 3206 aeyyptum
1575 3168 1736 3207 profuisse
1759 3170 1785 3199 A
1800 3167 1892 3206 13¹V¹;

133 3217 270 3253 aeqypto
287 3216 472 3256 praefuisse
494 3218 567 3251 B²P
582 3220 623 3250 W
649 3237 683 3241 —
710 3220 762 3251 22.
790 3219 950 3259 aeyypliis
973 3227 1063 3249 corr.
1091 3226 1133 3249 ex
1157 3217 1305 3258 aeyyplis
1328 3218 1353 3247 A
1368 3216 1394 3246 V
1423 3234 1456 3237 —
1485 3217 1617 3256 aegypti
1639 3217 1714 3248 A¹B
1730 3217 1754 3248 C
1771 3217 1794 3248 E
1810 3217 1835 3247 V
1856 3235 1890 3240 -

134 3260 188 3293 23.
215 3263 329 3295 Theuth
354 3265 448 3298 Plato
473 3269 516 3308 (in
541 3268 685 3301 Philebo
710 3272 745 3300 et
768 3269 962 3307 Phaedro):
988 3269 1084 3307 llieyn
1109 3269 1133 3298 A
1149 3268 1190 3305 E,
1216 3267 1301 3298 [hein
1324 3266 1348 3297 B
1364 3268 1386 3297 P
1412 3265 1557 3306 (litterae
1574 3266 1586 3297 i
1606 3274 1784 3306 supet-scr.
1804 3275 1827 3296 u
1842 3267 1891 3307 B),

136 3309 228 3350 iheyr
251 3313 274 3344 C
290 3314 337 3351 V;
365 3314 484 3356 Tlioylli
506 3318 702 3351 Lactantius
725 3319 757 3359 1,
783 3318 822 3357 63
849 3318 946 3351 Thoch
969 3319 994 3351 O
1020 3336 1055 3342 —
1081 3318 1192 3352 eodem
1214 3317 1343 3352 nomine
1365 3316 1406 3348 V.

206 3377 321 3411 crosno
347 3381 381 3412 r.
398 3381 449 3414 iv.
1576 3375 1630 3420 30
