2249 3624
342 97 421 144 428
720 102 788 142 DE
818 102 1024 143 FINlBUS
1055 102 1317 144 BONORUM
1345 103 1413 143 ET
1443 103 1708 145 MALORUM

338 216 473 269 poris,
513 219 554 255 et
589 214 721 254 maior
751 218 814 254 est
843 214 971 255 animi
1001 214 1190 267 voluptas
1222 227 1347 268 quam
1386 217 1592 268 corporis:
1631 216 1688 255 ita
1718 213 1763 255 fit
1791 220 1837 255 ut
1866 216 2092 269 gratulator

337 280 485 320 laetior
524 281 577 319 sit
616 290 740 331 quam
780 277 837 325 is,
876 278 943 317 cui
982 273 1238 330 gratulatur.]
1300 278 1400 325 Sed,
1441 278 1537 317 dum
1577 276 1741 317 efficere
1771 277 1895 318 vultis
1925 279 2090 319 beatum

337 343 585 396 sapientem,
617 355 710 380 cum
740 341 942 380 maximas
967 340 1104 380 animo
1125 339 1360 392 voluptates
1382 341 1584 392 percipiat
1604 340 1883 393 omnibusque
1905 341 2091 393 partibus

336 407 514 446 maiores
544 416 669 457 quam
701 415 893 455 corpore,
930 402 1032 456 quid
1063 407 1251 442 occurrat
1281 415 1363 441 non
1396 402 1568 441 videtis:
1613 402 1740 441 animi
1783 403 1893 442 enim
1925 402 2091 442 dolores

300 480 505 522 5quoque
541 464 742 519 percipiet
780 464 972 504 omnibus
1013 465 1197 518 partibus
1238 464 1414 504 maiores
1453 477 1579 517 quam
1618 465 1817 517 corporis.
1878 465 1938 504 Ita
1969 465 2094 504 miser

334 532 386 571 sit
415 527 639 582 aliquando
671 539 843 566 necesse
874 532 937 566 est
965 527 1019 573 is,
1052 539 1176 580 quem
1209 539 1281 566 vos
1311 526 1480 566 beatum
1513 539 1677 579 semper
1706 527 1832 566 vultis
1865 540 1976 574 esse,
2018 539 2092 566 nec

334 606 431 633 vero
462 591 525 638 id,
557 589 654 628 dum
686 588 825 628 omnia
854 588 906 628 ad
937 588 1191 642 voluptatem
1224 588 1497 642 doloremque
1529 588 1741 636 referem,
1780 589 1971 629 efficietis
2002 602 2092 628 um-

334 669 472 711 quam.
531 649 624 691 sl09.
663 651 800 699 Quare
838 650 954 690 aliud
992 651 1181 704 aliquod,
1218 652 1447 703 Torquate,
1484 650 1666 691 hominis
1698 665 1904 692 summum
1934 652 2090 690 bonum

333 715 628 773 reperiendum
660 719 744 754 est:
775 713 1030 766 voluptatem
1059 713 1205 753 bestiis
1238 713 1535 760 concedamus,
1568 714 1722 766 quibus
1753 728 1827 754 vos
1851 713 1901 754 de
1930 727 2092 753 summo

288 782 443 821 iobono
480 777 652 819 testibus
691 777 752 816 uti
791 775 946 815 soletis.
1007 775 1146 824 Quid?
1187 776 1220 815 si
1263 776 1385 815 etiam
1417 776 1574 815 bestiae
1605 777 1733 816 multa
1763 777 1942 824 faciunt,
1986 775 2090 815 duce

332 857 407 885 sua
438 853 632 896 quaeque
664 844 827 885 natura,
859 838 1008 892 partim
1038 837 1303 890 indulgenter
1323 837 1388 877 vel
1420 851 1512 877 cum
1544 838 1707 886 labore,
1740 844 1785 878 ut
1804 840 1848 879 in
1869 838 2090 892 gignendo,

332 909 374 948 in
405 903 622 946 educando
659 900 858 955 perfacile
898 906 1097 953 appareat
1126 899 1240 939 aliud
1272 899 1470 953 quiddam
1502 900 1551 939 iis
1583 901 1863 953 propositum,
1902 914 1987 940 non
2018 913 2090 939 vo-

332 971 553 1022 luptatem:
593 964 743 1018 partim
785 976 908 1003 cursu
939 967 980 1002 et
1018 962 1306 1015 peragratione
1343 962 1574 1010 laetantur;
1621 963 1944 1016 congregatione
1981 962 2088 1002 aliae

331 1038 494 1072 coetum
524 1027 706 1082 quodam
738 1025 861 1065 modo
893 1024 1072 1064 civitatis
1103 1024 1328 1063 imitantur.
1388 1020 1476 1062 ΗΟ.
1511 1025 1711 1064 Videmus
1742 1025 1784 1064 in
1815 1025 1996 1079 quodam
2018 1037 2089 1064 vo-

285 1094 503 1134 ¹5lucrium
534 1103 685 1144 genere
718 1101 803 1128 non
835 1087 948 1127 nulla
979 1086 1134 1126 indicia
1170 1087 1356 1139 pietatis,
1399 1086 1703 1139 cognitionem,
1745 1088 2006 1134 memoriam;
2048 1086 2088 1125 in

330 1156 470 1197 multis
501 1156 622 1195 etiam
656 1150 864 1191 desideria
894 1149 1098 1189 videmus.
1144 1149 1252 1201 Ergo
1275 1149 1316 1188 in
1337 1149 1483 1188 bestiis
1507 1155 1629 1189 erunt
1649 1155 1808 1189 secreta
1829 1163 1852 1189 a
1874 1149 2088 1202 voluptate

327 1220 600 1259 humanarum
632 1213 837 1268 quaedam
869 1211 1090 1251 simulacra
1119 1212 1338 1258 virtutum,
1374 1212 1415 1250 in
1447 1212 1548 1265 ipsis
1579 1212 1819 1252 hominibus
1850 1211 1979 1251 virtus
2010 1211 2088 1250 nisi

327 1280 548 1335 voluptatis
579 1290 703 1318 causa
734 1275 847 1315 nulla
878 1275 983 1313 erit?
1015 1279 1055 1313 et
1084 1274 1264 1321 homini,
1299 1274 1368 1327 qui
1390 1275 1538 1313 ceteris
1560 1275 1838 1315 animantibus
1860 1274 2085 1327 plurimum

325 1348 528 1398 praestat,
559 1338 773 1394 praecipui
806 1350 829 1376 a
859 1342 1004 1376 natura
1035 1335 1137 1375 nihil
1169 1337 1309 1376 datum
1341 1350 1432 1376 esse
1465 1337 1681 1377 dicemus?

275 1421 312 1450 ρο
437 1404 630 1444 XXXIV.
664 1398 757 1441 11111.
788 1401 874 1439 Nos
907 1413 1025 1446 vero,
1060 1399 1094 1438 si
1128 1399 1296 1452 quidem
1328 1400 1369 1438 in
1402 1399 1615 1452 voluptate
1647 1405 1744 1439 sunt
1774 1399 1933 1446 omnia,
1966 1398 2086 1451 longe

326 1468 585 1520 multumque
616 1476 861 1517 superamur
891 1475 913 1501 a
942 1461 1107 1508 bestiis,
1141 1462 1294 1514 quibus
1327 1462 1418 1514 ipsa
1449 1467 1557 1501 terra
1588 1461 1727 1502 fundit
1757 1475 1810 1502 ex
1831 1476 1923 1502 sese
1945 1466 2086 1515 pastus

324 1531 461 1573 varios
493 1535 617 1582 atque
649 1525 907 1567 abundantes
939 1524 1040 1564 nihil
1072 1524 1381 1571 laborantibus,
1413 1524 1534 1564 nobis
1566 1530 1703 1564 autem
1734 1530 1805 1564 aut
1835 1524 1905 1564 vix
1935 1530 2004 1564 aut
2034 1537 2085 1563 ne

323 1595 394 1635 vix
425 1592 594 1647 quidem
625 1594 852 1643 suppetunt
881 1587 1012 1626 multo
1044 1587 1186 1626 labore
1219 1587 1529 1640 quaerentibus.
1576 1588 1661 1626 Nec
1692 1592 1828 1627 tamen
1851 1586 1938 1626 ullo
1961 1585 2085 1626 modo

324 1669 531 1698 summum
562 1652 732 1707 pecudis
763 1651 919 1690 bonum
952 1655 993 1689 et
1022 1649 1202 1689 hominis
1224 1648 1334 1688 idem
1357 1648 1458 1687 mihi
1484 1649 1616 1689 videri
1644 1654 1792 1703 potest.
1841 1648 1952 1697 Quid
1975 1648 2084 1687 enim

273 1735 309 1763 25
322 1725 437 1760 tanto
477 1730 582 1771 opus
614 1721 676 1755 est
710 1714 989 1753 instrumento
1019 1712 1062 1751 in
1093 1711 1262 1764 optimis
1293 1711 1448 1750 artibus
1480 1712 1792 1764 comparandis,
1834 1711 1935 1765 quid
1967 1716 2082 1751 tanto

323 1795 526 1823 concursu
570 1777 960 1820 honestissimorum
1000 1774 1251 1821 studiorum,
1293 1778 1409 1813 tanto
1451 1773 1650 1813 virtutum
1696 1773 1918 1820 comitatu,
1961 1774 1993 1812 si
2036 1785 2084 1812 ea

323 1846 479 1886 nullam
515 1842 566 1884 ad
606 1842 729 1882 aliam
771 1852 858 1879 rem
896 1837 976 1877 nisi
1015 1837 1067 1877 ad
1107 1836 1365 1890 voluptatem
1405 1827 1740 1889 conquiruntur?
1800 1832 1815 1873 ‘l
1830 1831 1893 1874 Ἰ19.
1937 1835 2009 1882 Ut,
2052 1835 2086 1874 si

322 1909 506 1955 Xerxes,
538 1918 632 1945 cum
663 1903 790 1943 tantis
820 1900 1021 1941 classibus
1052 1900 1263 1952 tantisque
1295 1898 1558 1951 equestribus
1591 1903 1632 1937 et
1656 1897 1918 1951 pedestribus
1940 1898 2085 1950 copiiS‚

321 1970 595 2023 Hellesponto
627 1967 790 2012 iuncto,
833 1963 998 2003 Athone
1029 1961 1240 2015 perfOSSO,
1281 1961 1410 2000 maria
1440 1960 1758 2008 ambulavisset,
1792 1965 1941 2000 terram
1972 1960 2086 2000 navi-

271 2047 307 2075 30
322 2033 520 2087 gavisset,
552 2030 606 2078 si,
638 2022 732 2069 cum
763 2031 878 2067 tanto
909 2026 1069 2078 impetu
1100 2025 1142 2063 in
1174 2024 1390 2063 Graeciam
1413 2023 1616 2070 venisset,
1649 2036 1815 2063 causam
1841 2023 1935 2076 quis
1961 2036 2013 2062 ex
2037 2036 2085 2062 eo

322 2098 543 2151 quaereret
571 2097 778 2133 tantarum
810 2088 1021 2141 copiarum
1054 2087 1243 2139 tantique
1274 2086 1392 2128 belli,
1427 2086 1508 2125 mel
1541 2099 1584 2125 se
1616 2085 1780 2125 auferre
1811 2099 1863 2125 ex
1888 2086 2084 2139 Hymetto

322 2159 501 2200 voluisse
539 2156 715 2201 diceret,
757 2157 865 2193 certe
907 2151 996 2191 sine
1036 2161 1161 2189 causa
1201 2149 1413 2188 videretur
1449 2153 1563 2187 tanta
1594 2153 1790 2195 conatus,
1822 2149 1881 2187 sic
1911 2161 1988 2187 nos
2021 2159 2084 2187 sa-

322 2223 506 2276 pientem
548 2218 740 2272 plurimis
784 2221 824 2254 et
862 2212 1117 2266 gravissimis
1159 2211 1314 2250 artibus
1355 2216 1481 2263 atque
1513 2209 1733 2250 virtutibus
1769 2210 2014 2250 instructum
2046 2216 2083 2250 et

321 2289 511 2325 ornatum
542 2294 648 2328 non,
688 2283 735 2318 ut
777 2276 915 2323 illum,
955 2274 1086 2314 maria
1116 2272 1293 2325 pedibus
1324 2278 1636 2326 peragrantem,
1675 2272 1878 2312 classibus
1908 2278 2083 2318 montes,

270 2361 306 2387 35
320 2347 393 2387 sed
425 2358 548 2386 omne
579 2342 739 2383 caelum
770 2344 983 2392 totamque
1014 2349 1107 2375 cum
1129 2335 1324 2374 universo
1348 2335 1450 2374 mari
1473 2340 1624 2375 terram
1646 2339 1784 2374 mente
1808 2335 2084 2388 complexum,

321 2409 576 2461 voluptatem
620 2408 762 2458 petere
809 2402 842 2441 si
887 2400 1096 2445 dicemus,
1143 2397 1277 2437 mellis
1324 2411 1446 2438 causa
1493 2398 1678 2438 dicemus
1723 2402 1839 2437 tanta
1879 2398 2082 2438 molitum.

322 2468 414 2510 Ἰ113.
445 2469 508 2509 Ad
540 2467 689 2509 altiora
719 2463 926 2519 quaedam
958 2466 998 2501 et
1027 2460 1404 2513 magnificentiora,
1438 2459 1541 2500 mihi
1573 2459 1710 2508 crede,
1742 2461 1968 2514 Torquate,
1999 2461 2084 2500 nati

319 2546 484 2579 sumus,
515 2543 591 2570 nec
622 2529 664 2569 id
695 2541 748 2568 ex
778 2526 905 2567 animi
937 2524 1073 2564 solum
1103 2523 1313 2577 partibus,
1343 2523 1385 2561 in
1418 2522 1570 2576 quibus
1592 2524 1703 2562 inest
1723 2523 1926 2562 memoria
1945 2536 2084 2562 rerum

318 2593 703 2639 innumerabilium,
743 2591 787 2630 in
828 2595 868 2629 te
900 2587 1069 2642 quidem
1100 2584 1283 2634 infinita,
1325 2586 1435 2626 inest
1465 2586 1706 2626 coniectura
1736 2584 2083 2639 consequentium

321 2675 2080 2693 -—-——,—.——.--.-———-.--—--

403 2737 434 2767 2.
460 2734 523 2775 cui]
549 2734 605 2773 qui
628 2733 652 2765 E
681 2751 714 2755 —
740 2731 934 2773 yratulatur
956 2730 1038 2761 AB:
1074 2728 1262 2768 gratuletur
1285 2729 1315 2759 M
1331 2729 1354 2759 O
1384 2744 1417 2749 —
1447 2727 1477 2759 4.
1503 2727 1642 2758 maioris
1663 2726 1767 2758 ABE
1796 2745 1828 2749 —
1857 2728 1943 2768 quod
1966 2736 2032 2758 occ.
2059 2728 2082 2758 B

321 2804 355 2808 v<
381 2785 508 2817 dolores
531 2792 658 2823 quoque
682 2782 890 2822 Madvigius:
917 2788 1044 2819 quoque
1067 2779 1192 2810 dolores
1217 2778 1320 2813 codd,
1347 2780 1382 2809 et
1405 2779 1429 2810 O
1456 2794 1489 2799 -
1524 2778 1555 2809 7.
1581 2777 1710 2817 refertis
1733 2777 1756 2808 B
1772 2777 1796 2808 E
1824 2795 1858 2799 -
1893 2777 1924 2809 8.
1951 2777 2084 2816 aliquod

319 2835 524 2867 Lambinus:
559 2833 685 2872 aliquid
715 2832 816 2864 codd.
844 2833 877 2863 et
902 2831 926 2861 O
957 2847 991 2852 —-
1026 2830 1077 2860 Μ.
1105 2838 1235 2868 quaque
1259 2829 1322 2860 AB
1354 2847 1388 2850 —
1421 2828 1472 2860 43.
1498 2832 1527 2859 et
1551 2836 1621 2860 om.
1648 2828 1672 2859 E
1697 2845 1739 2850 —
1760 2828 1996 2868 per·a9ratione
2018 2827 2082 2858 AB

318 2886 403 2917 CD:
433 2883 699 2924 pereyrinatione
722 2882 746 2912 O
784 2900 819 2904 -
853 2879 905 2912 44.
932 2882 1037 2910 cetum
1059 2879 1104 2915 A3
1139 2882 1243 2909 tecum
1273 2879 1297 2909 B
1314 2878 1339 2909 E
1368 2895 1401 2899 —
1435 2877 1619 2908 volucrium
1651 2876 1828 2908 Charisius
1854 2879 1898 2918 (p.
1925 2877 1987 2908 449
2013 2877 2079 2916 P.):

316 2934 488 2965 uolucrum
511 2935 554 2969 A3
580 2932 755 2963 uoluerunt
778 2931 802 2961 B
822 2948 850 2951 -
885 2930 936 2960 45,
956 2929 1080 2960 iudicia
1096 2929 1119 2959 B
1135 2929 1159 2960 E
1178 2946 1212 2950 -—
1241 2929 1293 2960 46.
1313 2928 1473 2959 desideria
1496 2928 1522 2958 Α
1536 2927 1560 2958 Β
1579 2928 1623 2958 C:
1651 2927 1857 2966 disciplinam
1874 2927 1899 2958 Ο
1919 2943 1953 2947 -
1979 2925 2081 2965 Eryo]

318 2984 423 3015 Erunt
446 2984 471 3014 E
499 3000 533 3004 —
553 2982 605 3013 49.
629 2980 801 3020 praecipui
826 2979 1013 3010 Manutius:
1039 2979 1218 3018 praecipue
1240 2980 1264 3009 Α
1281 2979 1325 3015 Β;
1348 2978 1566 3018 praecipuum
1590 2976 1644 3007 alii
1670 2977 1771 3008 codd.
1795 2996 1830 3000 —
1855 2985 1920 3008 esse
1942 2976 2083 3007 dicemus

317 3034 430 3064 datum
446 3033 469 3063 B
498 3050 532 3055 —-
559 3031 612 3062 ⁶21.
638 3038 835 3068 separamur
859 3029 883 3060 E
912 3047 946 3051 —-
979 3037 1021 3059 eac
1045 3036 1108 3059 sese
1130 3028 1236 3067 fundit
1260 3028 1283 3058 B
1300 3028 1323 3059 E
1352 3046 1385 3049 —
1413 3028 1465 3059 22.
1491 3027 1755 3058 habundantibus
1776 3028 1801 3058 B
1827 3045 1869 3050 —-
1892 3026 1945 3057 23.
1971 3024 2082 3055 labore

315 3083 417 3114 multo
441 3082 483 3119 E·,
509 3081 636 3112 labores
657 3079 758 3110 multo
782 3080 806 3110 B
824 3097 865 3101 —
888 3079 942 3110 25.
970 3078 1024 3118 qui
1048 3081 1138 3109 tanlo
1161 3078 1184 3107 B
1205 3094 1239 3098 —
1266 3077 1318 3108 ⁹36.
1345 3078 1382 3116 si]
1407 3077 1461 3107 sed
1478 3076 1503 3107 E
1530 3093 1565 3098 —
1592 3077 1645 3108 27.
1671 3077 1809 3117 nullam]
1834 3076 1902 3106 iam
1918 3083 1982 3104 non
1999 3073 2023 3103 B
2044 3091 2077 3095 -—

315 3133 342 3163 si
365 3139 493 3164 exerses
515 3130 578 3162 BE
606 3145 640 3151 —
675 3129 728 3160 ς29.
754 3129 875 3160 Athone
897 3129 983 3160 BD:
1015 3128 1145 3159 atthone
1167 3128 1212 3164 A;
1238 3127 1318 3157 Atho
1343 3127 1380 3158 C.
1415 3126 1464 3158 Cf.
1493 3127 1707 3158 priscianum
1734 3128 1816 3157 Inst.
1843 3126 1996 3155 Gramm.
2022 3122 2077 3159 Vl,

316 3181 368 3221 43,
393 3181 446 3212 70.
477 3198 511 3203 —-
535 3179 761 3220 nauigauisset
789 3178 909 3209 ABE:
941 3178 1130 3218 nauigasset
1158 3176 1228 3207 Mo
1257 3192 1291 3197 —
1331 3176 1382 3207 38.
1409 3177 1489 3207 inest
1518 3184 1587 3206 om.
1615 3175 1638 3205 B
1671 3176 1751 3214 (non
1777 3175 1812 3214 E)
1846 3191 1879 3196 —
1915 3173 1965 3204 39.
1993 3173 2025 3203 in
2050 3175 2080 3202 te

318 3233 360 3262 A:
385 3230 460 3263 inde
483 3230 564 3268 BE;
589 3229 656 3262 uice
679 3228 787 3260 ceteri
811 3228 934 3262 codd:
961 3231 990 3260 ec
1013 3236 1052 3260 ea
1076 3234 1156 3259 cum
1181 3226 1332 3257 Manutio
1357 3226 1382 3256 O
1409 3242 1441 3247 —
1470 3225 1705 3264 consequenda
1728 3224 1764 3255 E.
