2249 3624
290 125 370 171 ¹168
669 135 738 174 DE
769 133 976 173 FINIBUS
1007 131 1267 173 BONORUM
1296 133 1365 173 ET
1395 132 1659 173 MALORUM

403 246 516 285 XIX.
547 243 613 284 5⁶2.
644 244 769 284 Vides
800 243 927 296 igitur
956 248 995 283 te
1025 250 1096 284 aut
1128 258 1176 284 ea
1199 258 1384 292 sumere,
1417 257 1521 298 quae
1544 257 1627 283 non
1649 244 1946 293 concedantur,
1976 250 2048 286 aut

293 323 359 356 ea,
392 321 496 361 quae
529 308 652 347 etiam
683 319 882 346 concessa
912 311 952 345 te
983 306 1085 346 nihil
1117 307 1274 346 iuvent.
1323 307 1528 360 Equidem
1559 306 1603 345 in
1625 306 1813 345 omnihus
1833 307 1925 346 istis
1949 320 2047 347 con-

293 370 548 411 clusionibus
578 369 658 408 hoc
688 373 876 422 putarem
907 368 1175 421 philosophia
1205 369 1410 423 nobisque
1442 370 1633 421 dignum,
1667 373 1707 408 et
1727 369 1922 417 maxime,
1954 383 2047 410 cum

293 446 499 473 summum
529 432 684 470 bonum
717 443 1036 482 quaereremus,
1068 431 1191 470 vitam
1216 438 1420 479 nostram,
1452 431 1643 478 consilia,
1675 430 1932 479 voluntates,
1963 445 2047 472 non

260 495 416 534 5verba
447 493 609 544 corrigi.
672 491 776 539 Quis
809 493 916 531 enim
949 498 1086 544 potest
1115 494 1227 540 istis,
1268 508 1373 547 quae
1406 500 1467 541 te,
1507 500 1552 532 ut
1581 494 1663 540 ais,
1696 493 1924 540 delectant,
1954 493 2048 532 bre-

292 557 409 596 vibus
450 561 490 595 et
531 555 662 594 acutis
702 555 853 593 auditis
886 555 936 594 de
969 556 1174 595 sententia
1207 556 1434 596 decedere?
1474 557 1576 595 Nam
1608 568 1700 595 cum
1733 560 1978 607 exspectant
2009 560 2049 595 et

291 624 415 658 avent
446 617 610 664 audire,
646 630 717 656 cur
748 617 868 657 dolor
897 617 1050 656 malum
1082 630 1166 656 non
1199 619 1270 665 sit,
1303 618 1445 657 dicunt
1474 617 1534 656 illi
1566 630 1756 670 asperum
1782 630 1872 657 esse
1894 617 2049 665 dolere,

291 680 533 725 molestum,
575 679 791 725 odiosum,
833 685 977 719 contra
1007 684 1216 727 naturam,
1248 679 1416 719 difficile
1448 679 1649 726 toleratu,
1682 679 1774 726 sed,
1806 681 1905 732 quia
1936 680 2050 720 nulla

292 742 346 782 sit
375 742 417 781 in
449 740 589 780 dolore
620 754 696 780 nec
734 741 846 780 fraus
880 754 956 780 nec
988 742 1230 795 improbitas
1262 756 1337 781 nec
1370 742 1526 781 malitia
1558 755 1631 781 nec
1662 741 1783 793 culpa
1813 755 1889 781 nec
1920 743 2050 795 turpi-

243 804 416 850 -notudo,
456 815 540 841 non
582 815 674 841 esse
714 803 817 842 illud
851 804 1016 842 malum.
1077 804 1188 843 Haec
1220 805 1291 856 qui
1322 804 1521 851 audierit,
1563 809 1608 843 ut
1638 804 1773 843 ridere
1805 817 1889 843 non
1921 811 2049 852 curet,

293 864 479 905 discedet
508 870 647 904 tamen
678 865 809 904 nihilo
841 863 996 905 firmior
1017 865 1067 904 ad
1091 866 1277 905 dolorem
1298 865 1515 905 ferendum
1538 879 1659 918 quam
1681 872 1865 906 venerat.
1900 864 1965 906 53.
1988 868 2049 907 Tu

292 933 431 968 autem
472 940 598 978 negas
635 926 785 966 fortem
828 940 919 967 esse
951 940 1198 980 quemquam
1240 941 1380 980 posse,
1414 928 1483 980 qni
1517 927 1703 966 dolorem
1734 928 1887 967 malum
1918 935 2049 980 putet.

294 990 376 1030 Cur
404 989 550 1029 fortior
581 989 655 1036 sit,
697 990 729 1028 si
761 989 883 1036 illud,
923 989 1034 1042 quod
1066 995 1152 1028 tute
1185 990 1399 1035 concedis,
1437 1003 1629 1041 asperum
1662 994 1702 1028 et
1732 990 1802 1028 vix
1832 989 2050 1030 ferendum

291 1051 484 1104 putabit?
524 1051 588 1090 Ex
627 1051 751 1091 rebus
792 1051 900 1090 enim
944 1050 1167 1097 timiditas,
1206 1064 1290 1089 non
1322 1065 1374 1090 ex
1405 1051 1618 1090 vocabulis
1649 1053 1845 1090 nascitur.
1895 1053 1946 1091 Et
1976 1052 2050 1099 ais,

242 1125 276 1153 45
293 1114 326 1153 si
367 1126 450 1152 una
492 1112 627 1168 littera
666 1118 871 1152 commota
904 1113 973 1159 sit,
1014 1112 1100 1151 fore
1132 1117 1215 1151 tota
1246 1118 1292 1151 ut
1322 1112 1432 1151 labet
1463 1112 1691 1164 disciplina.
1751 1114 1895 1153 Utrum
1926 1114 2051 1165 igitur

291 1176 365 1216 tibi
396 1175 573 1215 litteram
604 1175 750 1215 videor
781 1189 832 1213 an
863 1180 968 1214 totas
1000 1175 1171 1226 paginas
1204 1177 1495 1213 commovere?
1532 1175 1582 1213 Ut
1603 1175 1711 1214 enim
1736 1175 1788 1214 sit
1810 1175 1920 1228 apud
1944 1175 2050 1222 illos,

290 1239 332 1278 id
365 1237 479 1292 quod
510 1243 572 1277 est
601 1251 624 1277 a
655 1243 694 1276 te
732 1237 969 1282 laudatum,
1012 1235 1113 1274 ordo
1153 1248 1290 1275 rerum
1324 1243 1592 1276 conservatus
1624 1242 1664 1276 et
1694 1238 1832 1277 omnia
1868 1238 1977 1277 inter
2007 1251 2050 1277 se

291 1307 386 1355 apta
417 1305 458 1339 et
488 1313 647 1339 conexa
677 1319 730 1327 —
763 1299 820 1338 sic
853 1299 960 1337 enim
993 1298 1132 1337 aiebas
1164 1320 1239 1344 —,
1272 1304 1408 1337 tamen
1439 1300 1633 1352 persequi
1666 1313 1748 1338 non
1771 1299 1984 1348 debemus,
2015 1301 2050 1340 si

291 1377 315 1404 a
344 1363 459 1403 falsis
490 1362 704 1415 principiis
737 1361 922 1414 profecta
954 1366 1188 1412 congruunt
1218 1360 1309 1412 ipsa
1339 1361 1417 1400 sibi
1449 1367 1487 1400 et
1517 1375 1540 1400 a
1572 1362 1785 1414 proposito
1818 1375 1902 1401 non
1934 1362 2052 1401 aber-

243 1431 395 1466 20rant.
462 1422 530 1463 54.
572 1426 618 1463 In
658 1425 790 1477 prima
830 1424 954 1475 igitur
992 1423 1289 1462 constitutione
1329 1425 1438 1462 Zeno
1478 1429 1574 1463 tuus
1614 1437 1636 1463 a
1675 1430 1822 1464 natura
1860 1424 2051 1473 reccssit;

291 1501 466 1542 cumque
498 1501 703 1527 summum
734 1487 888 1525 honum
922 1487 1129 1537 posuisset
1156 1486 1196 1524 in
1228 1487 1384 1538 ingenii
1407 1487 1677 1539 praestantia,
1710 1501 1834 1540 quam
1857 1488 2051 1527 virtutem

289 1564 508 1597 vocamus,
554 1563 631 1589 nec
678 1550 900 1603 quicquam
941 1548 1054 1587 aliud
1101 1563 1191 1587 esse
1234 1550 1387 1589 bonum
1428 1550 1624 1596 dixisset,
1666 1551 1746 1589 nisi
1792 1550 1905 1603 quod
1945 1555 2053 1589 esset

287 1614 534 1661 honestum,
575 1625 651 1651 nec
682 1613 875 1651 virtutem
907 1624 1027 1664 posse
1059 1617 1270 1658 constare,
1309 1612 1341 1650 si
1379 1613 1418 1651 in
1455 1613 1600 1651 ceteris
1636 1613 1757 1652 rebus
1791 1618 1901 1652 esset
1936 1612 2052 1665 quic-

289 1689 427 1730 quam,
458 1675 568 1729 quod
590 1675 703 1715 aliud
726 1675 806 1714 alio
830 1674 978 1713 melius
1002 1680 1112 1713 esset
1142 1680 1211 1713 ant
1243 1675 1387 1726 peius:
1419 1674 1485 1713 his
1517 1675 1740 1728 propositis
1775 1675 1905 1714 tenuit
1937 1688 2051 1726 pror-

238 1745 274 1774 25
290 1752 359 1778 sus
391 1738 703 1791 consequentia.
755 1738 882 1775 Recte
914 1736 1038 1775 dicis:
1081 1749 1231 1788 negare
1264 1750 1346 1776 non
1378 1749 1562 1788 possum.
1624 1736 1704 1775 Sed
1735 1737 1790 1775 ita
1821 1735 1925 1774 falsa
1956 1740 2052 1775 sunt

290 1814 357 1848 ea,
390 1814 496 1854 quae
528 1805 829 1845 consecuntur,
868 1804 914 1837 ut
943 1798 1030 1845 illa,
1072 1813 1092 1838 e
1125 1799 1276 1852 quibus
1307 1799 1409 1838 haec
1442 1804 1536 1837 nata
1569 1804 1686 1845 sunt,
1718 1812 1814 1838 vera
1845 1811 1935 1837 esse
1967 1811 2050 1838 non

289 1863 462 1917 possint.
522 1861 587 1902 55.
619 1864 778 1902 Docent
810 1862 919 1900 enim
952 1875 1048 1908 nos,
1082 1867 1125 1900 ut
1157 1861 1258 1906 scis,
1291 1860 1519 1908 dialectici,
1552 1861 1585 1900 si
1619 1874 1687 1908 ea,
1721 1873 1826 1912 quae
1859 1874 1943 1899 rem
1975 1860 2051 1899 ali-

290 1939 414 1978 quam
447 1932 693 1978 sequantur‚
731 1924 834 1964 falsa
866 1925 968 1970 sint,
1008 1924 1152 1963 falsam
1194 1924 1306 1963 illam
1338 1925 1471 1976 ipsam
1505 1937 1613 1970 esse,
1657 1936 1778 1977 quam
1812 1928 2050 1975 sequantur.

289 1989 349 2028 Ita
382 1986 424 2027 lit
453 1988 524 2027 illa
556 1987 766 2027 conclusio
800 2000 881 2024 non
916 1987 1049 2025 solum
1086 2000 1200 2032 vera,
1234 1985 1305 2024 sed
1339 1987 1395 2024 ita
1428 1986 1666 2038 perspicua,
1702 1991 1743 2024 ut
1770 1985 1976 2024 dialectici
2002 1999 2051 2024 ne

239 2060 274 2090 30
289 2052 493 2092 rationem
525 2050 692 2104 quidem
726 2049 842 2088 reddi
875 2054 1019 2102 putent
1051 2055 1266 2102 oportere:
1307 2049 1348 2087 Si
1380 2048 1504 2094 illud,
1537 2048 1635 2095 hoc3
1669 2061 1751 2086 non
1782 2053 1918 2086 autem
1951 2047 2050 2086 hoc:

288 2114 413 2166 igitur
453 2127 504 2153 ne
541 2112 645 2152 illud
685 2112 865 2166 quidem.
930 2111 995 2150 Sic
1037 2111 1392 2163 consequentibus
1426 2111 1573 2149 vestris
1610 2110 1782 2150 sublatis
1815 2111 1944 2162 prima
1976 2109 2052 2149 tol-

287 2177 442 2215 luntur.
504 2176 621 2223 Quae
661 2181 859 2214 secuntur
896 2174 1048 2225 igitur?
1097 2173 1272 2219 Omnes,
1316 2173 1385 2225 qni
1419 2186 1501 2211 non
1535 2173 1615 2211 sint
1648 2173 1878 2225 sapientes,
1917 2185 2051 2224 aeque

288 2239 462 2278 miseros
504 2251 616 2284 esse,
658 2237 867 2288 sapientes
901 2249 1043 2274 omnes
1076 2250 1234 2274 sumine
1267 2236 1427 2280 beatos,
1460 2241 1567 2273 recte
1600 2234 1707 2273 facta
1733 2235 1870 2273 omnia
1901 2247 2051 2286 aequa-

287 2301 364 2348 lia,
405 2301 541 2340 omnia
580 2305 748 2352 peccata
794 2299 921 2351 paria.
983 2298 1099 2345 Quae
1139 2312 1230 2337 cuni
1274 2296 1486 2340 magnifice
1520 2298 1650 2351 primo
1684 2296 1764 2335 dici
1795 2296 2049 2344 viderentur,

237 2372 273 2400 35
288 2363 548 2403 considerata
579 2362 715 2401 minus
748 2362 1044 2413 probabantur.
1108 2362 1263 2400 Sensus
1294 2362 1402 2399 enim
1435 2360 1636 2412 cuiusque
1668 2365 1708 2398 et
1739 2365 1884 2398 natura
1912 2372 2049 2398 rerum

287 2431 409 2479 atque
451 2425 541 2477 ipsa
572 2425 722 2464 veritas
764 2424 965 2463 clamabat
998 2423 1178 2475 quodam
1220 2423 1343 2462 inodo
1377 2436 1459 2461 non
1492 2436 1614 2475 posse
1646 2420 1817 2468 adduci,
1858 2426 1905 2460 ut
1943 2421 2050 2460 inter

287 2501 355 2527 eas
386 2502 475 2534 res,
509 2501 613 2540 quas
644 2489 753 2526 Zeno
785 2491 1058 2539 exaequaret,
1092 2486 1191 2524 nihil
1226 2486 1457 2524 interesset.

399 2550 491 2588 XX.
524 2548 590 2588 250.
634 2551 781 2589 Postea
822 2555 916 2588 tuus
955 2548 1025 2588 ille
1066 2549 1277 2587 Poenulus
1312 2571 1358 2575 —
1393 2548 1472 2586 scis
1506 2548 1615 2586 enini
1650 2547 1831 2592 Citieos,
1875 2545 2047 2584 clientes

286 2616 401 2659 tuos,
434 2624 454 2650 e
487 2609 692 2651 Phoenica
725 2611 932 2666 profectos
966 2635 1037 2657 -ψ,
1070 2611 1193 2650 homo
1226 2611 1350 2663 igitur
1380 2616 1523 2649 acutus
1556 2623 1720 2649 causam
1750 2622 1830 2648 non
1855 2608 2047 2647 obtinens

373 2797 403 2826 4.
429 2804 617 2826 suniero-—
635 2799 691 2825 aul
723 2805 760 2826 ea
791 2803 859 2825 orn.
886 2795 910 2825 E
938 2798 1014 2825 (non
1041 2795 1075 2832 B)
1114 2811 1144 2815 -
1180 2794 1209 2824 ¹2.
1236 2793 1494 2824 (τηιοῖιωῐοηίόιις
1525 2793 1592 2823 istis
1623 2793 1667 2829 133
1700 2792 1770 2823 ‹islis
1792 2791 2050 2822 conclusionibus

284 2846 354 2876 istis
379 2845 400 2875 B
423 2863 452 2867 —
485 2844 514 2876 4.
541 2845 721 2884 rolnplales
744 2846 767 2875 B
786 2846 808 2875 E
831 2863 863 2867 —
892 2845 922 2875 5.
944 2853 1026 2883 qnae
1051 2848 1083 2874 lu
1108 2846 1143 2873 πί
1168 2844 1216 2872 aix
1241 2843 1388 2873 brec-ibus
1412 2843 1570 2873 delectant
1594 2846 1622 2873 el
1640 2844 1744 2872 aculis
1760 2843 1783 2873 B
1799 2843 1822 2873 C
1839 2843 1862 2873 E
1881 2858 1914 2863 —
1943 2842 1973 2872 6.
1992 2850 2050 2872 ca:-

283 2898 427 2934 spectant
444 2896 504 2926 Th.
525 2896 718 2927 Bentleius:
747 2905 785 2926 ea
802 2899 946 2934 spectant
963 2894 1064 2925 codd.
1099 2895 1202 2924 etiarn
1222 2894 1270 2931 Eg
1300 2894 1347 2923 tls.
1370 2902 1439 2923 var.
1460 2891 1537 2923 lect.
1557 2902 1590 2932 p.
1610 2892 1680 2924 464.
1698 2893 1792 2924 23„—
1818 2892 1848 2923 7.
1868 2892 1974 2932 avent]
1992 2891 2049 2922 ha-

284 2945 355 2975 bent
379 2944 481 2975 codd.
505 2961 538 2966 ψ-
566 2946 615 2975 1¹0.
636 2946 731 2985 Haec]
759 2946 823 2975 Nm·
849 2945 871 2975 B
893 2962 925 2965 —
956 2944 1007 2974 43.
1028 2944 1190 2983 asperum]
1218 2944 1379 2982 ‹olm-miri
1406 2944 1427 2972 13
1469 2942 1518 2972 (Is.
1540 2951 1571 2982 p.
1594 2942 1666 2977 1173,
1687 2942 1739 2973 36.
1763 2960 1796 2963 —
1824 2945 1853 2973 et
1877 2950 1945 2972 om.
1965 2942 1989 2972 B
2009 2958 2044 2963 —

285 2995 336 3025 45.
362 2994 443 3033 fore]
467 2994 550 3033 forle
574 2995 597 3024 B
613 2995 636 3025 E
659 3013 689 3016 -
720 2995 770 3025 116,
796 2996 909 3025 videor
932 2994 1074 3024 mser-am
1100 2994 1124 3023 B
1147 3012 1178 3015 m
1210 2993 1261 3024 118.
1281 2993 1450 3022 debeamus
1473 2993 1496 3022 B
1512 2992 1536 3022 E
1560 3009 1589 3013 —
1624 2992 1670 3021 ¹9.
1697 2995 1882 3032 congruunt
1907 2990 2048 3022 Lambi-

285 3053 365 3075 nus:
394 3044 584 3083 conyruenst
610 3044 632 3073 Β
649 3044 690 3074 E:
718 3047 895 3082 consp-nen!
921 3044 1027 3073 ceteri
1063 3061 1095 3065 —
1126 3044 1175 3072 21.
1196 3043 1225 3071 iu
1245 3051 1311 3073 oni.
1336 3043 1356 3072 l}
1379 3059 1409 3063 -—
1439 3042 1576 3070 uirtutes
1600 3041 1623 3071 B
1644 3058 1678 3062 —
1706 3042 1758 3072 ¹22,
1785 3050 1848 3072 esse
1865 3040 2042 3071 bonumB:

283 3093 400 3124 bonum
425 3102 489 3123 esse
506 3093 530 3123 O
552 3110 585 3114 —
612 3094 665 3123 ⁶25.
686 3102 805 3132 noym-e
831 3094 906 3123 BG:
934 3101 1056 3132 neg-sure
1073 3093 1157 3122 enim,
1175 3092 1240 3122 §.to
1261 3108 1294 3112 -
1322 3092 1374 3122 ΞΘ.
1402 3091 1459 3120 illa
1484 3090 1507 3130 e]
1536 3090 1585 3120 ille
1610 3090 1632 3120 13
1654 3106 1686 3111 —
1708 3091 1761 3121 ¹28.
1787 3090 1860 3130 sim]
1885 3093 1958 3120 sunt
1983 3091 2005 3120 B
2023 3090 2045 3120 E

286 3160 319 3164 -—
342 3142 393 3173 29.
418 3142 465 3183 fil]
490 3143 529 3172 sit.
554 3143 576 3173 B
593 3142 615 3173 E
634 3159 667 3162 —
690 3142 740 3172 30,
769 3144 858 3172 reddi
883 3152 950 3174 om.
972 3144 995 3173 Β
1013 3143 1034 3173 E
1058 3160 1088 3163 -
1110 3143 1160 3172 32,
1188 3142 1250 3170 sim*
1275 3142 1315 3171 B:
1343 3144 1414 3170 sunt
1433 3142 1456 3169 ()
1480 3158 1511 3162 —
1539 3141 1590 3171 33.
1612 3140 1719 3170 bealos
1744 3141 1767 3171 B
1783 3141 1825 3172 E:
1852 3141 1960 3171 beatos
1982 3148 2046 3170 esse

284 3192 350 3223 ΜΟ
369 3209 402 3213 -
424 3192 476 3222 35,
500 3191 729 3230 probabantur
746 3194 928 3223 Gruterus:
955 3192 1140 3230 [sn-..huntur
1159 3190 1259 3220 ‹·o‹l‹l.
1282 3192 1315 3221 ct
1332 3192 1355 3221 O
1376 3209 1407 3211 —
1438 3190 1489 3220 37.
1514 3199 1679 3228 ccc-{nare
1698 3191 1719 3220 Β
1742 3208 1772 3213 -
1803 3189 1842 3220 38
1875 3192 1948 3219 [uus
1966 3190 2044 3227 (nou

283 3243 373 3283 Ciuis)
394 3242 497 3274 etiam
515 3242 538 3273 E
555 3259 588 3263 —
610 3241 734 3283 Citieos]
753 3243 851 3273 cicius
868 3242 971 3273 codd.
991 3259 1022 3263 κ
1045 3242 1096 3273 39.
1116 3251 1131 3272 e
1150 3241 1336 3272 Manutius:
1358 3250 1378 3271 a
1396 3240 1496 3271 codd.
1519 3257 1552 3262 —
1573 3241 1731 3272 Phoenica
1748 3241 1813 3270 Iao.
1831 3239 2038 3269 Gronovius:
