2249 3624
622 202 718 243 cn».
750 203 1021 243 xix-xx.
1062 202 1121 256 §ss
1150 202 1345 246 Διὶ-43.
1785 202 1858 248 581

98 326 261 355 causam
293 323 385 350 esse
416 309 467 349 ad
500 309 821 350 adsentiendum
855 311 1156 357 necessariam,
1198 312 1396 351 concedet
1429 318 1494 359 ut,
1536 314 1569 352 si
1603 315 1744 354 omnia
1778 315 1863 355 sato

96 374 206 421 fiant,
237 373 375 414 omnia
408 371 544 410 causis
578 371 678 410 fiant
709 372 1055 411 antecedentibus
1088 379 1127 411 et
1161 375 1434 421 necessariis3
1466 376 1647 430 itemque
1681 377 1759 422 illi,
1793 378 1863 430 qui

95 439 146 481 ab
176 438 256 477 hoc
287 435 565 480 dissentiunt,
604 433 851 474 confitentes
893 448 974 474 non
1016 433 1103 474 lieri
1141 435 1414 476 adsensiones
1446 439 1535 477 sine
1569 439 1863 492 praecursione

95 501 290 544 visorum,
322 497 474 543 dicent,
507 497 538 536 si
572 498 713 536 omnia
744 497 827 537 fato
861 496 1007 537 tierent
1039 498 1128 536 eins
1154 499 1275 543 modi,
1309 506 1351 537 ut
1375 500 1478 539 nibil
1502 501 1618 540 lieret
1644 502 1721 540 nisi
1747 513 1863 553 prae-

95 561 308 618 gressione
339 572 512 605 causae,
557 557 840 599 confitendum
880 573 971 598 esse
1010 560 1092 599 fato
1126 558 1212 599 lieri
1247 562 1408 600 omnia:
1452 576 1502 601 ex
1535 577 1616 615 quo
1649 563 1770 602 facile
1802 565 1894 603 ἰπὶ-ὀ

95 624 262 665 tellectu
294 627 378 668 est,
412 622 610 675 quoniam
644 622 812 675 utrique
847 621 1049 675 patefacta
1081 628 1208 675 atque
1240 624 1435 674 explicita
1468 627 1674 665 sententia
1706 638 1779 664 sua
1811 625 1862 665 ad

95 685 271 727 eundem
304 685 462 724 exitum
496 684 680 731 veniant,
721 685 858 723 verbis
891 697 983 730 eos,
1026 698 1108 723 non
1143 699 1186 723 re
1218 685 1436 725 dissidere.
1497 684 1562 726 45¹».
1597 688 1862 740 Omninoque

94 761 184 789 cum
224 746 328 785 haec
368 747 419 787 sit
455 747 690 793 distinctio,
734 753 777 786 ut
814 747 1063 800 quibusdam
1106 748 1147 786 in
1181 748 1302 786 rebus
1337 762 1429 787 vere.
1462 750 1543 789 dici
1577 752 1731 802 possit,
1770 764 1861 789 cum

93 811 169 852 bae
208 822 358 849 causae
399 815 666 862 antegressae
706 810 816 853 sint,
862 822 945 847 non
984 823 1076 848 esse
1115 810 1154 848 in
1196 817 1339 849 nostra
1378 818 1612 863 potestate,
1660 814 1759 864 quin
1793 812 1862 851 illa

94 872 300 919 eveniant,
332 886 510 925 quorum
543 885 691 911 causae
724 871 893 917 fuerint,
928 872 1180 924 quibusdam
1214 880 1351 911 antoni
1377 874 1416 912 in
1441 875 1565 913 rebus
1589 875 1722 913 causis
1747 880 1911 913 ante—io

94 935 244 988 gressis
283 935 323 973 in
366 941 507 974 nostra
547 940 687 974 tamen
728 947 819 973 esse
861 940 1086 987 potestate,
1129 940 1173 974 ut
1213 935 1315 974 illud
1355 936 1476 975 aliter
1515 937 1705 975 eveniat:
1754 936 1862 975 hanc

94 998 403 1038 distinctionem
436 998 602 1049 utrique
633 997 884 1050 adprobant,
918 996 990 1036 sed
1013 997 1130 1036 alteri
1154 1004 1347 1044 censent,
1371 999 1522 1050 quibus
1547 1000 1586 1037 in
1611 1000 1748 1046 rebus,
1770 1013 1863 1038 cum

94 1072 242 1100 causae
287 1061 618 1107 antecesserint,
663 1073 746 1099 non
793 1060 844 1099 sit
888 1061 929 1100 in
969 1066 1110 1098 nostra
1152 1066 1355 1112 potestate
1396 1065 1439 1100 ut
1477 1061 1596 1100 aliter
1634 1061 1729 1100 illae
1769 1074 1865 1100 eve-

95 1124 230 1169 niant,
273 1135 343 1162 eas
374 1121 460 1162 sato
493 1120 602 1169 lieri,
641 1136 747 1175 quae
778 1128 918 1162 autem
951 1122 993 1161 in
1026 1128 1166 1162 nostra
1197 1128 1405 1175 potestate
1437 1123 1539 1170 sint,
1573 1124 1622 1163 ab
1654 1125 1703 1164 iis
1734 1123 1863 1163 fatum

93 1186 252 1226 abesse.
289 1183 311 1205 s
342 1182 364 1204 ‘³⁶
397 1184 419 1206 ⁹⁵
1879 1196 1915 1225 ⁴5

204 1248 297 1287 XX.
329 1244 395 1286 46.
428 1248 517 1288 Hoc
550 1247 671 1288 modo
703 1248 809 1288 hanc
842 1261 1008 1288 causam
1041 1248 1267 1301 disceptari
1300 1252 1485 1300 oportet,
1517 1261 1601 1288 non
1633 1249 1684 1288 ab
1715 1249 1864 1288 atomis

95 1311 326 1352 errantibus
365 1315 405 1350 et
444 1311 494 1350 de
527 1311 593 1350 via
625 1311 933 1351 declinantibus
964 1317 1106 1364 petere
1140 1310 1408 1364 praesidium.
1467 1312 1679 1359 Declinat,
1720 1311 1865 1364 inquit,

94 1379 270 1414 atomus.
342 1373 526 1413 Primum
566 1375 674 1412 cur‘?
721 1374 844 1413 aliam
885 1374 993 1414 enim
1038 1374 1249 1426 quandam
1293 1373 1375 1412 vim
1414 1379 1552 1413 motus
1592 1374 1802 1413 habebant
1842 1385 1867 1412 a

94 1436 330 1476 Democrito
366 1436 643 1488 inpulsionis‚
687 1449 811 1489 quam
847 1436 1011 1489 plagam
1044 1436 1115 1476 ille
1148 1436 1354 1489 appellat,
1393 1448 1416 1474 a
1448 1441 1509 1483 te,
1542 1436 1742 1489 Epicure,
1775 1448 1867 1488 gra-

95 1498 233 1538 vitatis
265 1504 305 1538 et
334 1499 546 1552 ponderis.
598 1498 716 1546 Quae
749 1512 847 1551 ergo
879 1512 986 1538 nova
1019 1512 1144 1538 causa
1175 1500 1215 1538 in
1249 1504 1398 1538 natura
1430 1505 1512 1546 est,
1546 1512 1653 1552 quae
1687 1497 1916 1537 declinet2o

98 1563 309 1601 atomum?
356 1567 428 1602 aut
466 1575 564 1601 num
598 1562 830 1601 sortiuntur
860 1563 969 1601 inter
1000 1575 1067 1609 se,
1109 1575 1215 1615 quae
1249 1561 1454 1609 declinet,
1494 1574 1601 1615 quae
1633 1562 1750 1600 non‘?
1797 1566 1870 1600 aut

96 1636 167 1663 cur
206 1622 379 1665 minimo
422 1624 635 1664 declinent
674 1624 915 1671 intervallo,
957 1625 1110 1664 maiore
1148 1626 1268 1664 non?
1314 1630 1384 1664 aut
1424 1638 1496 1664 cur
1537 1623 1748 1663 declinent
1785 1636 1869 1663 uno

99 1686 291 1734 minimo,
325 1701 410 1727 non
443 1688 654 1727 declinent
687 1687 850 1726 duobus
873 1693 943 1727 aut
964 1688 1129 1727 tribus?
1171 1687 1328 1740 Optare
1359 1687 1439 1727 hoc
1472 1687 1641 1740 quidem
1673 1691 1754 1732 est,
1786 1698 1871 1724 non

98 1747 320 1802 disputare.
380 1747 447 1789 47.
480 1751 580 1789 Nam
614 1763 751 1803 neque
784 1750 1044 1789 extrinsecus
1075 1751 1284 1803 inpulsam
1316 1756 1499 1790 atomum
1532 1750 1623 1790 loco
1651 1749 1808 1788 moveri
1832 1753 1872 1788 et

99 1812 307 1852 declinare
341 1811 459 1859 dicis,
493 1825 632 1865 neque
664 1813 706 1852 in
738 1812 810 1851 illo
843 1812 971 1858 inani,
1004 1826 1077 1865 per
1110 1813 1221 1866 quod
1252 1812 1409 1852 seratur
1437 1818 1619 1858 atomus,
1645 1812 1919 1865 quicquam25

99 1874 226 1914 fuisse
269 1888 421 1914 causae
460 1888 533 1914 cur
571 1888 618 1914 ca
650 1888 735 1913 non
767 1888 788 1913 e
819 1874 991 1927 regione
1022 1874 1221 1922 serretur,
1263 1889 1339 1914 nec
1371 1876 1414 1914 in
1446 1875 1537 1928 ipsa
1568 1881 1708 1914 atomo
1741 1881 1873 1914 muta-

101 1937 226 1977 tionis
258 1937 420 1991 aliquid
453 1937 609 1977 factum
642 1944 725 1984 est,
770 1951 893 1990 quam
922 1937 974 1976 ob
1005 1952 1092 1977 rem
1126 1938 1357 1978 naturalem
1391 1945 1548 1978 motum
1580 1938 1643 1977 sui
1676 1937 1877 1990 ponderis

99 2012 182 2038 non
214 2005 386 2039 teneret.
448 2000 508 2039 Ita
540 2013 632 2039 cum
665 2000 889 2040 adtulisset
919 2000 1075 2039 nullam
1109 2014 1298 2048 causam,
1339 2014 1447 2054 quae
1479 2001 1597 2040 istam
1632 2000 1878 2040 declinatio-

101 2075 193 2102 nem
225 2061 430 2110 efficeret,
472 2069 623 2102 tamen-
652 2062 813 2116 aliquid
857 2063 934 2102 sibi
978 2062 1116 2102 dicere
1155 2063 1343 2110 videtur,
1382 2076 1477 2102 cum
1510 2063 1551 2102 id
1585 2062 1716 2109 dicat,
1760 2061 1875 2115 quod

101 2126 280 2165 omnium
313 2131 473 2165 mentes
505 2132 786 2178 aspernentur
817 2139 863 2166 ac
893 2131 1103 2176 respuant.
1153 2123 1219 2165 48.
1252 2127 1335 2165 Nec
1364 2139 1462 2165 vero
1495 2126 1720 2178 quisquam
1743 2124 1920 2178 magisso

102 2185 345 2228 confirmare
378 2188 478 2228 mibi
510 2187 677 2228 videtur
708 2202 790 2228 non
822 2188 947 2227 modo
979 2187 1131 2236 fatum,
1168 2202 1311 2228 verum
1353 2189 1478 2228 etiam
1511 2188 1801 2227 necessitatem
1836 2192 1878 2227 et

101 2249 183 2290 vim
223 2250 407 2290 omnium
448 2264 588 2291 rerum
629 2251 937 2304 sustulisseque
976 2257 1115 2291 motus
1156 2252 1283 2292 animi
1314 2251 1596 2298 voluntarios,
1638 2264 1764 2304 quam
1794 2250 1876 2297 hic,

189 2486 219 2517 t.
245 2495 310 2518 esse
333 2495 404 2519 om.
424 2487 462 2526 B,
488 2489 568 2528 post
590 2496 727 2518 causam
751 2486 860 2518 habet
885 2487 910 2518 O
937 2504 970 2509 —
999 2487 1144 2518 coneedit
1169 2485 1266 2518 13¹—
1289 2486 1320 2518 ⁵3.
1345 2487 1430 2527 fiant
1454 2486 1562 2517 causis
1586 2486 1611 2517 O
1640 2504 1674 2509 —
1702 2485 1733 2517 3.
1752 2486 1878 2518 dissen—

103 2538 186 2569 liant
207 2535 246 2569 Βι
278 2555 314 2559 -
349 2537 380 2570 4.
404 2538 691 2578 ρναεριωεὶοηειη
714 2536 752 2568 13¹
789 2554 822 2559 —
859 2538 889 2568 ὃ.
916 2537 1112 2569 intellectum
1136 2538 1160 2568 B
1195 2554 1230 2559 —
1270 2536 1300 2567 6.
1328 2536 1487 2575 quoniam
1512 2545 1603 2567 corr.
1630 2537 1663 2568 in
1687 2546 1762 2568 cum
1785 2537 1814 2566 V
1839 2554 1875 2560 —

104 2587 270 2626 explicata
291 2587 351 2618 VO
381 2605 415 2610 -
448 2588 478 2619 7.
506 2589 637 2619 omnino
663 2597 747 2627 quae
770 2597 844 2618 cum
869 2588 926 2619 ΑΒ
960 2605 995 2610 -
1031 2587 1060 2618 8.
1085 2590 1190 2627 posset
1214 2586 1242 2615 V
1276 2603 1311 2608 —
1346 2586 1376 2616 9.
1403 2586 1492 2616 hae*
1510 2588 1555 2623 A,
1590 2586 1669 2618 haec
1694 2585 1753 2621 V¹;
1786 2586 1878 2618 hanc

104 2635 219 2668 femini
249 2637 397 2669 sormam
424 2638 583 2670 Ciceroni
609 2638 774 2678 equidem
802 2637 957 2668 tribuere
983 2636 1095 2673 nolui,
1131 2645 1212 2667 cum
1238 2636 1430 2666 Varronem
1458 2636 1501 2666 ita
1526 2644 1654 2675 genera
1681 2635 1879 2668 distinxisse

105 2689 256 2722 constet,
283 2689 319 2717 ut
345 2688 558 2719 nominativo
584 2687 725 2728 pluralis
751 2688 907 2719 seminini
934 2688 1073 2727 generis
1100 2687 1248 2718 formam
1274 2686 1350 2722 hae,
1379 2687 1536 2717 neutrius
1560 2686 1639 2717 haec
1664 2686 1876 2723 adsigna-ret.

107 2751 142 2757 —
168 2737 219 2767 it.
244 2738 357 2769 ueniat
382 2738 407 2768 V
434 2754 468 2760 —
497 2738 548 2769 43.
576 2739 814 2769 anteconsertnc
838 2740 877 2769 A!
905 2755 939 2760 —
968 2736 1044 2777 non]
1072 2736 1152 2767 huic
1177 2735 1368 2776 particulae
1394 2737 1439 2765 ito
1465 2739 1499 2765 ut
1524 2735 1771 2776 anteponenda
1798 2743 1877 2767 esse

105 2786 139 2817 in
163 2794 268 2826 marg.
296 2786 375 2818 cod.
402 2788 429 2817 V
453 2787 688 2827 significatum
714 2790 786 2825 est,
824 2796 914 2827 quae
946 2795 1027 2818 cuni
1060 2787 1092 2817 in
1119 2787 1142 2817 C
1177 2786 1291 2816 desint
1318 2788 1351 2816 et-
1376 2786 1542 2817 orationis
1568 2794 1696 2816 nexum
1721 2785 1876 2822 turbent,

106 2843 169 2866 nos
193 2836 388 2876 expulimus
421 2855 455 2859 -
490 2840 554 2868 sint
577 2838 667 2869 A¹B¹
701 2856 733 2860 -
772 2837 823 2868 ⁴3.
849 2837 926 2868 illae
952 2838 1130 2868 Davisius:
1158 2837 1217 2867 illa
1241 2836 1300 2867 CO
1331 2853 1362 2857 —
1400 2835 1440 2866 44
1479 2844 1535 2866 eas
1558 2832 1684 2867 A132V:
1712 2843 1751 2865 ea
1776 2833 1813 2864 B¹
1840 2852 1876 2857 —

107 2885 147 2916 ab
169 2886 210 2916 iis
231 2887 284 2918 AB
311 2896 402 2918 corr.
429 2896 471 2918 ex
495 2887 536 2918 ab
560 2888 604 2925 is,
640 2887 680 2918 ab
703 2888 752 2918 his
776 2888 800 2918 Ο
839 2903 874 2909 -
912 2890 1029 2917 uatum
1055 2885 1094 2915 Ψ
1133 2904 1167 2908 -
1207 2887 1257 2916 45Δ
1286 2888 1362 2926 post
1388 2885 1496 2917 abesse
1520 2894 1630 2926 pauca
1656 2884 1877 2916 intercidisse

108 2936 295 2969 Lambinus
324 2937 425 2975 vidit,
463 2946 570 2978 quam
602 2937 767 2969 lacunam
798 2937 927 2969 Alanus
960 2945 1040 2968 cum
1073 2937 1105 2966 in
1139 2936 1216 2967 cod.
1247 2935 1449 2972 Harleiano,
1483 2936 1538 2966 cui
1571 2935 1658 2966 fides
1688 2937 1741 2966 est
1772 2933 1876 2972 nulla,

108 2983 292 3017 lectionem
327 2987 437 3026 facum
465 2997 559 3019 onme
588 2989 732 3029 releqari
767 2989 1004 3028 repperisset,
1043 2987 1266 3017 inscitissime
1296 2986 1346 3017 sic
1379 2985 1551 3026 explexit:
1589 2986 1684 3017 alleri
1714 2984 1828 3015 volunt
1857 2993 1880 3015 a

108 3035 201 3065 rebus
226 3036 332 3074 satum
363 3046 455 3068 omne
484 3038 638 3077 releymi.
675 3055 710 3059 —
755 3038 806 3068 46.
834 3038 932 3068 abate
961 3038 1024 3067 mis
1047 3036 1214 3067 crantibus
1244 3034 1279 3066 B¹
1319 3054 1353 3057 —
1394 3036 1444 3067 Π,
1473 3035 1548 3066 sort.
1576 3033 1807 3066 aberrantibus
1841 3050 1872 3056 -

111 3083 162 3115 ⁴8.
187 3086 273 3116 enim
297 3094 401 3118 manu
425 3096 498 3119 sec.
525 3087 680 3119 deletum
706 3088 738 3118 in
763 3090 808 3123 Α,
841 3095 910 3118 om.
937 3087 1014 3118 codv
1038 3085 1172 3125 lirlang.
1200 3103 1241 3108 —
1271 3084 1430 3115 habebant
1453 3086 1532 3116 BV:
1565 3084 1727 3116 habebunt
1750 3083 1811 3114 AO
1839 3100 1875 3106 -

111 3132 162 3164 ⁴9.
186 3135 263 3166 illae
287 3135 323 3166 B¹
357 3154 390 3158 —
430 3147 452 3168 ιι
475 3138 514 3178 te]
540 3141 616 3169 αηιο
640 3137 667 3166 V
702 3155 737 3160 —
775 3138 827 3168 ⁶20.
856 3146 922 3176 qua
945 3137 1080 3167 declinet
1104 3140 1234 3166 atomus
1258 3136 1347 3166 coniv
1376 3136 1534 3166 Davisius
1563 3153 1596 3158 —
1635 3135 1688 3165 Ἡ.
1715 3136 1776 3164 aut
1798 3142 1878 3164 num

111 3184 143 3222 (ε
164 3193 242 3216 num
265 3187 298 3216 in
322 3188 406 3224 ras.)
432 3191 456 3219 A
484 3206 518 3210 —
545 3188 597 3219 22.
625 3191 683 3218 aue
707 3196 767 3218 cur
791 3196 866 3224 non,
893 3187 957 3218 sed
980 3196 1045 3217 ηοη
1070 3187 1208 3226 punctis
1234 3187 1403 3222 notatum,
1430 3186 1454 3216 B
1482 3203 1518 3208 -—
1552 3186 1605 3217 26.
1634 3185 1706 3224 ipsa
1729 3188 1877 3214 atomum

111 3234 265 3265 titutionis
294 3234 345 3272 V¹‚
371 3236 479 3275 ipsam
502 3241 649 3268 atomum
671 3237 864 3268 titulationis
893 3236 936 3266 Ψ
972 3255 1007 3259 -
1045 3237 1097 3268 Ἦ.
1125 3236 1176 3266 sui
1196 3236 1350 3274 ponderis
1372 3239 1497 3267 motum
1520 3235 1546 3267 Ο
1579 3252 1615 3257 -—
1652 3234 1706 3266 28.
1732 3233 1876 3266 aculissel

112 3282 140 3314 A
172 3298 206 3305 —
243 3283 296 3316 3⁴.
321 3285 448 3326 factum
477 3295 567 3320 corr.
596 3288 629 3319 in
651 3288 759 3328 satum
783 3287 807 3319 B
835 3305 870 3311 —
909 3287 960 3319 32.
987 3287 1156 3319 sustulisse
1179 3294 1264 3328 quae
1287 3286 1323 3317 B.

2231 1810 2239 1878 οὗ*
2232 1680 2239 1808 -αο-..ψὸ-
2231 1644 2237 1670 ,-

2236 2837 2243 2911 >-..--
2229 1967 2249 2828 man—.-.—„——.d-⁴-„.——Qc
2233 1922 2239 1954 vd„
