2249 3624
19 315 22 328 -
19 189 22 256 —--
19 0 26 176 ο-ΑᾼᾼῂἾ-Ἷ-

664 205 752 244 Lm.
775 204 804 243 1.
853 204 1174 246 cmx-xm.
1216 204 1275 259 ὃς
1298 204 1488 247 28—33.
1877 210 1958 252 805

198 315 422 366 discrepat,
463 310 681 350 sententiis
724 324 972 362 congruens.
1042 314 1126 353 Nec
1166 318 1228 352 est
1269 314 1491 366 quisquam
1531 315 1664 366 gentis
1695 316 1846 364 ullius,
1886 320 1958 371 qui

197 376 344 416 ducem
374 379 561 413 naturam-
592 380 737 412 nactus
769 373 819 412 ad
855 374 1047 414 virtutem
1082 376 1299 428 pervenire
1333 389 1417 415 non
1450 378 1591 430 possit.

308 437 380 477 XI.
410 433 476 474 31.
508 436 591 474 Nee
622 435 758 474 solum
792 437 831 474 in
864 438 1013 483 rectis,
1046 438 1118 477 sed
1151 439 1274 478 ctiam
1308 440 1347 478 in
1381 440 1655 491 pravitatibus
1688 442 1862 494 insignis
1895 451 1960 484 est

194 500 364 541 humani
406 498 568 551 generis
608 497 854 538 similitudo.
914 500 1017 538 Nam
1059 505 1098 539 et
1139 501 1352 553 voluptate
1384 502 1605 554 rapiuntur
1635 516 1803 551 omnes,
1849 520 1957 558 quae

195 563 272 604 etsi
318 567 381 601 est
424 560 635 599 inlecebra
676 559 972 614 turpitudinis,
1020 568 1158 601 tamen
1201 563 1325 602 habet
1365 564 1562 616 quiddam
1602 566 1738 605 simile
1781 570 1989 609 naturali5

193 624 330 670 bono;
370 623 548 662 levitatis
581 623 690 662 enim
724 629 761 661 ot
794 624 1012 663 suavitatis
1044 629 1065 644 ‘⁵
1091 626 1105 643 '⁷‘
1147 630 1153 644 ³
1191 626 1425 672 delectans,
1466 627 1525 666 sic
1556 628 1606 666 ab
1639 642 1778 668 errore
1810 633 1959 672 mentis

194 692 400 739 tamquam
437 685 620 724 salutare
661 685 820 738 aliquid
861 685 1130 733 adsciscitur,
1165 688 1378 741 similique
1410 689 1629 728 inscientia
1661 704 1771 730 mors
1802 691 1959 744 sugitur

195 749 311 802 quasi
355 747 578 787 dissolutio
621 754 818 795 naturae,
861 749 944 788 vita
983 750 1219 802 expetitur,
1265 751 1361 802 quia
1400 764 1476 790 nos
1511 752 1552 790 in
1584 765 1666 804 quo
1701 754 1783 792 nati
1816 768 1958 794 sumus

191 811 388 856 continet,
420 809 545 850 dolor
576 811 618 849 in
650 811 841 850 maximis
875 812 994 850 malis
1027 812 1204 858 ducitur,
1237 825 1326 851 cum
1360 826 1435 852 sua
1465 815 1705 866 asperitate,
1737 822 1821 855 tum
1845 817 1958 869 quod

190 880 361 913 naturae
402 873 593 913 interitus
635 872 802 912 videtur
843 874 990 926 sequi:
1053 871 1118 912 3⁵2.
1162 881 1419 928 propterque
1459 876 1692 916 honestatis
1731 885 1770 918 et
1800 879 1958 931 gloriae
1974 890 2008 918 10

191 935 509 976 similitudinem
551 935 662 975 beati
705 936 775 988 qui
807 935 1000 975 honorati
1032 942 1127 975 sunt
1161 936 1379 983 videntur,
1419 938 1558 977 miseri
1591 945 1729 978 autem
1762 942 1832 993 qui
1863 948 1959 982 sunt

190 998 370 1050 inglorii.
432 998 664 1044 Molesfiae,
697 998 893 1044 laetitiae,
927 998 1194 1051 cupiditates,
1226 999 1395 1039 timores
1427 1000 1615 1040 similiter
1636 1003 1821 1042 omnium
1845 1017 1960 1043 men-

188 1065 250 1100 tes
281 1066 580 1113 pervagantur,
623 1073 722 1106 nec,
765 1060 798 1099 si
840 1060 1060 1112 opiniones
1104 1060 1209 1100 aliae
1251 1068 1349 1101 sunt
1385 1062 1495 1115 apud
1528 1063 1655 1110 alios,
1697 1064 1851 1104 idcirco
1884 1067 1958 1119 qui

189 1134 333 1161 canem
377 1128 418 1161 et
458 1121 609 1162 faelem
642 1128 686 1161 ut
719 1122 818 1161 deos
851 1123 1014 1170 colunt,
1057 1136 1142 1162 non
1175 1122 1323 1163 eadem
1355 1125 1654 1177 superstitione
1685 1139 1766 1180 qua
1796 1134 1958 1168 ceterae

189 1190 334 1236 gentes
366 1185 672 1224 conflictantur.
736 1184 853 1232 Quae
885 1190 1022 1224 autem
1054 1186 1168 1224 natio
1200 1199 1286 1225 non
1318 1187 1576 1234 comitatem,
1609 1202 1693 1227 non
1725 1190 2008 1241 benignita—45

188 1251 284 1293 tem,
318 1259 403 1285 non
435 1252 597 1298 gratum
629 1246 814 1286 animum
847 1252 887 1286 et
918 1245 1109 1287 beneficii
1143 1261 1369 1288 memorem
1403 1249 1567 1302 diligit?
1600 1264 1708 1302 quae
1740 1251 1957 1305 superbos,

189 1321 296 1360 quae
328 1308 561 1355 maleficos,
594 1322 701 1362 quae
733 1308 928 1356 crudelis,
961 1322 1068 1362 quae
1100 1310 1287 1362 ingratos
1319 1324 1403 1349 non
1434 1319 1695 1364 aspernatur,
1727 1326 1810 1352 non
1843 1314 1957 1354 odit?

190 1371 344 1424 quibus
376 1384 430 1410 ex
460 1371 585 1410 rebus
625 1385 719 1411 cum
760 1384 884 1411 omne
917 1384 1049 1424 genus
1083 1373 1296 1412 hominum
1329 1374 1528 1413 sociatum
1561 1374 1670 1413 inter
1700 1388 1743 1414 se
1775 1389 1866 1414 esse
1898 1377 1958 1416 in·

189 1433 424 1485 tellegatur‚
454 1432 559 1472 illud
592 1439 823 1472 extremum
856 1439 937 1479 est,
970 1434 1084 1487 quod
1117 1441 1226 1474 recte
1260 1435 1427 1475 vivendi
1460 1436 1564 1476 ratio
1596 1437 1789 1477 meliores
1821 1438 1957 1479 eflicit.

191 1493 309 1543 Quae
341 1496 375 1534 si
407 1494 672 1548 adprobatis,
705 1508 875 1548 pergam
909 1495 960 1535 ad
994 1497 1181 1550 reliqua:
1214 1499 1277 1537 sin
1311 1498 1412 1551 quid
1443 1499 1671 1552 requiritis,
1703 1499 1744 1539 id
1776 1501 1958 1554 explice-
1972 1515 2008 1543 20

189 1570 280 1597 mus
312 1558 438 1611 prius.
498 1558 577 1597 Ate.
610 1559 693 1597 Nos
726 1571 824 1597 vero
857 1558 986 1605 nibil,
1017 1565 1063 1598 ut
1094 1573 1168 1612 pro
1201 1566 1382 1613 utroque
1414 1561 1703 1613 respondeam.

300 1620 395 1659 XII.
438 1617 505 1659 33.
546 1621 601 1660 M.
642 1621 841 1674 Sequitur
879 1620 1007 1673 igitur
1045 1622 1097 1661 ad
1136 1622 1472 1675 participandum
1503 1624 1631 1664 alium
1663 1624 1744 1664 alio
1775 1638 1960 1667 commu-

188 1683 495 1736 nicandumque
535 1683 646 1723 inter
684 1697 830 1723 omnes
870 1683 935 1723 ius
975 1697 1051 1723 nos
1092 1690 1242 1724 natura
1282 1697 1373 1724 esse
1414 1684 1560 1725 factos.
1627 1687 1765 1740 Atque
1801 1690 1879 1729 hoc
1915 1690 1959 1730 in

274 1815 305 1845 ⁴.
338 1814 503 1854 discrepat
533 1814 582 1845 H:
621 1815 797 1854 decrepant
826 1812 934 1850 A¹B13
979 1815 1203 1854 interpresque
1233 1818 1277 1846 est
1308 1815 1424 1846 mentis
1451 1816 1582 1854 oratio,
1618 1816 1726 1848 verbis
1757 1819 1958 1860 discrepans,

186 1864 350 1896 sententiis
380 1872 564 1904 congruens
595 1864 643 1900 03
680 1864 746 1895 vid.
775 1865 866 1896 Bake
899 1865 944 1896 ad
975 1865 1069 1896 hunc
1100 1864 1228 1897 locum.
1269 1882 1304 1886 —
1347 1866 1378 1896 ἱ).
1404 1868 1564 1896 naturam
1595 1875 1663 1897 om.
1693 1868 1740 1905 C,
1778 1868 1840 1899 sed
1872 1870 1905 1901 in
1932 1871 1959 1902 H

188 1922 313 1945 manus
340 1922 466 1945 reeens
491 1914 523 1945 in
553 1915 710 1953 margine
740 1915 927 1956 adscripsit
965 1934 1000 1938 —-
1036 1918 1141 1955 posset
1166 1917 1189 1946 A
1206 1915 1230 1945 B
1265 1933 1299 1938 —
1338 1914 1369 1946 4.
1396 1916 1501 1947 omnis
1523 1919 1549 1947 A
1587 1933 1621 1938 —
1661 1918 1691 1948 5.
1718 1918 1869 1949 illecebra
1894 1920 1959 1951 ΗΟ

190 1979 225 1986 -
252 1964 401 1995 naturali
426 1963 508 1995 bono
533 1965 579 1995 H:
614 1967 741 1995 natura
763 1965 912 1996 libronae
936 1964 986 1998 13¹,
1020 1965 1187 1996 naturalis
1211 1964 1286 1996 boni
1309 1963 1348 1996 B2
1372 1967 1405 1996 ct
1431 1968 1474 2004 A,
1509 1966 1572 1997 sed
1598 1966 1630 1997 in
1656 1966 1723 1996 hoc
1749 1970 1800 1999 est
1825 1968 1864 1998 lis
1887 1968 1961 2001 boni

186 2015 220 2046 in
244 2022 313 2046 ras.
341 2031 375 2036 —
404 2013 435 2045 6.
461 2014 605 2045 leuitatis
628 2015 714 2046 enim
737 2019 767 2046 et
790 2016 1061 2046 suauitatisvrs-z*
1085 2018 1112 2047 A
1137 2014 1227 2056 (post
1250 2024 1345 2047 suaa.
1373 2016 1438 2046 tria
1463 2015 1535 2047 sere
1560 2015 1728 2047 vocabula
1749 2026 1847 2049 erasa
1866 2022 1958 2058 sunt,

187 2067 268 2097 ante
291 2064 378 2096 enim
403 2065 457 2095 est
480 2072 557 2105 sup.
578 2063 635 2095 lin.
664 2065 736 2103 est):
764 2065 907 2096 leuitalis
930 2069 975 2096 est
998 2066 1085 2096 enim
1109 2069 1138 2096 et
1161 2065 1339 2096 suauitatis
1364 2066 1386 2096 B
1413 2066 1499 2105 <sine
1520 2065 1668 2105 lacuna),
1695 2067 1852 2098 Leuitatis
1875 2069 1960 2100 enim

187 2118 217 2147 et
238 2114 427 2145 suauitatis.
455 2118 499 2145 est
523 2115 610 2146 enim
632 2118 662 2146 et
684 2117 852 2147 suauitate
877 2116 921 2154 H,
954 2116 1087 2147 levitate
1111 2116 1196 2147 enim
1219 2119 1248 2147 et
1271 2115 1435 2147 suavitate
1459 2116 1495 2147 Ο.
1536 2117 1625 2148 Cum
1650 2115 1840 2156 Madvigius
1865 2118 1959 2150 idem

187 2187 333 2220 lacunae
358 2187 544 2227 indicium,
577 2188 671 2228 quod
704 2198 767 2220 nos
799 2198 840 2221 ex
873 2190 1006 2230 optimo
1032 2191 1057 2221 A
1083 2190 1116 2221 in
1142 2189 1258 2221 lucem
1284 2189 1533 2230 produximus,
1567 2190 1600 2221 in
1625 2190 1745 2222 codice
1771 2192 1961 2224 [launiensi

187 2240 397 2276 invenisset,
429 2247 514 2269 vere
546 2237 589 2268 de
620 2236 687 2268 loci
719 2238 893 2279 scriptura
919 2239 969 2270 sic
994 2239 1176 2270 iudicavit:
1218 2241 1430 2277 «Genius-os,
1464 2241 1522 2280 qui
1548 2240 1705 2280 pendent
1729 2250 1747 2272 a
1773 2242 1956 2280 vocabulo,

188 2289 283 2330 quod
308 2288 453 2326 excidit,
485 2289 595 2319 ceteri
628 2289 733 2320 etiam
766 2288 907 2319 codices
941 2292 1145 2326 servarunt,
1180 2289 1327 2322 lacunae
1353 2290 1519 2321 indicium
1543 2289 1770 2322 sustulerunt.
1821 2292 1960 2323 Frustra

187 2338 307 2378 igitur,
342 2347 424 2370 cum
448 2346 530 2379 pars
555 2339 752 2369 sententiae
779 2338 967 2377 exciderit,
1001 2339 1155 2371 editores
1185 2349 1227 2371 ex
1260 2342 1299 2371 iis
1331 2349 1421 2381 quae
1454 2342 1645 2380 supersunt
1676 2341 1799 2380 integri
1830 2341 1959 2381 aliquid

188 2387 329 2419 efficere
355 2391 563 2419 conantur.»
611 2388 686 2418 Non
717 2387 849 2418 audivit
879 2388 1077 2428 prudenter
1102 2392 1306 2420 monentem
1334 2389 1559 2428 Fcldhucgcl,
1594 2390 1627 2420 in
1653 2392 1750 2421 cuius
1775 2400 1960 2424 cominen-

187 2437 274 2468 tario
299 2436 378 2468 vide
403 2437 449 2469 sis
474 2435 624 2467 infelicia
649 2437 854 2469 criticorum
880 2439 1063 2469 conamina
1090 2439 1134 2469 de
1160 2438 1236 2470 loco
1262 2440 1450 2479 desperato
1476 2438 1633 2470 collecta.
1663 2457 1698 2460 —
1726 2445 1844 2472 mentes
1867 2439 1904 2472 B¹
1922 2460 1956 2464 —

188 2485 220 2517 7.
245 2486 334 2517 adse.
362 2486 409 2518 C:
447 2494 515 2516 asc.
543 2486 567 2516 O
607 2503 642 2508 ——
680 2486 854 2518 inscientia
877 2487 1087 2519 Lambinus:
1122 2489 1255 2519 inscitia
1281 2489 1367 2525 (203
1404 2498 1435 2519 V.
1463 2489 1609 2528 Madvig.
1637 2489 1681 2520 ad
1708 2490 1778 2520 Cic.
1805 2491 1849 2522 dc
1874 2491 1957 2523 finn.

186 2543 220 2576 p.
239 2535 292 2567 95.
331 2552 366 2557 —
405 2535 437 2567 8.
462 2536 664 2566 natissumus
688 2536 711 2567 Β
752 2554 786 2559 -
826 2537 855 2567 9.
883 2538 1005 2568 dicitur
1029 2535 1069 2568 A¹
1107 2555 1141 2560 —
1179 2547 1253 2568 cum
1279 2539 1343 2569 1311
1370 2539 1479 2576 (quom
1496 2538 1562 2575 Bw:
1596 2541 1665 2569 tum
1688 2540 1748 2570 AO
1777 2557 1808 2562 -
1837 2544 1906 2571 tum
1931 2542 1958 2572 H

187 2592 279 2615 corr.
305 2593 346 2615 ex
370 2593 445 2615 cum
481 2601 516 2605 —
556 2584 608 2615 40.
635 2585 793 2616 uideatur
816 2586 844 2616 H
872 2603 907 2608 —
940 2591 1077 2627 propter
1101 2595 1186 2627 quae
1211 2589 1247 2619 13¹
1263 2587 1315 2625 11¹,
1346 2592 1484 2627 propter
1507 2596 1608 2626 quam
1632 2590 1656 2619 A
1673 2586 1775 2627 13211'2,
1807 2590 1870 2621 sed
1896 2588 1962 2631 (μιᾶ

187 2634 221 2665 in
245 2635 271 2665 A
297 2635 350 2665 est
373 2634 406 2664 in
431 2642 500 2665 ras.
545 2651 580 2656 —
621 2634 803 2666 honestates
826 2636 902 2667 AB¹
944 2654 979 2659 —
1022 2638 1072 2668 Μ.
1100 2638 1314 2668 similitudine
1340 2638 1365 2668 Η
1409 2655 1443 2659 —
1486 2637 1542 2676 qui
1565 2638 1623 2668 AB
1650 2646 1739 2669 corr.
1768 2648 1809 2669 ex
1834 2649 1895 2678 que
1921 2658 1956 2663 —

186 2683 309 2715 honesti
332 2684 369 2721 Β,
396 2683 460 2715 sed
485 2692 516 2715 es
540 2684 575 2715 in
600 2693 668 2716 ras.
700 2703 734 2707 —
761 2689 837 2716 sunt
862 2686 953 2725 (ante
980 2687 1073 2726 inyt.)
1099 2695 1169 2718 om.
1191 2688 1376 2725 Manutius,
1403 2687 1487 2718 item
1514 2686 1629 2717 Feldh.
1652 2690 1683 2717 et
1701 2688 1808 2723 Klotz.
1836 2690 1899 2721 sed
1925 2690 1959 2722 lii

188 2741 307 2764 errore
332 2741 521 2773 operarum
560 2749 595 2756 -
634 2734 686 2766 42.
714 2735 849 2775 i119lorij
874 2736 897 2766 B
924 2737 953 2775 (j
977 2737 1011 2767 in
1036 2737 1133 2775 ras),
1160 2737 1305 2777 ingloria
1329 2739 1355 2767 A
1384 2754 1425 2759 -
1460 2737 1532 2767 Iam
1554 2737 1721 2768 molestiae
1744 2738 1870 2770 Davics
1895 2742 1959 2773 ad-

187 2781 334 2813 modum
358 2782 588 2823 probabiliter
626 2801 660 2806 —
703 2784 755 2816 43.
781 2794 822 2817 ne
843 2786 871 2816 si
894 2786 918 2816 B
944 2803 985 2808 —-
1010 2789 1092 2825 aput
1116 2788 1142 2817 A
1170 2803 1204 2807 —
1232 2787 1255 2825 -ξ-
1272 2786 1327 2825 qui
1344 2794 1459 2816 canem
1483 2786 1520 2822 Ο,
1548 2787 1581 2816 at
1606 2794 1637 2817 v.
1666 2786 1755 2817 Bake
1781 2789 1812 2818 et
1839 2787 1957 2821 Feldh.

190 2847 226 2854 -—
255 2830 305 2863 ⁴4.
331 2832 450 2871 faelem
474 2834 520 2863 A:
546 2832 639 2871 selem
663 2833 787 2868 ΒΗος
817 2834 858 2865 cf.
887 2842 994 2875 supra
1018 2843 1051 2875 p.
1071 2834 1145 2873 352,
1165 2835 1216 2866 28.
1259 2851 1292 2857 —
1332 2835 1384 2865 45.
1411 2835 1625 2873 quomitatem
1649 2834 1686 2866 B¹
1713 2853 1748 2858 —
1788 2838 1838 2868 16.
1865 2837 1960 2870 bene-

185 2880 264 2920 ficia
287 2878 325 2911 Βι
361 2897 398 2903 -
436 2881 550 2921 diliget
572 2881 662 2913 A¹B¹
701 2899 733 2904 —-
775 2884 826 2914 47.
853 2884 999 2915 crudeles
1023 2885 1046 2915 B
1063 2885 1089 2915 H
1104 2885 1129 2915 O
1164 2902 1199 2906 —-
1235 2884 1286 2915 48.
1313 2883 1430 2923 quibus
1453 2892 1496 2915 eas
1519 2884 1613 2914 rebus
1636 2893 1711 2916 cum
1734 2886 1815 2917 illud
1838 2889 1959 2919 intelli-

187 2932 304 2968 9atur,
342 2938 444 2969 yemis
471 2931 640 2963 hominum
669 2933 754 2962 inter
785 2941 817 2964 se
848 2934 1010 2964 sociatum
1038 2942 1121 2972 esse,
1167 2934 1253 2973 quod
1282 2936 1470 2964 extremum
1501 2936 1565 2970 est,
1595 2938 1681 2965 recte
1709 2936 1839 2967 vivendi
1870 2939 1959 2970 ratio

188 2977 336 3009 meliores
359 2979 458 3019 efficit
480 2980 720 3019 Wyttenbach
746 2982 836 3012 coni.
876 2998 911 3003 —-
948 2984 1106 3014 sotialum
1130 2985 1155 3014 A
1196 3000 1231 3005 —-
1270 2983 1321 3014 ⁴9.
1347 2983 1480 3013 uidendi
1504 2982 1531 3013 H
1569 2999 1604 3004 —
1642 2983 1779 3015 malim:
1816 2986 1961 3018 homines

188 3026 337 3058 meliores
359 3029 411 3067 eff.
441 3045 473 3051 —
509 3028 562 3059 20.
590 3029 684 3068 quasi
708 3029 786 3059 B¹H
814 3046 849 3050 —-
882 3031 1074 3069 approbatis
1096 3032 1173 3062 AB2
1197 3032 1278 3071 (sed
1303 3032 1335 3061 in
1360 3033 1387 3061 A
1411 3030 1439 3061 is
1462 3031 1495 3061 in
1520 3031 1624 3070 ras.):
1664 3033 1883 3072 adprobantes
1907 3036 1956 3074 B¹,

189 3075 408 3114 approbantes
431 3077 459 3108 H
487 3094 520 3099 -
549 3078 659 3109 Bake:
689 3086 772 3118 «pro
793 3087 935 3118 pergam
958 3088 1027 3110 non
1047 3080 1305 3119 repudiandum
1331 3089 1411 3111 esse
1436 3082 1519 3120 puto
1542 3089 1732 3120 peryamus,
1758 3083 1853 3123 quod
1877 3084 1959 3116 olim

189 3124 224 3155 in
247 3126 274 3155 A
298 3124 404 3157 fuisse
429 3127 591 3166 suspicor
614 3129 758 3167 propter
782 3135 882 3158 erasa
907 3128 976 3159 duo
1001 3127 1211 3159 elementa.»
1249 3129 1327 3167 Ipse
1353 3137 1394 3157 ex
1412 3131 1437 3159 A
1462 3129 1529 3159 hoc
1546 3128 1661 3161 solum
1679 3133 1828 3169 enotavi,
1849 3135 1960 3165 totum

189 3173 340 3205 verbum
361 3184 501 3215 pergam
524 3184 605 3208 cum
629 3176 764 3216 syllaba
788 3177 829 3207 tis
854 3177 904 3215 (ex
924 3177 1160 3217 praecedente
1178 3177 1381 3216 adprobatis)
1406 3177 1439 3207 in
1456 3176 1532 3208 loco
1557 3188 1658 3210 eraso
1681 3189 1786 3212 manu
1803 3182 1960 3213 secunda

190 3222 320 3262 scripta
344 3231 434 3255 esse.
476 3242 511 3247 —
548 3226 602 3257 22.
628 3227 734 3257 alium
757 3226 824 3256 alio
849 3229 890 3257 A:
919 3227 1022 3258 alium
1046 3227 1087 3258 ab
1111 3227 1177 3257 alio
1201 3227 1225 3257 B
1241 3226 1267 3256 11
1283 3226 1320 3262 O,
1347 3224 1410 3256 sed
1435 3225 1475 3256 ab
1499 3227 1533 3257 in
1558 3226 1581 3257 B
1607 3232 1832 3267 punctatum;
1867 3230 1957 3261 conf.

191 3270 353 3311 Madvigii
377 3273 505 3313 opusc.
531 3275 573 3314 11,
594 3274 648 3307 ⁴41
680 3292 716 3297 —
744 3276 795 3307 23.
821 3278 901 3316 post
923 3276 1009 3306 inter
1032 3277 1066 3306 in
1090 3278 1116 3307 A
1142 3283 1175 3306 se
1199 3283 1277 3315 sup.
1297 3273 1355 3305 lin.
1382 3282 1429 3306 m.
1449 3275 1469 3306 2
1492 3274 1652 3308 additum
1676 3280 1740 3308 est.
1769 3293 1802 3299 ·-
1830 3280 1881 3309 ius
1904 3288 1961 3310 nos

192 3318 340 3351 Davies:
375 3321 478 3354 iustos
501 3323 547 3364 C,
580 3324 632 3356 ius
653 3324 798 3357 homines
822 3324 847 3357 Ο
872 3332 954 3357 cum
979 3325 1184 3357 Goerenzio.

277 3385 394 3417 mmo
419 3387 455 3418 T.
473 3387 526 3420 IV.
1650 3384 1704 3425 55
