2249 3624
871 243 1194 287 FRAGMENTA.

250 349 372 396 Ipsam
399 349 544 385 Helicen
571 352 751 396 sequitur,
782 362 851 386 non
879 354 1005 397 dispar
1031 354 1151 396 forma
1180 353 1351 393 bubulco,

155 410 187 449 A
204 423 257 448 re
271 416 284 449 t
300 423 321 448 o
335 409 446 462 phyl
462 422 542 456 ax,
575 411 691 459 vulgo
724 415 792 462 qui
826 412 972 450 dicitur
998 425 1090 450 esse
1118 415 1210 451 Boo
1228 419 1273 451 te
1287 425 1305 451 s
1320 444 1328 459 ,

156 471 272 518 Quod
299 473 415 522 quasi
445 478 604 510 temone
631 473 860 512 adiunctam
892 487 989 525 prae
1014 486 1057 512 so
1093 477 1221 526 quatit
1253 477 1431 513 Arctum.

157 535 282 571 Clarus
310 537 386 574 hic,
418 541 448 570 et
470 534 611 573 subter
637 536 873 586 praecordia
903 538 980 575 lixa
1006 536 1166 575 videtur

156 595 278 635 Stella
307 597 461 634 micans
491 596 636 645 radiis,
676 600 918 636 Arcturus
948 599 1108 636 nomine
1137 599 1257 637 claro.

252 660 321 696 Hic
348 672 383 695 se
411 658 486 696 sub
516 658 691 709 pedibus
723 661 873 711 profert
901 660 1008 698 linita
1037 662 1171 707 Booti,

155 722 319 772 Spicum
347 720 516 759 inlustre
544 727 714 770 tenens,
745 721 976 772 splendenti
1011 734 1181 772 corpore
1218 725 1382 773 Virgo.

143 785 235 822 'Sive
263 786 318 820 illi
346 785 514 820 Astraeus
541 791 644 830 paler
673 792 741 826 est,
774 788 836 831 qui
864 788 998 821 dicitur
1025 788 1117 821 idem

153 848 338 885 Sideribus
364 848 542 893 stellisque
568 854 691 893 pater,
734 860 792 883 seu
821 849 968 893 quilibet
997 851 1108 889 alter,

153 910 208 947 Sit
234 911 342 956 selis:
372 921 457 945 sane
485 911 570 945 haec
596 916 772 945 narratur
797 912 925 955 sabula
960 913 1078 957 υιιΙῃο,

151 973 306 1009 Incoluit
333 973 430 1008 caelo
460 979 574 1007 terras
603 973 754 1008 Astraea
781 974 927 1017 relicta,

155 1035 416 1081 conventusque
443 1037 627 1070 hominum
655 1047 725 1071 uon
753 1037 947 1082 dediqnata
974 1038 1160 1082 priorum,

154 1099 223 1136 Sed
248 1111 310 1134 nec
337 1101 506 1143 femineos
531 1110 697 1144 spernens
726 1100 875 1134 invisere
904 1104 1039 1139 coelus,

155 1161 231 1198 Leti
257 1173 382 1207 expers
407 1163 527 1207 qeneri
557 1162 703 1196 mortali
730 1163 846 1196 mixta
874 1163 1024 1202 resedit,

157 1224 306 1261 Nomine
334 1223 497 1259 Iustitiae
523 1225 702 1269 9audens;
733 1224 942 1269 senibusque
971 1226 1102 1260 coactis

157 1286 197 1323 ln
223 1298 397 1333 maqnove
424 1289 504 1331 soro
531 1287 642 1322 lateve
663 1292 803 1331 patente
830 1287 951 1332 platea

156 1349 282 1386 Civiles
308 1350 450 1395 populis
478 1350 638 1385 dictabat
665 1350 789 1384 sedula
818 1350 928 1394 leyes:

153 1412 224 1449 Nec
252 1413 352 1447 mala
380 1413 423 1447 lis
449 1413 568 1456 suerat
594 1423 656 1447 nec
683 1413 766 1446 dum
794 1413 977 1447 discordia
1014 1417 1123 1455 nola,

153 1475 224 1511 Nec
250 1477 328 1520 sera
356 1476 483 1510 seditio
509 1476 672 1518 furiarat
699 1475 829 1509 mobile
857 1475 1000 1520 vulqus.

154 1537 272 1575 Saeva
299 1549 360 1573 nec
387 1539 541 1572 audaces
566 1538 711 1581 suerunt
737 1538 832 1580 freta
856 1548 966 1582 passa
997 1538 1163 1572 carinas.

153 1601 241 1640 Sed,
274 1601 385 1635 bubus
415 1604 528 1634 tracto
555 1600 731 1634 sulcantes
760 1611 898 1634 vomere
927 1604 1061 1638 terras,

153 1660 357 1700 Malebant
385 1660 494 1698 tenui
525 1661 703 1698 contenti
733 1660 869 1697 vivere
897 1659 1031 1708 cultu,

155 1725 358 1771 Sufficienle
386 1726 451 1759 dea
479 1725 582 1759 iustis
609 1726 714 1769 pleno
742 1729 862 1759 omnia
890 1736 1012 1760 cornu,

152 1788 252 1824 Haec
279 1792 418 1827 manet,
451 1788 488 1821 in
515 1788 649 1821 sanctis
681 1788 765 1821 dum
792 1798 875 1832 qens
903 1792 1020 1821 manet
1048 1798 1160 1822 aurea
1187 1788 1310 1821 terris:

156 1851 202 1886 Ae
229 1861 301 1885 non
329 1851 469 1895 arqenti
495 1850 603 1884 nimis
631 1855 679 1884 est
708 1850 842 1884 laetata
871 1850 1033 1889 metallo,

153 1913 318 1950 Moribus
345 1918 375 1947 et
402 1913 511 1947 versis
538 1923 640 1946 versa
666 1917 715 1946 est
741 1913 845 1957 prior
872 1914 951 1957 ipsa
988 1912 1173 1954 voluntas,

154 1976 324 2020 Raraque
349 1976 465 2020 peiori
492 1975 612 2009 iunxit
638 1985 703 2008 sua
732 1977 883 2009 numina
910 1976 1028 2020 yenti:

153 2037 241 2074 Sola
267 2039 326 2073 sed
349 2048 393 2073 ex
420 2038 541 2071 raucis
572 2038 780 2071 descendens
810 2037 987 2071 montibus
1017 2037 1111 2075 ibat,

152 2099 224 2136 Sub
252 2105 407 2143 noctem,
438 2100 530 2134 nulli
558 2100 685 2133 teneris
720 2099 884 2133 blandita
916 2100 1086 2143 loquelis:

151 2163 220 2199 Sed
246 2164 399 2198 simulac
427 2173 578 2207 maynas
606 2163 790 2196 hominum
820 2163 997 2207 miqrarat
1027 2163 1074 2195 ad
1105 2162 1226 2200 urbes,

150 2226 324 2271 Improba
353 2227 517 2270 terrificis
546 2226 597 2259 sic
624 2225 700 2258 ulla
725 2230 772 2258 est
799 2225 953 2258 crimina
983 2225 1122 2258 verbis.-

149 2288 230 2324 Non
259 2299 320 2333 eqo
350 2300 402 2323 me
437 2289 568 2333 diqnor
598 2288 746 2331 posthac
774 2292 973 2321 monstrare
999 2287 1210 2324 videndam,

151 2351 308 2397 Deqener
335 2362 354 2385 o
385 2351 525 2395 primae
551 2350 668 2394 proles
696 2361 788 2383 nunc
820 2350 935 2383 altera
962 2350 1096 2394 prolis,

151 2413 342 2459 Degeneres
369 2413 566 2456 iterumque
593 2414 790 2456 uerumque
824 2413 996 2446 habitura
1025 2416 1185 2455 nepotes:

155 2475 250 2510 Tunc
275 2477 354 2518 sera
380 2475 472 2509 bella
500 2475 682 2508 hominum
716 2476 836 2519 qeneri
867 2475 1057 2519 caedesque
1090 2474 1266 2516 nefandae

150 2537 356 2583 Impendent
383 2537 594 2581 culpamque
621 2547 733 2571 comes
760 2547 827 2570 sua
854 2548 876 2581 p
904 2548 971 2570 ena
995 2542 1171 2581 sequetur.

153 2599 212 2635 Sic
239 2601 291 2635 aii
319 2605 349 2634 et
374 2599 546 2644 populos,
576 2600 712 2633 intenta
739 2600 847 2633 etiam
877 2610 943 2633 ora
975 2604 1148 2641 tenentes,

151 2661 299 2707 Linquit
326 2667 357 2696 el
383 2662 431 2696 ad
458 2666 591 2695 montes
619 2662 866 2706 silvarumque
888 2662 973 2696 avia
1004 2662 1126 2695 tendit.

151 2724 250 2759 Haec
285 2729 384 2759 aetas
415 2725 528 2758 vitam
557 2724 661 2768 liquit
689 2724 912 2767 sobolemque
945 2725 1101 2768 reliquit.

150 2785 298 2823 Ferrea
327 2790 410 2822 tum
440 2795 535 2821 vero
564 2783 701 2833 proles
738 2789 876 2821 exorta
906 2789 1074 2833 repente
1104 2789 1187 2830 est,

150 2848 344 2896 Ansaque
371 2846 575 2884 funestum
602 2845 770 2895 primast
799 2844 1034 2883 fabricarier
1062 2857 1202 2883 ensem

151 2907 198 2945 Et
228 2913 391 2956 gustare
420 2919 541 2945 manu
571 2907 749 2944 vinctum
779 2906 1057 2958 domitumque
1095 2910 1322 2944 iuvencum.

155 2971 269 3010 Tunc,
299 2971 451 3006 mortale
473 2982 582 3005 exosa
609 2981 738 3015 yenus,
771 2971 836 3005 dea
870 2972 907 3004 in
936 2972 1013 3006 alta
1043 2972 1177 3006 volavit

148 3031 201 3069 -Et
226 3031 331 3068 Iovis
359 3031 399 3068 in
432 3042 557 3080 regno
587 3029 769 3079 caelique
799 3031 837 3068 in
871 3037 985 3080 parte
1022 3031 1199 3078 resedit,

153 3093 333 3129 Illuslrem
360 3096 488 3128 sortita
516 3095 648 3133 locum,
680 3105 751 3138 qua
779 3099 876 3129 nocte
903 3106 1029 3129 serena

161 3155 267 3201 Viryo
297 3158 485 3201 conspicuo
511 3157 621 3201 sulqel
648 3157 770 3190 vicina
804 3156 950 3192 Bootae.

253 3229 370 3273 Huic,
401 3231 564 3265 humeros
590 3241 720 3274 supera
745 3231 924 3275 duplices,
955 3232 1174 3266 convertitur
1199 3230 1297 3264 alam

159 3289 214 3326 Aa
238 3292 403 3326 dextram
429 3290 543 3327 Graio
570 3292 883 3338 Protryqeter
910 3294 1052 3327 nominc
1079 3294 1192 3332 dicta,

1799 236 1905 283 4019

1838 658 1906 694 100

1838 968 1906 1007 105

1839 1279 1908 1317 110

1839 1593 1906 1632 110

1837 1906 1905 1943 120

1838 2534 1847 2570 ¹
1859 2532 1905 2569 30

1836 2845 1903 2881 135

1836 3155 1905 3192 140
