2249 3624
238 192 320 235 875
699 204 722 229 ο
958 194 1028 235 DE
1058 191 1283 232 LEGIBUS

237 303 420 356 aliquam
467 302 686 343 dedecoris
728 301 985 355 obpresserit
1026 312 1280 354 omnemque
1326 298 1472 339 mortis
1519 298 1763 352 dolorisque
1809 298 1999 339 timorem

239 366 429 418 effugerit
466 366 794 418 societatemque
834 364 1014 404 caritatis
1046 363 1194 403 coierit
1225 376 1317 401 cum
1351 362 1437 401 suis
1469 361 1692 415 omnisque
1723 366 1873 401 natura
1903 373 2002 401 con-

237 428 401 468 iunctos
433 442 529 468 suos
561 427 729 467 duxerit
758 427 999 480 cultumque
1031 427 1204 465 deorum
1245 430 1285 464 et
1316 437 1463 477 puram
1496 424 1739 476 religionem
1771 422 2004 476 susceperit

240 496 280 531 et
311 492 526 531 exacuerit
556 491 692 538 illam,
723 495 769 529 ut
799 490 1038 536 oculorum,
1071 489 1128 528 sic
1159 487 1317 540 ingenii
1350 487 1484 527 aciem
1515 487 1566 527 ad
1597 487 1707 526 bona
1738 485 1931 539 eligenda
1963 489 2004 525 et

210 554 449 594 5reicienda
480 554 707 600 contraria,
745 565 852 606 quae
884 553 1014 592 virtus
1047 565 1099 591 ex
1129 550 1392 604 providendo
1425 555 1487 589 est
1517 549 1725 604 appellata
1757 549 2003 602 prudentia:

239 617 342 670 quid
385 630 432 657 eo
472 616 554 656 dici
596 621 666 656 aut
704 615 877 668 cogitari
916 614 1069 668 poterit
1106 613 1298 653 beatius?
1359 610 1425 652 61.
1465 613 1668 666 Idemque
1700 625 1792 652 cum
1826 611 2002 658 caelum,

235 685 380 726 terras,
414 679 542 719 maria
572 692 798 732 rerumque
830 678 1018 717 omnium
1050 681 1238 716 naturam
1272 676 1549 728 perspexerit,
1582 688 1714 728 eaque
1744 674 1856 714 unde
1878 686 2004 726 gene·

234 747 344 789 rata,
378 755 461 795 quo
492 747 732 787 recurrant,
766 741 947 794 quando,
980 753 1063 793 quo
1097 739 1219 779 modo
1252 739 1428 786 obitura,
1460 739 1558 792 quid
1592 739 1633 777 in
1664 737 1725 777 his
1757 737 1932 776 mortale
1963 740 2004 776 et

235 805 451 851 caducum,
484 803 583 858 quid
617 804 806 843 divinum
839 808 1137 856 aeternumque
1170 802 1234 848 sit,
1266 801 1417 841 viderit
1447 802 1670 855 ipsumque
1703 813 1752 839 ea
1783 799 2003 839 moderan-

184 873 218 901 to
235 872 315 907 tem
348 873 389 906 et
419 872 631 919 regentem
664 879 796 919 paene
829 865 1043 918 prenderit
1074 877 1252 918 seseque
1284 878 1367 903 non
1400 865 1525 903 unius
1557 862 1857 903 circumdatum
1890 874 2004 901 moe-

233 930 355 970 nibus
387 929 492 976 loci,
531 934 594 968 set
624 929 757 968 civem
788 927 917 967 totius
949 927 1093 967 mundi
1127 927 1247 980 quasi
1278 927 1402 966 unius
1435 926 1550 966 urbis
1582 925 1820 978 agnoverit,
1852 925 1894 964 in
1924 924 2002 963 hac

233 993 304 1032 ille
345 990 651 1044 magnificentia
694 1004 829 1030 rerum
870 995 1000 1043 atque
1031 990 1073 1028 in
1104 987 1182 1029 hoc
1213 994 1440 1042 conspectu
1472 994 1511 1028 et
1542 987 1783 1040 cognitione
1815 991 2002 1033 naturae,

235 1055 276 1095 di
308 1054 589 1102 immortales,
638 1067 763 1108 quam
805 1066 848 1092 se
892 1053 982 1105 ipse
1022 1056 1188 1098 noscet,
1233 1051 1345 1104 quod
1378 1051 1528 1104 Apollo
1570 1050 1786 1103 praecepit
1815 1048 2002 1102 Pythius,

234 1131 373 1171 quam·
398 1122 660 1164 contemnet,
705 1129 830 1169 quam
875 1114 1099 1167 despiciet,
1145 1127 1268 1166 quam
1310 1127 1386 1166 pro
1427 1113 1560 1152 nihilo
1593 1112 1756 1166 putabit
1787 1124 1857 1158 ea,
1896 1123 2003 1164 quae

185 1184 220 1213 ⁴5
234 1180 357 1232 volgo
390 1180 584 1220 dicuntur
614 1178 891 1231 amplissimal
953 1177 1103 1216 XXIV.
1141 1174 1206 1215 62.
1240 1178 1376 1228 Atque
1408 1176 1511 1215 haec
1544 1175 1685 1215 omnia
1715 1174 1837 1228 quasi
1869 1172 2005 1226 saepi-

235 1248 373 1283 mento
405 1243 548 1296 aliquo
582 1241 754 1281 vallabit
786 1239 1020 1280 disserendi
1053 1239 1229 1285 ratione,
1262 1239 1351 1278 veri
1384 1245 1424 1278 et
1454 1238 1548 1278 falsi
1580 1236 1795 1277 iudicandi
1829 1235 2005 1275 scientia

223 1310 275 1345 vet
315 1311 400 1345 arte
441 1304 621 1358 quadam
661 1302 957 1355 intellegendi,
1000 1301 1098 1355 quid
1144 1313 1354 1354 quamque
1396 1314 1481 1339 rem
1515 1305 1714 1353 sequatur
1747 1303 1787 1338 et
1818 1297 1919 1352 quid
1953 1298 2006 1337 sit

237 1368 423 1422 quoique
447 1367 714 1407 contrarium.
761 1366 983 1418 Quomque
1005 1377 1048 1403 se
1080 1363 1130 1402 ad
1165 1363 1329 1403 civilem
1363 1363 1604 1403 societatem
1636 1367 1779 1401 natum
1812 1360 2004 1408 senserit,

235 1443 320 1470 non
352 1430 487 1470 solum
519 1429 590 1469 illa
623 1429 767 1469 subtili
801 1427 1083 1480 disputatione
1115 1426 1193 1466 sibi
1226 1425 1428 1465 utendum
1460 1425 1636 1478 putabit,
1669 1424 1741 1463 sed
1766 1423 1891 1462 etiam
1914 1422 2004 1462 fusa

185 1492 361 1533 2olatius
399 1498 600 1546 perpetua
639 1492 851 1538 oratione,
896 1502 980 1543 qua
1023 1494 1139 1541 regat
1170 1488 1375 1541 populos,
1416 1500 1498 1541 qua
1531 1487 1714 1526 stabiliat
1743 1487 1881 1539 leges,
1922 1498 2006 1539 qua

236 1555 410 1608 castiget
451 1552 694 1608 improbos,
741 1566 823 1607 qua
865 1557 1031 1592 tueatur
1072 1551 1233 1598 honos,
1280 1564 1363 1604 qua
1395 1549 1537 1589 laudet
1569 1549 1703 1589 claros
1735 1550 1875 1596 viros,
1922 1561 2004 1602 qua

235 1623 460 1672 praecepta
501 1617 645 1657 salutis
692 1622 733 1657 et
779 1614 913 1655 laudis
960 1620 1054 1667 apte
1093 1613 1145 1652 ad
1182 1612 1521 1666 persuadendum
1563 1612 1660 1651 edat
1700 1612 1786 1652 suis
1828 1609 2005 1660 civibus,

237 1694 319 1733 qua
357 1679 514 1719 hortari
557 1680 607 1719 ad
648 1678 799 1725 decus,
839 1689 1035 1717 revocare
1075 1676 1126 1715 ab
1165 1676 1345 1728 flagitio,
1389 1675 1595 1715 consolari
1640 1675 1772 1728 possit
1814 1675 2005 1715 adflictos

236 1742 431 1796 factaque
471 1747 510 1782 et
548 1742 739 1782 consulta
769 1741 939 1781 fortium
974 1744 1015 1779 et
1045 1738 1296 1792 sapientium
1328 1751 1422 1777 cum
1453 1738 1740 1790 improborum
1772 1736 2005 1790 ignominia

187 1806 505 1859 25sempiternis
545 1804 827 1845 monumentis
867 1802 1061 1856 prodere.
1123 1801 1240 1850 Quae
1282 1814 1410 1854 quom
1452 1806 1514 1840 tot
1553 1814 1619 1840 res
1650 1805 1878 1853 tantaeque
1909 1801 2006 1847 sint,

239 1882 348 1923 quae
388 1869 526 1907 inesse
566 1867 607 1907 in
650 1867 820 1906 homine
859 1863 1168 1918 perspiciantur
1209 1863 1260 1902 ab
1299 1864 1370 1910 iis,
1413 1864 1484 1916 qui
1517 1876 1560 1903 se
1592 1863 1673 1915 ipsi
1705 1863 1838 1902 velint
1868 1875 2006 1913 nosse,

241 1945 382 1971 earum
420 1943 572 1983 parens
611 1935 673 1970 est
713 1928 1016 1981 educatrixque
1057 1926 1275 1980 sapientia.
1346 1926 1425 1965 Aa.
1471 1925 1654 1965 Laudata
1694 1925 1866 1978 quidem
1897 1930 1954 1964 est
1984 1937 2008 1964 a

238 2000 279 2034 te
311 1994 492 2046 graviter
522 1998 563 2032 et
594 2006 710 2032 vere:
751 1992 824 2031 sed
857 2003 1037 2044 quorsus
1068 1989 1148 2028 hoc
1179 1989 1387 2041 pertinet?
1448 1986 1515 2028 63.
1557 1988 1612 2027 M.
1643 1987 1826 2027 Primum
1860 1985 1911 2026 ad
1944 1999 2006 2033 ea,

239 2056 466 2109 Pomponi,
508 2054 560 2095 de
593 2054 746 2109 quibus
778 2054 909 2094 acturi
942 2053 1022 2092 iam
1054 2065 1219 2099 sumus,
1252 2063 1359 2103 quae
1392 2055 1507 2090 tanta
1538 2063 1630 2090 esse
1663 2050 1880 2098 volumus3
1921 2062 2006 2088 non

329 2231 358 2260 t.
386 2229 510 2261 decoris
533 2228 612 2261 cod.
632 2228 851 2260 Monacensis
880 2244 913 2248 —
941 2226 1135 2266 oppresserit
1158 2226 1254 2256 BHO
1281 2242 1315 2246 ——
1344 2225 1374 2256 ⁶2.
1401 2224 1515 2255 coierit
1538 2222 1740 2254 Turnebus:
1767 2222 1942 2253 coniecerit
1964 2222 2005 2261 H,

238 2280 381 2319 coeyet‘it
404 2279 466 2310 AB
505 2296 539 2301 -—
578 2287 751 2317 omnesque
775 2276 990 2317 Steplmnus:
1029 2276 1240 2314 omnibusque
1266 2276 1310 2308 C:
1348 2284 1410 2305 nos
1441 2275 1610 2311 omnisque
1639 2272 1856 2313 scripsimus.
1897 2288 1933 2294 -
1973 2271 2005 2303 4.

239 2329 323 2361 bona
335 2336 353 2355 ξε
377 2329 556 2369 eligenda*
581 2329 619 2364 A,
646 2328 746 2358 bonas
769 2327 940 2366 elegantias
963 2324 1019 2363 [3¹3
1048 2326 1130 2356 bona
1156 2326 1324 2366 deligenda
1351 2325 1393 2355 O:
1421 2326 1455 2354 at
1480 2333 1511 2354 v.
1540 2324 1630 2354 Bake
1657 2322 1700 2353 ad
1726 2322 1757 2352 h.
1778 2320 1800 2353 l.
1827 2338 1862 2343 —
1889 2321 1921 2353 6.
1947 2329 2008 2352 ex-

240 2380 382 2419 cogitari
405 2379 506 2420 pauci
531 2377 634 2409 codd.
663 2377 746 2408 dett.
775 2378 807 2407 et
833 2377 857 2407 O
898 2391 932 2397 -
971 2377 1137 2414 eidemque
1162 2376 1219 2406 AB
1258 2391 1291 2396 —
1332 2382 1430 2413 quom
1455 2371 1492 2404 Β1
1531 2391 1565 2394 -
1607 2372 1637 2402 7.
1664 2380 1777 2402 rerum
1799 2371 2009 2411 omniumque

240 2430 324 2463 AB;
351 2429 561 2468 omniumque
585 2436 697 2458 rerum
721 2425 851 2466 aliquot
876 2425 960 2456 deit.
1001 2443 1034 2448 —
1073 2430 1296 2462 naturamque
1320 2422 1357 2454 151
1396 2440 1430 2444 —
1468 2422 1498 2454 8.
1527 2431 1624 2461 quom
1648 2422 1780 2452 obitura
1802 2419 1840 2452 B¹
1866 2438 1900 2443 —-
1940 2421 2009 2461 quit

240 2477 278 2511 B¹
301 2496 345 2502 —
370 2479 404 2509 in
427 2479 474 2509 his
497 2481 542 2509 A:
569 2479 603 2509 in
626 2479 653 2508 is
676 2475 767 2513 8¹11,
794 2478 827 2507 in
853 2477 891 2506 iis
914 2474 991 2506 B‘2O
1030 2493 1063 2497 —
1103 2476 1155 2505 1¹0.
1182 2475 1280 2504 unias
1304 2473 1388 2504 dett.
1416 2473 1535 2513 pauci:
1571 2472 1676 2502 omnis
1699 2473 1771 2510 AB,
1803 2472 1943 2504 hominis
1967 2472 2007 2510 H,

239 2530 314 2561 unis
337 2528 437 2560 codd.
466 2527 521 2559 alii
558 2545 592 2550 -
631 2530 709 2568 post
733 2526 899 2557 moenibus
923 2527 976 2556 est
1001 2526 1031 2556 in
1058 2526 1081 2556 C
1108 2524 1282 2564 glossema
1307 2532 1326 2554 a
1352 2523 1492 2554 Davisio
1518 2522 1721 2562 expulsum:
1748 2523 1912 2562 populare
1937 2524 2010 2562 (po-

235 2582 388 2621 putarem
407 2580 444 2619 H)
470 2579 611 2609 alicuius
634 2579 777 2618 definitio
803 2577 965 2616 (diffinitio
990 2576 1025 2612 Β,
1054 2575 1176 2614 definiti
1203 2574 1260 2611 Η);
1289 2574 1409 2604 contra
1436 2571 1543 2602 verba
1570 2572 1735 2611 corrupta
1760 2581 1824 2613 pro
1848 2573 2008 2613 genuinis

241 2630 373 2661 habent
397 2632 435 2660 A.
454 2629 508 2659 W.
530 2629 654 2668 Zumpt
684 2630 718 2659 et
743 2626 896 2662 Vahlen,
934 2627 988 2657 hic
1019 2625 1162 2664 quidem
1195 2622 1375 2654 scribens:
1413 2630 1542 2660 seseque
1570 2630 1635 2652 iton
1664 2622 1740 2652 ullis
1769 2623 2012 2653 circumdatum

240 2679 406 2711 moenibus
426 2679 623 2718 popularem
647 2678 788 2708 alicuius
812 2677 936 2717 definiti
958 2676 1031 2706 loci.
1057 2679 1101 2705 set
1125 2676 1193 2706 etc.
1230 2689 1263 2695 -
1304 2674 1354 2703 «11.
1381 2673 1444 2702 loci
1467 2672 1521 2703 sed
1545 2672 1584 2710 H,
1610 2671 1689 2702 locis
1711 2675 1741 2702 et
1763 2672 1824 2702 AB
1859 2689 1893 2693 —
1927 2680 2013 2702 unus

242 2729 281 2761 Β1
305 2746 340 2750 -
369 2729 538 2759 actiouerit
563 2728 586 2759 B
615 2745 650 2751 —
678 2729 730 2759 42.
756 2724 940 2767 cognitione
964 2726 992 2756 A
1025 2743 1060 2747 —-
1089 2724 1138 2755 43.
1167 2723 1438 2754 diminitum-tales
1460 2724 1487 2753 Α
1514 2740 1549 2744 -
1576 2722 1603 2752 si
1627 2722 1694 2760 ipse
1718 2722 1755 2759 C,
1781 2723 1896 2761 ipsese
1919 2722 1944 2753 O
1971 2739 2006 2744 —

240 2782 347 2810 nosset
371 2779 395 2809 C
422 2779 496 2817 <sed
520 2782 564 2809 set
589 2780 611 2809 A
639 2778 671 2808 in
697 2779 778 2815 ras.)
806 2795 840 2799 —-
869 2777 998 2816 appollo
1019 2774 1187 2813 praec-epit
1209 2773 1330 2812 phitius
1352 2773 1378 2803 A
1406 2789 1439 2793 —
1470 2771 1520 2802 44.
1548 2773 1753 2809 contempnet
1777 2779 1877 2809 quam
1901 2771 2010 2811 despi-

241 2830 296 2860 tiec
320 2830 344 2860 A
380 2845 422 2850 —
459 2829 508 2859 45.
535 2827 635 2866 uutqo
662 2827 765 2858 [3110
804 2843 836 2847 —
873 2826 1028 2856 dicuntur
1053 2823 1156 2853 etiam
1182 2824 1224 2857 A,
1260 2830 1328 2852 non
1361 2822 1537 2857 ducuntur,
1570 2822 1607 2851 ut
1631 2820 1722 2851 Bake
1747 2820 1946 2851 adfirmavit
1971 2837 2005 2843 —

243 2879 296 2910 46.
321 2878 465 2908 rationes
497 2877 541 2915 C,
574 2876 668 2907 unde
698 2875 828 2907 ratione
851 2879 880 2906 et
908 2873 1136 2906 scribendum
1163 2871 1312 2901 videtur.
1349 2888 1384 2893 —
1421 2871 1524 2902 uem-i
1548 2872 1574 2901 A
1609 2887 1643 2891 —-
1680 2870 1850 2901 iudicandi
1875 2870 2012 2901 scientia

245 2928 288 2959 H:
316 2928 438 2958 indit-ia
464 2929 495 2965 (a
520 2927 551 2956 in
574 2924 597 2956 ἆ
622 2926 726 2964 corr.)
751 2925 924 2956 descientia
953 2925 998 2955 Jde
1015 2923 1150 2953 seientia
1175 2922 1277 2951 estin
1297 2921 1379 2960 ras.)
1404 2923 1442 2956 Α,
1470 2917 1594 2951 iudicii]
1620 2918 1650 2959 (a
1666 2921 1698 2951 in
1717 2922 1797 2959 ras.)
1823 2920 2011 2951 descientia

244 2978 268 3009 B
297 2995 331 2999 -
358 2978 409 3008 47.
430 2978 612 3014 sequantur
634 2975 694 3006 AB
720 2992 759 2997 —-
787 2975 838 3005 48.
865 2975 1004 3013 quoique
1027 2975 1065 3004 A:
1093 2979 1221 3009 quoque
1245 2971 1283 3009 11,
1310 2973 1428 3010 cuique
1452 2972 1488 3006 B,
1515 2970 1578 3002 sed
1604 2971 1656 3001 cui
1681 2971 1712 3000 in
1731 2978 1798 3000 ras.
1829 2985 1862 2990 —
1891 2978 2011 3007 quum—

243 3035 306 3066 que
329 3027 353 3057 O
382 3044 415 3048 —
443 3025 494 3056 49.
519 3025 595 3064 susa
618 3026 643 3056 A
670 3025 701 3055 in
719 3033 783 3055 ras.
815 3041 849 3045 —
878 3025 929 3054 ⁵20.
956 3032 1038 3063 qaas
1062 3026 1196 3060 castiqet
1221 3019 1257 3051 13¹
1288 3039 1322 3042 -
1350 3021 1402 3050 2¹.
1422 3023 1533 3050 tuetur
1557 3020 1593 3050 Β1
1619 3036 1653 3041 -
1681 3020 1731 3050 22.
1751 3019 1863 3049 laudes
1886 3015 2010 3050 A¹B¹H

247 3095 282 3100 -
308 3076 360 3107 28.
388 3074 428 3105 ab
454 3083 533 3106 nos:
566 3076 610 3105 ad
632 3071 684 3112 A¹,
716 3083 737 3104 a
762 3073 917 3105 A²BllO
954 3090 996 3095 -—
1030 3071 1082 3102 ⁰24.
1110 3076 1139 3101 et.
1164 3072 1243 3099 ante
1269 3078 1355 3099 cons,
1383 3078 1452 3100 om.
1476 3070 1501 3100 H
1541 3086 1576 3091 —
1615 3069 1788 3099 consulam
1813 3069 1849 3098 13¹
1883 3085 1917 3090 —
1954 3068 2008 3099 25.

245 3135 309 3165 quo
332 3127 366 3155 in
390 3126 429 3163 H,
458 3133 556 3163 quum
581 3126 605 3155 O
645 3141 678 3145 —
717 3124 782 3154 sint
806 3132 889 3162 quae
913 3125 950 3157 Α,
978 3120 1040 3151 sed
1066 3122 1100 3150 nt
1124 3127 1208 3158 quae
1232 3119 1263 3149 in
1291 3128 1346 3149 ras
1373 3128 1378 3152 ;
1406 3122 1581 3157 tantaeque
1604 3119 1705 3149 inesse
1728 3118 1760 3149 in
1784 3117 1912 3148 homine
1932 3125 2011 3156 per-

244 3176 430 3215 spiciantur
455 3175 632 3210 Davisius,
659 3173 751 3204 haud
776 3175 847 3201 scio
873 3179 915 3201 an
941 3172 1036 3201 recte
1075 3186 1110 3190 —
1151 3168 1200 3199 26.
1227 3167 1267 3197 ab
1285 3168 1333 3198 his
1358 3170 1381 3199 C
1422 3186 1455 3190 -
1501 3169 1554 3199 ⁶27.
1580 3177 1602 3198 α
1625 3172 1655 3198 te
1677 3169 1703 3198 A
1729 3168 1763 3198 in
1786 3175 1855 3197 ras.
1882 3166 2007 3202 habet;

246 3228 291 3256 est
315 3233 384 3254 oni.
404 3223 476 3260 CO,
503 3223 634 3253 addidit
661 3220 843 3259 ifoldhtigol
870 3222 947 3261 post
971 3228 1054 3255 vere,
1083 3227 1145 3249 nos
1170 3219 1313 3257 propter
1338 3226 1497 3248 rasuram
1522 3218 1554 3248 in
1579 3219 1603 3248 A
1630 3218 1709 3257 post
1733 3216 1861 3255 quidem
1879 3215 2010 3246 addere

250 3273 456 3307 maluimus,
489 3271 551 3302 nisi
578 3271 690 3310 potius
714 3270 941 3301 scribendum
967 3272 1036 3300 est:
1074 3269 1213 3299 laudata
1236 3271 1282 3298 est
1306 3277 1342 3298 ea
1368 3268 1498 3308 quidem
1522 3269 1588 3299 etc.
1629 3284 1663 3289 —
1700 3266 1753 3297 ⁶28.
1779 3268 1825 3296 set
1846 3272 1959 3296 corsus
1982 3263 2009 3295 H

250 3323 279 3363 (t
296 3332 312 3354 e
337 3330 378 3353 ex
395 3321 498 3359 corr.)
525 3337 560 3342 —
587 3321 666 3351 haee
684 3321 849 3360 pertinent
873 3319 974 3351 codd.
1003 3318 1146 3359 quidam
1171 3317 1255 3350 dett.
1283 3319 1318 3348 et
1341 3318 1378 3348 Ο.
