<?xml version="1.0" encoding="UTF-8"?>
<!DOCTYPE html PUBLIC "-//W3C//DTD XHTML 1.0 Transitional//EN"
    "http://www.w3.org/TR/xhtml1/DTD/xhtml1-transitional.dtd">
<html xmlns="http://www.w3.org/1999/xhtml" xml:lang="en" lang="en">
 <head>
  <title>
</title>
<meta http-equiv="Content-Type" content="text/html;charset=utf-8" />
  <meta name='ocr-system' content='tesseract 3.04.00' />
  <meta name='ocr-capabilities' content='ocr_page ocr_carea ocr_par ocr_line ocrx_word'/>
</head>
<body>
  <div class='ocr_page' id='page_1' title='image "./operaquaesupersu04ciceuoft_0561.png"; bbox 0 0 2249 3624; ppageno 0'>
   <div class='ocr_carea' id='block_1_1' title="bbox 6 2787 11 3608">
    <p class='ocr_par' dir='ltr' id='par_1_1' title="bbox 6 2787 11 3608">
     <span class='ocr_line' id='line_1_1' title="bbox 6 2787 11 3608; baseline 0 0"><span class='ocrx_word' id='word_1_1' title='bbox 6 2787 11 3608; x_wconf 95' lang='lat' dir='ltr'> </span> 
     </span>
    </p>
   </div>
   <div class='ocr_carea' id='block_1_2' title="bbox 556 126 1951 182">
    <p class='ocr_par' dir='ltr' id='par_1_2' title="bbox 556 126 1951 182">
     <span class='ocr_line' id='line_1_2' title="bbox 556 126 1951 182; baseline -0.002 -11"><span class='ocrx_word' id='word_1_2' title='bbox 556 132 645 171; x_wconf 72' lang='lat' dir='ltr'>Lux.</span> <span class='ocrx_word' id='word_1_3' title='bbox 676 131 707 171; x_wconf 90' lang='grc' dir='ltr'>Ι.</span> <span class='ocrx_word' id='word_1_4' title='bbox 748 131 846 171; x_wconf 71' lang='grc' dir='ltr'>(ΣΑΡ.</span> <span class='ocrx_word' id='word_1_5' title='bbox 881 129 1269 170; x_wconf 81' lang='lat' dir='ltr'>XXXI—XXXII.</span> <span class='ocrx_word' id='word_1_6' title='bbox 1305 127 1364 182; x_wconf 79' lang='lat'>§§</span> <span class='ocrx_word' id='word_1_7' title='bbox 1396 126 1591 169; x_wconf 74' lang='lat'>63—68.</span> <span class='ocrx_word' id='word_1_8' title='bbox 1872 126 1951 168; x_wconf 83' lang='lat'>503</span> 
     </span>
    </p>
   </div>
   <div class='ocr_carea' id='block_1_3' title="bbox 184 241 2012 2112">
    <p class='ocr_par' dir='ltr' id='par_1_3' title="bbox 187 241 1951 412">
     <span class='ocr_line' id='line_1_3' title="bbox 187 241 1951 298; baseline -0.003 -11"><span class='ocrx_word' id='word_1_9' title='bbox 187 247 230 287; x_wconf 86' lang='lat' dir='ltr'>in</span> <span class='ocrx_word' id='word_1_10' title='bbox 259 246 408 287; x_wconf 90' lang='lat' dir='ltr'>animis</span> <span class='ocrx_word' id='word_1_11' title='bbox 439 244 691 298; x_wconf 74' lang='lat' dir='ltr'>praesagitio</span> <span class='ocrx_word' id='word_1_12' title='bbox 724 244 986 284; x_wconf 88' lang='lat' dir='ltr'>extrinsecus</span> <span class='ocrx_word' id='word_1_13' title='bbox 1017 244 1168 283; x_wconf 88' lang='lat' dir='ltr'>iniecta</span> <span class='ocrx_word' id='word_1_14' title='bbox 1200 249 1328 296; x_wconf 88' lang='lat' dir='ltr'>atque</span> <span class='ocrx_word' id='word_1_15' title='bbox 1360 242 1520 282; x_wconf 88' lang='lat' dir='ltr'>inclusa</span> <span class='ocrx_word' id='word_1_16' title='bbox 1552 241 1767 281; x_wconf 90' lang='lat' dir='ltr'>divinitus.</span> <span class='ocrx_word' id='word_1_17' title='bbox 1827 242 1887 281; x_wconf 88' lang='lat' dir='ltr'>Ea</span> <span class='ocrx_word' id='word_1_18' title='bbox 1918 242 1951 281; x_wconf 89' lang='lat' dir='ltr'>si</span> 
     </span>
     <span class='ocr_line' id='line_1_4' title="bbox 189 304 1951 359; baseline -0.004 -9"><span class='ocrx_word' id='word_1_19' title='bbox 189 309 343 350; x_wconf 83' lang='lat' dir='ltr'><strong>exarsit</strong></span> <span class='ocrx_word' id='word_1_20' title='bbox 372 308 522 353; x_wconf 90' lang='lat' dir='ltr'>acrius,</span> <span class='ocrx_word' id='word_1_21' title='bbox 554 306 671 345; x_wconf 83' lang='lat' dir='ltr'>furor</span> <span class='ocrx_word' id='word_1_22' title='bbox 700 307 948 359; x_wconf 85' lang='lat' dir='ltr'>appellatur,</span> <span class='ocrx_word' id='word_1_23' title='bbox 979 319 1070 345; x_wconf 84' lang='lat' dir='ltr'>cum</span> <span class='ocrx_word' id='word_1_24' title='bbox 1103 319 1125 345; x_wconf 88' lang='lat' dir='ltr'>a</span> <span class='ocrx_word' id='word_1_25' title='bbox 1157 318 1332 358; x_wconf 84' lang='lat' dir='ltr'>corpore</span> <span class='ocrx_word' id='word_1_26' title='bbox 1364 305 1527 344; x_wconf 86' lang='lat' dir='ltr'>animus</span> <span class='ocrx_word' id='word_1_27' title='bbox 1554 304 1787 344; x_wconf 86' lang='lat' dir='ltr'>abstractus</span> <span class='ocrx_word' id='word_1_28' title='bbox 1809 304 1951 343; x_wconf 90' lang='lat' dir='ltr'>divino</span> 
     </span>
     <span class='ocr_line' id='line_1_5' title="bbox 188 360 1704 412; baseline -0.005 0"><span class='ocrx_word' id='word_1_29' title='bbox 188 372 385 412; x_wconf 87' lang='lat' dir='ltr'>instinctu</span> <span class='ocrx_word' id='word_1_30' title='bbox 416 370 660 409; x_wconf 84' lang='lat' dir='ltr'>concitatur.</span> <span class='ocrx_word' id='word_1_31' title='bbox 1700 360 1704 365; x_wconf 76' lang='grc'><strong>’</strong></span> 
     </span>
    </p>

    <p class='ocr_par' dir='ltr' id='par_1_4' title="bbox 300 429 1951 485">
     <span class='ocr_line' id='line_1_6' title="bbox 300 429 1951 485; baseline -0.002 -13"><span class='ocrx_word' id='word_1_32' title='bbox 300 433 395 472; x_wconf 85' lang='lat' dir='ltr'>Sed</span> <span class='ocrx_word' id='word_1_33' title='bbox 438 432 564 485; x_wconf 91' lang='lat' dir='ltr'>quid</span> <span class='ocrx_word' id='word_1_34' title='bbox 605 431 775 471; x_wconf 86' lang='lat' dir='ltr'>oculis</span> <span class='ocrx_word' id='word_1_35' title='bbox 807 433 994 471; x_wconf 80' lang='lat' dir='ltr'>rabere</span> <span class='ocrx_word' id='word_1_36' title='bbox 1028 432 1138 471; x_wconf 89' lang='lat' dir='ltr'>visa</span> <span class='ocrx_word' id='word_1_37' title='bbox 1177 445 1230 470; x_wconf 75' lang='lat' dir='ltr'>es</span> <span class='ocrx_word' id='word_1_38' title='bbox 1269 430 1561 482; x_wconf 65' lang='lat' dir='ltr'>derepente</span> <span class='ocrx_word' id='word_1_39' title='bbox 1603 429 1951 469; x_wconf 78' lang='lat' dir='ltr'>ardentibus?</span> 
     </span>
    </p>

    <p class='ocr_par' dir='ltr' id='par_1_5' title="bbox 244 492 1986 547">
     <span class='ocr_line' id='line_1_7' title="bbox 244 492 1986 547; baseline -0.004 -12"><span class='ocrx_word' id='word_1_40' title='bbox 244 494 333 536; x_wconf 86' lang='lat' dir='ltr'>Ubi</span> <span class='ocrx_word' id='word_1_41' title='bbox 367 495 517 547; x_wconf 90' lang='lat' dir='ltr'>paulo</span> <span class='ocrx_word' id='word_1_42' title='bbox 548 501 665 533; x_wconf 88' lang='lat' dir='ltr'>ante</span> <span class='ocrx_word' id='word_1_43' title='bbox 697 495 905 546; x_wconf 84' lang='lat' dir='ltr'>sapiens</span> <span class='ocrx_word' id='word_1_44' title='bbox 940 494 1029 532; x_wconf 87' lang='lat' dir='ltr'>illa</span> <span class='ocrx_word' id='word_1_45' title='bbox 1065 494 1332 543; x_wconf 81' lang='lat' dir='ltr'>virginali’</span> <span class='ocrx_word' id='word_1_46' title='bbox 1367 492 1660 532; x_wconf 69' lang='lat' dir='ltr'>modestia?</span> <span class='ocrx_word' id='word_1_47' title='bbox 1967 500 1986 528; x_wconf 72' lang='grc' dir='ltr'>ὅ</span> 
     </span>
    </p>

    <p class='ocr_par' dir='ltr' id='par_1_6' title="bbox 299 555 1795 610">
     <span class='ocr_line' id='line_1_8' title="bbox 299 555 1795 610; baseline -0.003 -12"><span class='ocrx_word' id='word_1_48' title='bbox 299 561 483 603; x_wconf 80' lang='lat' dir='ltr'>Mater,</span> <span class='ocrx_word' id='word_1_49' title='bbox 516 563 844 610; x_wconf 84' lang='lat' dir='ltr'>optumarum</span> <span class='ocrx_word' id='word_1_50' title='bbox 880 557 1035 595; x_wconf 86' lang='lat' dir='ltr'>multo</span> <span class='ocrx_word' id='word_1_51' title='bbox 1070 557 1251 595; x_wconf 86' lang='lat' dir='ltr'>mulier</span> <span class='ocrx_word' id='word_1_52' title='bbox 1283 556 1465 594; x_wconf 84' lang='lat' dir='ltr'>melior</span> <span class='ocrx_word' id='word_1_53' title='bbox 1496 555 1795 601; x_wconf 77' lang='lat' dir='ltr'><strong>mulierum,</strong></span> 
     </span>
    </p>

    <p class='ocr_par' dir='ltr' id='par_1_7' title="bbox 184 618 2008 1548">
     <span class='ocr_line' id='line_1_9' title="bbox 241 618 1472 671; baseline -0.005 -9"><span class='ocrx_word' id='word_1_54' title='bbox 241 623 397 663; x_wconf 85' lang='lat' dir='ltr'>Missa</span> <span class='ocrx_word' id='word_1_55' title='bbox 428 634 535 660; x_wconf 88' lang='lat' dir='ltr'>sum</span> <span class='ocrx_word' id='word_1_56' title='bbox 568 619 973 671; x_wconf 75' lang='lat' dir='ltr'>superstitiosis</span> <span class='ocrx_word' id='word_1_57' title='bbox 1006 618 1472 663; x_wconf 83' lang='lat' dir='ltr'>hariolationibus;</span> 
     </span>
     <span class='ocr_line' id='line_1_10' title="bbox 241 680 1780 736; baseline -0.003 -13"><span class='ocrx_word' id='word_1_58' title='bbox 241 686 473 736; x_wconf 79' lang='lat' dir='ltr'>Namque</span> <span class='ocrx_word' id='word_1_59' title='bbox 504 682 697 735; x_wconf 82' lang='lat' dir='ltr'>Apollo</span> <span class='ocrx_word' id='word_1_60' title='bbox 729 681 859 720; x_wconf 86' lang='lat' dir='ltr'>satis</span> <span class='ocrx_word' id='word_1_61' title='bbox 892 681 1065 720; x_wconf 82' lang='lat' dir='ltr'>fandis</span> <span class='ocrx_word' id='word_1_62' title='bbox 1098 681 1390 719; x_wconf 80' lang='lat' dir='ltr'>dementem</span> <span class='ocrx_word' id='word_1_63' title='bbox 1424 680 1638 719; x_wconf 88' lang='lat' dir='ltr'>invitam</span> <span class='ocrx_word' id='word_1_64' title='bbox 1670 682 1780 720; x_wconf 75' lang='lat' dir='ltr'>ciet.</span> 
     </span>
     <span class='ocr_line' id='line_1_11' title="bbox 243 741 1952 798; baseline -0.003 -13"><span class='ocrx_word' id='word_1_65' title='bbox 243 746 486 798; x_wconf 88' lang='lat' dir='ltr'>Virgines</span> <span class='ocrx_word' id='word_1_66' title='bbox 518 758 709 783; x_wconf 87' lang='lat' dir='ltr'>vereor</span> <span class='ocrx_word' id='word_1_67' title='bbox 739 745 996 797; x_wconf 72' lang='lat' dir='ltr'>aequalis,</span> <span class='ocrx_word' id='word_1_68' title='bbox 1030 744 1190 796; x_wconf 86' lang='lat' dir='ltr'>patris</span> <span class='ocrx_word' id='word_1_69' title='bbox 1233 744 1323 782; x_wconf 86' lang='lat' dir='ltr'>mei</span> <span class='ocrx_word' id='word_1_70' title='bbox 1364 757 1521 782; x_wconf 81' lang='lat' dir='ltr'>meum</span> <span class='ocrx_word' id='word_1_71' title='bbox 1562 743 1746 782; x_wconf 83' lang='lat' dir='ltr'>sactum</span> <span class='ocrx_word' id='word_1_72' title='bbox 1780 741 1952 796; x_wconf 89' lang='lat' dir='ltr'>pudet,</span> 
     </span>
     <span class='ocr_line' id='line_1_12' title="bbox 242 806 2004 861; baseline -0.002 -13"><span class='ocrx_word' id='word_1_73' title='bbox 242 808 456 861; x_wconf 87' lang='lat' dir='ltr'>Optumi</span> <span class='ocrx_word' id='word_1_74' title='bbox 491 808 620 847; x_wconf 92' lang='lat' dir='ltr'>viri:</span> <span class='ocrx_word' id='word_1_75' title='bbox 664 822 770 846; x_wconf 80' lang='lat' dir='ltr'>mea</span> <span class='ocrx_word' id='word_1_76' title='bbox 802 813 991 853; x_wconf 78' lang='lat' dir='ltr'>mater,</span> <span class='ocrx_word' id='word_1_77' title='bbox 1025 806 1099 844; x_wconf 88' lang='lat' dir='ltr'>tui</span> <span class='ocrx_word' id='word_1_78' title='bbox 1134 820 1203 844; x_wconf 90' lang='lat' dir='ltr'>me</span> <span class='ocrx_word' id='word_1_79' title='bbox 1236 807 1473 851; x_wconf 80' lang='lat' dir='ltr'>miseret,</span> <span class='ocrx_word' id='word_1_80' title='bbox 1506 806 1600 844; x_wconf 89' lang='lat' dir='ltr'>mei</span> <span class='ocrx_word' id='word_1_81' title='bbox 1634 806 1793 858; x_wconf 81' lang='lat' dir='ltr'>piget.</span> <span class='ocrx_word' id='word_1_82' title='bbox 1970 810 2004 840; x_wconf 70' lang='grc'>’10</span> 
     </span>
     <span class='ocr_line' id='line_1_13' title="bbox 242 867 1954 923; baseline -0.002 -14"><span class='ocrx_word' id='word_1_83' title='bbox 242 872 505 923; x_wconf 85' lang='lat' dir='ltr'>Optumam</span> <span class='ocrx_word' id='word_1_84' title='bbox 541 870 834 922; x_wconf 83' lang='lat' dir='ltr'>progeniem</span> <span class='ocrx_word' id='word_1_85' title='bbox 859 870 1050 908; x_wconf 78' lang='lat' dir='ltr'>Priamo</span> <span class='ocrx_word' id='word_1_86' title='bbox 1087 868 1343 920; x_wconf 76' lang='lat' dir='ltr'>peperisti</span> <span class='ocrx_word' id='word_1_87' title='bbox 1375 874 1517 907; x_wconf 86' lang='lat' dir='ltr'>extra</span> <span class='ocrx_word' id='word_1_88' title='bbox 1550 881 1646 907; x_wconf 89' lang='lat' dir='ltr'>me:</span> <span class='ocrx_word' id='word_1_89' title='bbox 1680 869 1771 907; x_wconf 85' lang='lat' dir='ltr'>hoc</span> <span class='ocrx_word' id='word_1_90' title='bbox 1804 867 1954 914; x_wconf 87' lang='lat' dir='ltr'>dolet,</span> 
     </span>
     <span class='ocr_line' id='line_1_14' title="bbox 243 930 1898 985; baseline -0.002 -12"><span class='ocrx_word' id='word_1_91' title='bbox 243 935 352 973; x_wconf 85' lang='lat' dir='ltr'>Men</span> <span class='ocrx_word' id='word_1_92' title='bbox 385 933 597 979; x_wconf 87' lang='lat' dir='ltr'>obesse,</span> <span class='ocrx_word' id='word_1_93' title='bbox 631 932 761 972; x_wconf 87' lang='lat' dir='ltr'>illos</span> <span class='ocrx_word' id='word_1_94' title='bbox 795 932 1079 985; x_wconf 74' lang='lat' dir='ltr'>prodesse,</span> <span class='ocrx_word' id='word_1_95' title='bbox 1113 944 1185 970; x_wconf 92' lang='lat' dir='ltr'>me</span> <span class='ocrx_word' id='word_1_96' title='bbox 1219 930 1453 977; x_wconf 87' lang='lat' dir='ltr'>obstare,</span> <span class='ocrx_word' id='word_1_97' title='bbox 1489 931 1620 969; x_wconf 87' lang='lat' dir='ltr'>illos</span> <span class='ocrx_word' id='word_1_98' title='bbox 1652 931 1898 984; x_wconf 88' lang='lat' dir='ltr'>obsequi.</span> 
     </span>
     <span class='ocr_line' id='line_1_15' title="bbox 187 992 1955 1049; baseline -0.002 -14"><span class='ocrx_word' id='word_1_99' title='bbox 187 996 220 1036; x_wconf 95' lang='lat' dir='ltr'>O</span> <span class='ocrx_word' id='word_1_100' title='bbox 253 1009 403 1049; x_wconf 83' lang='lat' dir='ltr'>poema</span> <span class='ocrx_word' id='word_1_101' title='bbox 436 1001 622 1034; x_wconf 83' lang='lat' dir='ltr'>tenerum</span> <span class='ocrx_word' id='word_1_102' title='bbox 665 1001 705 1034; x_wconf 86' lang='lat' dir='ltr'>et</span> <span class='ocrx_word' id='word_1_103' title='bbox 737 1001 940 1034; x_wconf 88' lang='lat' dir='ltr'>moratum</span> <span class='ocrx_word' id='word_1_104' title='bbox 983 1001 1108 1047; x_wconf 87' lang='lat' dir='ltr'>atque</span> <span class='ocrx_word' id='word_1_105' title='bbox 1142 993 1295 1032; x_wconf 84' lang='lat' dir='ltr'>molle!</span> <span class='ocrx_word' id='word_1_106' title='bbox 1348 993 1429 1031; x_wconf 77' lang='lat' dir='ltr'>Sed</span> <span class='ocrx_word' id='word_1_107' title='bbox 1466 993 1545 1031; x_wconf 89' lang='lat' dir='ltr'>hoc</span> <span class='ocrx_word' id='word_1_108' title='bbox 1582 993 1717 1032; x_wconf 89' lang='lat' dir='ltr'>minus</span> <span class='ocrx_word' id='word_1_109' title='bbox 1754 992 1805 1032; x_wconf 92' lang='lat' dir='ltr'>ad</span> <span class='ocrx_word' id='word_1_110' title='bbox 1840 1005 1955 1032; x_wconf 89' lang='lat' dir='ltr'>rem:</span> 
     </span>
     <span class='ocr_line' id='line_1_16' title="bbox 186 1055 1956 1111; baseline -0.003 -12"><span class='ocrx_word' id='word_1_111' title='bbox 186 1057 251 1099; x_wconf 78' lang='grc'>67.</span> <span class='ocrx_word' id='word_1_112' title='bbox 284 1058 409 1103; x_wconf 92' lang='lat' dir='ltr'>illud,</span> <span class='ocrx_word' id='word_1_113' title='bbox 442 1057 552 1111; x_wconf 92' lang='lat' dir='ltr'>quod</span> <span class='ocrx_word' id='word_1_114' title='bbox 586 1057 798 1103; x_wconf 85' lang='lat' dir='ltr'>volumus,</span> <span class='ocrx_word' id='word_1_115' title='bbox 830 1070 1075 1110; x_wconf 81' lang='lat' dir='ltr'>expressum</span> <span class='ocrx_word' id='word_1_116' title='bbox 1107 1061 1182 1102; x_wconf 80' lang='lat' dir='ltr'>est,</span> <span class='ocrx_word' id='word_1_117' title='bbox 1214 1062 1257 1095; x_wconf 89' lang='lat' dir='ltr'>ut</span> <span class='ocrx_word' id='word_1_118' title='bbox 1289 1056 1506 1095; x_wconf 76' lang='lat' dir='ltr'>vaticinari</span> <span class='ocrx_word' id='word_1_119' title='bbox 1537 1056 1652 1095; x_wconf 85' lang='lat' dir='ltr'>furor</span> <span class='ocrx_word' id='word_1_120' title='bbox 1683 1068 1780 1095; x_wconf 86' lang='lat' dir='ltr'>vera</span> <span class='ocrx_word' id='word_1_121' title='bbox 1810 1055 1956 1096; x_wconf 87' lang='lat' dir='ltr'>soleat.</span> 
     </span>
     <span class='ocr_line' id='line_1_17' title="bbox 241 1119 2006 1170; baseline -0.002 -9"><span class='ocrx_word' id='word_1_122' title='bbox 241 1122 430 1167; x_wconf 86' lang='lat' dir='ltr'>Adest,</span> <span class='ocrx_word' id='word_1_123' title='bbox 463 1120 619 1159; x_wconf 91' lang='lat' dir='ltr'>adest</span> <span class='ocrx_word' id='word_1_124' title='bbox 650 1119 739 1158; x_wconf 79' lang='lat' dir='ltr'>sax</span> <span class='ocrx_word' id='word_1_125' title='bbox 771 1120 1023 1159; x_wconf 82' lang='lat' dir='ltr'>obvoluta</span> <span class='ocrx_word' id='word_1_126' title='bbox 1055 1119 1317 1169; x_wconf 76' lang='lat' dir='ltr'>sanguine</span> <span class='ocrx_word' id='word_1_127' title='bbox 1349 1124 1508 1170; x_wconf 84' lang='lat' dir='ltr'>atque</span> <span class='ocrx_word' id='word_1_128' title='bbox 1540 1119 1828 1158; x_wconf 90' lang='lat' dir='ltr'>incendio.</span> <span class='ocrx_word' id='word_1_129' title='bbox 1971 1123 2006 1152; x_wconf 74' lang='lat'>⁴⁶</span> 
     </span>
     <span class='ocr_line' id='line_1_18' title="bbox 242 1181 1851 1234; baseline -0.001 -11"><span class='ocrx_word' id='word_1_130' title='bbox 242 1184 429 1223; x_wconf 90' lang='lat' dir='ltr'>Multos</span> <span class='ocrx_word' id='word_1_131' title='bbox 461 1195 618 1222; x_wconf 90' lang='lat' dir='ltr'>annos</span> <span class='ocrx_word' id='word_1_132' title='bbox 650 1182 836 1229; x_wconf 89' lang='lat' dir='ltr'>latuit;</span> <span class='ocrx_word' id='word_1_133' title='bbox 880 1183 1045 1228; x_wconf 78' lang='lat' dir='ltr'>cives,</span> <span class='ocrx_word' id='word_1_134' title='bbox 1077 1181 1215 1220; x_wconf 80' lang='lat' dir='ltr'>ferte</span> <span class='ocrx_word' id='word_1_135' title='bbox 1247 1193 1392 1233; x_wconf 91' lang='lat' dir='ltr'>opem</span> <span class='ocrx_word' id='word_1_136' title='bbox 1425 1185 1475 1219; x_wconf 89' lang='lat' dir='ltr'>et</span> <span class='ocrx_word' id='word_1_137' title='bbox 1506 1181 1851 1234; x_wconf 85' lang='lat' dir='ltr'>restinguite.</span> 
     </span>
     <span class='ocr_line' id='line_1_19' title="bbox 184 1242 1688 1298; baseline -0.004 -10"><span class='ocrx_word' id='word_1_138' title='bbox 184 1248 296 1287; x_wconf 89' lang='lat' dir='ltr'>Deus</span> <span class='ocrx_word' id='word_1_139' title='bbox 329 1245 516 1285; x_wconf 90' lang='lat' dir='ltr'>inclusus</span> <span class='ocrx_word' id='word_1_140' title='bbox 549 1258 721 1298; x_wconf 88' lang='lat' dir='ltr'>corpore</span> <span class='ocrx_word' id='word_1_141' title='bbox 752 1245 960 1291; x_wconf 73' lang='lat' dir='ltr'>humarm,</span> <span class='ocrx_word' id='word_1_142' title='bbox 992 1245 1072 1284; x_wconf 89' lang='lat' dir='ltr'>iam</span> <span class='ocrx_word' id='word_1_143' title='bbox 1108 1257 1189 1283; x_wconf 85' lang='lat' dir='ltr'>non</span> <span class='ocrx_word' id='word_1_144' title='bbox 1223 1242 1457 1282; x_wconf 88' lang='lat' dir='ltr'>Cassandra</span> <span class='ocrx_word' id='word_1_145' title='bbox 1488 1242 1688 1296; x_wconf 89' lang='lat' dir='ltr'>loquitur.</span> 
     </span>
     <span class='ocr_line' id='line_1_20' title="bbox 241 1306 1247 1361; baseline -0.004 -13"><span class='ocrx_word' id='word_1_146' title='bbox 241 1309 456 1361; x_wconf 91' lang='lat' dir='ltr'>Iamque</span> <span class='ocrx_word' id='word_1_147' title='bbox 497 1308 623 1347; x_wconf 89' lang='lat' dir='ltr'>mari</span> <span class='ocrx_word' id='word_1_148' title='bbox 666 1320 855 1360; x_wconf 91' lang='lat' dir='ltr'>magno</span> <span class='ocrx_word' id='word_1_149' title='bbox 899 1307 1093 1347; x_wconf 88' lang='lat' dir='ltr'>classis</span> <span class='ocrx_word' id='word_1_150' title='bbox 1136 1306 1247 1345; x_wconf 88' lang='lat' dir='ltr'>cita</span> 
     </span>
     <span class='ocr_line' id='line_1_21' title="bbox 241 1369 1203 1422; baseline -0.004 -10"><span class='ocrx_word' id='word_1_151' title='bbox 241 1371 484 1412; x_wconf 85' lang='lat' dir='ltr'>Texitur:</span> <span class='ocrx_word' id='word_1_152' title='bbox 527 1370 743 1410; x_wconf 86' lang='lat' dir='ltr'>exitium</span> <span class='ocrx_word' id='word_1_153' title='bbox 786 1383 998 1410; x_wconf 82' lang='lat' dir='ltr'>examen</span> <span class='ocrx_word' id='word_1_154' title='bbox 1039 1369 1203 1422; x_wconf 86' lang='lat' dir='ltr'>rapit:</span> 
     </span>
     <span class='ocr_line' id='line_1_22' title="bbox 240 1432 2008 1480; baseline -0.003 -6"><span class='ocrx_word' id='word_1_155' title='bbox 240 1434 524 1480; x_wconf 88' lang='lat' dir='ltr'>Adveniet,</span> <span class='ocrx_word' id='word_1_156' title='bbox 566 1432 679 1473; x_wconf 85' lang='lat' dir='ltr'>fera</span> <span class='ocrx_word' id='word_1_157' title='bbox 721 1432 1150 1472; x_wconf 88' lang='lat' dir='ltr'>velivolantibus</span> <span class='ocrx_word' id='word_1_158' title='bbox 1971 1434 2008 1464; x_wconf 75' lang='lat'>20</span> 
     </span>
     <span class='ocr_line' id='line_1_23' title="bbox 240 1495 1265 1548; baseline -0.003 -12"><span class='ocrx_word' id='word_1_159' title='bbox 240 1498 474 1537; x_wconf 86' lang='lat' dir='ltr'>Navibus</span> <span class='ocrx_word' id='word_1_160' title='bbox 517 1495 814 1548; x_wconf 88' lang='lat' dir='ltr'>complebit</span> <span class='ocrx_word' id='word_1_161' title='bbox 856 1508 1040 1535; x_wconf 88' lang='lat' dir='ltr'>manus</span> <span class='ocrx_word' id='word_1_162' title='bbox 1086 1495 1265 1534; x_wconf 90' lang='lat' dir='ltr'>litora.</span> 
     </span>
    </p>

    <p class='ocr_par' dir='ltr' id='par_1_8' title="bbox 185 1555 2012 2112">
     <span class='ocr_line' id='line_1_24' title="bbox 299 1555 1958 1611; baseline -0.002 -13"><span class='ocrx_word' id='word_1_163' title='bbox 299 1560 472 1598; x_wconf 82' lang='lat' dir='ltr'>xxxll.</span> <span class='ocrx_word' id='word_1_164' title='bbox 504 1557 570 1598; x_wconf 76' lang='lat'>68.</span> <span class='ocrx_word' id='word_1_165' title='bbox 603 1558 856 1610; x_wconf 87' lang='lat' dir='ltr'>Tragoedias</span> <span class='ocrx_word' id='word_1_166' title='bbox 888 1558 1007 1611; x_wconf 87' lang='lat' dir='ltr'>loqui</span> <span class='ocrx_word' id='word_1_167' title='bbox 1040 1557 1182 1597; x_wconf 89' lang='lat' dir='ltr'>videor</span> <span class='ocrx_word' id='word_1_168' title='bbox 1217 1562 1256 1596; x_wconf 90' lang='lat' dir='ltr'>et</span> <span class='ocrx_word' id='word_1_169' title='bbox 1287 1555 1460 1596; x_wconf 88' lang='lat' dir='ltr'>fabulas.</span> <span class='ocrx_word' id='word_1_170' title='bbox 1510 1557 1563 1596; x_wconf 90' lang='lat' dir='ltr'>At</span> <span class='ocrx_word' id='word_1_171' title='bbox 1592 1569 1646 1596; x_wconf 89' lang='lat' dir='ltr'>ex</span> <span class='ocrx_word' id='word_1_172' title='bbox 1678 1562 1716 1596; x_wconf 90' lang='lat' dir='ltr'>te</span> <span class='ocrx_word' id='word_1_173' title='bbox 1748 1555 1841 1608; x_wconf 88' lang='lat' dir='ltr'>ipso</span> <span class='ocrx_word' id='word_1_174' title='bbox 1873 1567 1958 1594; x_wconf 91' lang='lat' dir='ltr'>non</span> 
     </span>
     <span class='ocr_line' id='line_1_25' title="bbox 185 1617 1958 1671; baseline -0.003 -9"><span class='ocrx_word' id='word_1_175' title='bbox 185 1622 518 1663; x_wconf 68' lang='lat' dir='ltr'>commenticiam</span> <span class='ocrx_word' id='word_1_176' title='bbox 552 1635 664 1668; x_wconf 88' lang='lat' dir='ltr'>rem,</span> <span class='ocrx_word' id='word_1_177' title='bbox 706 1620 781 1660; x_wconf 91' lang='lat' dir='ltr'>sed</span> <span class='ocrx_word' id='word_1_178' title='bbox 821 1620 971 1660; x_wconf 82' lang='lat' dir='ltr'>factam</span> <span class='ocrx_word' id='word_1_179' title='bbox 1014 1619 1202 1660; x_wconf 88' lang='lat' dir='ltr'>eiusdem</span> <span class='ocrx_word' id='word_1_180' title='bbox 1239 1619 1404 1671; x_wconf 85' lang='lat' dir='ltr'>generis</span> <span class='ocrx_word' id='word_1_181' title='bbox 1436 1618 1601 1658; x_wconf 89' lang='lat' dir='ltr'>audivi:</span> <span class='ocrx_word' id='word_1_182' title='bbox 1649 1619 1691 1659; x_wconf 92' lang='lat' dir='ltr'>C.</span> <span class='ocrx_word' id='word_1_183' title='bbox 1725 1617 1958 1671; x_wconf 89' lang='lat' dir='ltr'>Coponium</span> 
     </span>
     <span class='ocr_line' id='line_1_26' title="bbox 185 1681 1959 1737; baseline -0.003 -13"><span class='ocrx_word' id='word_1_184' title='bbox 185 1685 237 1724; x_wconf 91' lang='lat' dir='ltr'>ad</span> <span class='ocrx_word' id='word_1_185' title='bbox 269 1690 307 1724; x_wconf 92' lang='lat' dir='ltr'>te</span> <span class='ocrx_word' id='word_1_186' title='bbox 338 1685 502 1724; x_wconf 89' lang='lat' dir='ltr'>venisse</span> <span class='ocrx_word' id='word_1_187' title='bbox 534 1683 831 1737; x_wconf 73' lang='lat' dir='ltr'>Dyrrachium,</span> <span class='ocrx_word' id='word_1_188' title='bbox 872 1696 967 1722; x_wconf 87' lang='lat' dir='ltr'>cum</span> <span class='ocrx_word' id='word_1_189' title='bbox 1007 1682 1216 1735; x_wconf 84' lang='lat' dir='ltr'>praetorio</span> <span class='ocrx_word' id='word_1_190' title='bbox 1257 1682 1435 1734; x_wconf 89' lang='lat' dir='ltr'>imperio</span> <span class='ocrx_word' id='word_1_191' title='bbox 1469 1681 1590 1721; x_wconf 87' lang='lat' dir='ltr'>classi</span> <span class='ocrx_word' id='word_1_192' title='bbox 1622 1681 1809 1721; x_wconf 85' lang='lat' dir='ltr'>Rhodiae</span> <span class='ocrx_word' id='word_1_193' title='bbox 1841 1693 1959 1733; x_wconf 91' lang='lat' dir='ltr'>prae-</span> 
     </span>
     <span class='ocr_line' id='line_1_27' title="bbox 186 1743 2010 1799; baseline -0.003 -12"><span class='ocrx_word' id='word_1_194' title='bbox 186 1753 319 1794; x_wconf 85' lang='lat' dir='ltr'>esset,</span> <span class='ocrx_word' id='word_1_195' title='bbox 362 1761 453 1786; x_wconf 88' lang='lat' dir='ltr'>cum</span> <span class='ocrx_word' id='word_1_196' title='bbox 496 1748 629 1799; x_wconf 90' lang='lat' dir='ltr'>primo</span> <span class='ocrx_word' id='word_1_197' title='bbox 666 1746 879 1785; x_wconf 89' lang='lat' dir='ltr'>hominem</span> <span class='ocrx_word' id='word_1_198' title='bbox 913 1746 1161 1797; x_wconf 88' lang='lat' dir='ltr'>prudentem</span> <span class='ocrx_word' id='word_1_199' title='bbox 1194 1750 1320 1798; x_wconf 83' lang='lat' dir='ltr'>atque</span> <span class='ocrx_word' id='word_1_200' title='bbox 1353 1744 1546 1791; x_wconf 86' lang='lat' dir='ltr'>doctum,</span> <span class='ocrx_word' id='word_1_201' title='bbox 1589 1757 1770 1796; x_wconf 87' lang='lat' dir='ltr'>eumque</span> <span class='ocrx_word' id='word_1_202' title='bbox 1802 1743 1959 1783; x_wconf 87' lang='lat' dir='ltr'>dixisse</span> <span class='ocrx_word' id='word_1_203' title='bbox 1974 1752 2010 1783; x_wconf 76' lang='lat'>25</span> 
     </span>
     <span class='ocr_line' id='line_1_28' title="bbox 187 1806 1959 1863; baseline -0.003 -13"><span class='ocrx_word' id='word_1_204' title='bbox 187 1811 387 1862; x_wconf 79' lang='lat' dir='ltr'>remigem</span> <span class='ocrx_word' id='word_1_205' title='bbox 419 1809 631 1863; x_wconf 90' lang='lat' dir='ltr'>quendam</span> <span class='ocrx_word' id='word_1_206' title='bbox 663 1823 685 1848; x_wconf 85' lang='lat' dir='ltr'>e</span> <span class='ocrx_word' id='word_1_207' title='bbox 718 1808 1016 1861; x_wconf 84' lang='lat' dir='ltr'>quinqueremi</span> <span class='ocrx_word' id='word_1_208' title='bbox 1049 1808 1306 1847; x_wconf 85' lang='lat' dir='ltr'>Rhodiorum</span> <span class='ocrx_word' id='word_1_209' title='bbox 1346 1807 1639 1854; x_wconf 86' lang='lat' dir='ltr'>vaticinatum,</span> <span class='ocrx_word' id='word_1_210' title='bbox 1682 1806 1959 1846; x_wconf 85' lang='lat' dir='ltr'>madefactum</span> 
     </span>
     <span class='ocr_line' id='line_1_29' title="bbox 186 1870 1961 1923; baseline -0.003 -10"><span class='ocrx_word' id='word_1_211' title='bbox 186 1874 236 1913; x_wconf 93' lang='lat' dir='ltr'>iri</span> <span class='ocrx_word' id='word_1_212' title='bbox 268 1873 405 1912; x_wconf 88' lang='lat' dir='ltr'>minus</span> <span class='ocrx_word' id='word_1_213' title='bbox 438 1886 524 1912; x_wconf 79' lang='lat' dir='ltr'>xxx</span> <span class='ocrx_word' id='word_1_214' title='bbox 557 1872 705 1911; x_wconf 88' lang='lat' dir='ltr'>diebus</span> <span class='ocrx_word' id='word_1_215' title='bbox 737 1871 954 1910; x_wconf 83' lang='lat' dir='ltr'>Graeciam</span> <span class='ocrx_word' id='word_1_216' title='bbox 992 1871 1218 1923; x_wconf 88' lang='lat' dir='ltr'>sanguine,</span> <span class='ocrx_word' id='word_1_217' title='bbox 1259 1870 1426 1922; x_wconf 86' lang='lat' dir='ltr'>rapinas</span> <span class='ocrx_word' id='word_1_218' title='bbox 1458 1870 1660 1922; x_wconf 71' lang='lat' dir='ltr'>Dyrrachi</span> <span class='ocrx_word' id='word_1_219' title='bbox 1691 1874 1732 1909; x_wconf 89' lang='lat' dir='ltr'>et</span> <span class='ocrx_word' id='word_1_220' title='bbox 1761 1881 1961 1908; x_wconf 88' lang='lat' dir='ltr'>conscen-</span> 
     </span>
     <span class='ocr_line' id='line_1_30' title="bbox 187 1931 1962 1985; baseline -0.003 -10"><span class='ocrx_word' id='word_1_221' title='bbox 187 1936 347 1976; x_wconf 89' lang='lat' dir='ltr'>sionem</span> <span class='ocrx_word' id='word_1_222' title='bbox 378 1935 421 1974; x_wconf 89' lang='lat' dir='ltr'>in</span> <span class='ocrx_word' id='word_1_223' title='bbox 454 1935 571 1974; x_wconf 90' lang='lat' dir='ltr'>navis</span> <span class='ocrx_word' id='word_1_224' title='bbox 603 1947 696 1973; x_wconf 89' lang='lat' dir='ltr'>cum</span> <span class='ocrx_word' id='word_1_225' title='bbox 727 1933 825 1985; x_wconf 89' lang='lat' dir='ltr'>fuga</span> <span class='ocrx_word' id='word_1_226' title='bbox 856 1932 1198 1985; x_wconf 85' lang='lat' dir='ltr'>fugientibusque</span> <span class='ocrx_word' id='word_1_227' title='bbox 1240 1932 1520 1972; x_wconf 89' lang='lat' dir='ltr'>miserabilem</span> <span class='ocrx_word' id='word_1_228' title='bbox 1551 1937 1788 1985; x_wconf 85' lang='lat' dir='ltr'>respectum</span> <span class='ocrx_word' id='word_1_229' title='bbox 1819 1931 1962 1971; x_wconf 86' lang='lat' dir='ltr'>incen-</span> 
     </span>
     <span class='ocr_line' id='line_1_31' title="bbox 187 1993 1960 2048; baseline -0.003 -10"><span class='ocrx_word' id='word_1_230' title='bbox 187 1998 352 2038; x_wconf 90' lang='lat' dir='ltr'>diorum</span> <span class='ocrx_word' id='word_1_231' title='bbox 389 1997 503 2044; x_wconf 86' lang='lat' dir='ltr'>sore,</span> <span class='ocrx_word' id='word_1_232' title='bbox 555 1997 629 2036; x_wconf 92' lang='lat' dir='ltr'>sed</span> <span class='ocrx_word' id='word_1_233' title='bbox 669 1996 931 2035; x_wconf 86' lang='lat' dir='ltr'>Rhodiorum</span> <span class='ocrx_word' id='word_1_234' title='bbox 978 1995 1098 2034; x_wconf 89' lang='lat' dir='ltr'>classi</span> <span class='ocrx_word' id='word_1_235' title='bbox 1146 1995 1426 2048; x_wconf 88' lang='lat' dir='ltr'>propinquum</span> <span class='ocrx_word' id='word_1_236' title='bbox 1471 1993 1653 2034; x_wconf 90' lang='lat' dir='ltr'>reditum</span> <span class='ocrx_word' id='word_1_237' title='bbox 1699 2007 1746 2033; x_wconf 86' lang='lat' dir='ltr'>ac</span> <span class='ocrx_word' id='word_1_238' title='bbox 1791 1993 1960 2033; x_wconf 92' lang='lat' dir='ltr'>domum</span> 
     </span>
     <span class='ocr_line' id='line_1_32' title="bbox 186 2058 2012 2112; baseline -0.003 -11"><span class='ocrx_word' id='word_1_239' title='bbox 186 2061 358 2102; x_wconf 90' lang='lat' dir='ltr'>itionem</span> <span class='ocrx_word' id='word_1_240' title='bbox 391 2059 502 2099; x_wconf 90' lang='lat' dir='ltr'>dari:</span> <span class='ocrx_word' id='word_1_241' title='bbox 554 2064 642 2099; x_wconf 92' lang='lat' dir='ltr'>tum</span> <span class='ocrx_word' id='word_1_242' title='bbox 687 2071 827 2112; x_wconf 90' lang='lat' dir='ltr'>neque</span> <span class='ocrx_word' id='word_1_243' title='bbox 876 2063 915 2097; x_wconf 88' lang='lat' dir='ltr'>te</span> <span class='ocrx_word' id='word_1_244' title='bbox 958 2058 1096 2111; x_wconf 87' lang='lat' dir='ltr'>ipsum</span> <span class='ocrx_word' id='word_1_245' title='bbox 1141 2071 1224 2097; x_wconf 84' lang='lat' dir='ltr'>non</span> <span class='ocrx_word' id='word_1_246' title='bbox 1271 2070 1363 2097; x_wconf 89' lang='lat' dir='ltr'>esse</span> <span class='ocrx_word' id='word_1_247' title='bbox 1405 2061 1659 2097; x_wconf 89' lang='lat' dir='ltr'>commotum</span> <span class='ocrx_word' id='word_1_248' title='bbox 1691 2058 2012 2110; x_wconf 73' lang='lat' dir='ltr'>Marcumque-‘30</span> 
     </span>
    </p>
   </div>
   <div class='ocr_carea' id='block_1_4' title="bbox 186 2209 1964 3297">
    <p class='ocr_par' dir='ltr' id='par_1_9' title="bbox 186 2209 1964 3297">
     <span class='ocr_line' id='line_1_33' title="bbox 276 2209 1960 2255; baseline -0.002 -10"><span class='ocrx_word' id='word_1_249' title='bbox 276 2216 305 2247; x_wconf 69' lang='lat' dir='ltr'>vl.</span> <span class='ocrx_word' id='word_1_250' title='bbox 330 2215 543 2255; x_wconf 61' lang='lat' dir='ltr'>praestigatio</span> <span class='ocrx_word' id='word_1_251' title='bbox 568 2214 636 2252; x_wconf 69' lang='lat' dir='ltr'>AV,</span> <span class='ocrx_word' id='word_1_252' title='bbox 664 2214 836 2253; x_wconf 79' lang='lat' dir='ltr'>praesalia</span> <span class='ocrx_word' id='word_1_253' title='bbox 862 2214 907 2246; x_wconf 81' lang='lat' dir='ltr'>ll:</span> <span class='ocrx_word' id='word_1_254' title='bbox 936 2213 979 2244; x_wconf 78' lang='lat' dir='ltr'>cs.</span> <span class='ocrx_word' id='word_1_255' title='bbox 1006 2212 1102 2252; x_wconf 77' lang='lat'>§123</span> <span class='ocrx_word' id='word_1_256' title='bbox 1129 2230 1165 2234; x_wconf 97' lang='lat'><strong>—</strong></span> <span class='ocrx_word' id='word_1_257' title='bbox 1200 2212 1333 2242; x_wconf 75' lang='lat' dir='ltr'>diuinus</span> <span class='ocrx_word' id='word_1_258' title='bbox 1349 2210 1388 2243; x_wconf 78' lang='lat' dir='ltr'>A¹</span> <span class='ocrx_word' id='word_1_259' title='bbox 1413 2229 1455 2233; x_wconf 91' lang='lat'>—</span> <span class='ocrx_word' id='word_1_260' title='bbox 1485 2219 1524 2242; x_wconf 82' lang='lat' dir='ltr'>ea</span> <span class='ocrx_word' id='word_1_261' title='bbox 1549 2219 1626 2251; x_wconf 84' lang='lat' dir='ltr'>sup.</span> <span class='ocrx_word' id='word_1_262' title='bbox 1653 2209 1710 2242; x_wconf 88' lang='lat' dir='ltr'>lin.</span> <span class='ocrx_word' id='word_1_263' title='bbox 1738 2211 1781 2250; x_wconf 88' lang='grc' dir='ltr'>Β,</span> <span class='ocrx_word' id='word_1_264' title='bbox 1816 2215 1844 2242; x_wconf 79' lang='lat' dir='ltr'>et</span> <span class='ocrx_word' id='word_1_265' title='bbox 1869 2211 1897 2242; x_wconf 88' lang='lat' dir='ltr'><em>H</em></span> <span class='ocrx_word' id='word_1_266' title='bbox 1924 2227 1960 2233; x_wconf 91' lang='lat'>-—-</span> 
     </span>
     <span class='ocr_line' id='line_1_34' title="bbox 187 2260 1958 2304; baseline -0.003 -8"><span class='ocrx_word' id='word_1_267' title='bbox 187 2265 218 2298; x_wconf 72' lang='grc'>4.</span> <span class='ocrx_word' id='word_1_268' title='bbox 245 2265 361 2296; x_wconf 80' lang='lat' dir='ltr'>rubere</span> <span class='ocrx_word' id='word_1_269' title='bbox 385 2266 540 2296; x_wconf 81' lang='lat' dir='ltr'>Muretus</span> <span class='ocrx_word' id='word_1_270' title='bbox 573 2265 664 2304; x_wconf 79' lang='lat' dir='ltr'>(Var.</span> <span class='ocrx_word' id='word_1_271' title='bbox 690 2264 786 2295; x_wconf 82' lang='lat' dir='ltr'>lectt.</span> <span class='ocrx_word' id='word_1_272' title='bbox 815 2264 868 2302; x_wconf 84' lang='lat' dir='ltr'>IX,</span> <span class='ocrx_word' id='word_1_273' title='bbox 890 2263 966 2302; x_wconf 63' lang='lat' dir='ltr'>loy:</span> <span class='ocrx_word' id='word_1_274' title='bbox 1001 2272 1123 2302; x_wconf 81' lang='lat' dir='ltr'>rapere</span> <span class='ocrx_word' id='word_1_275' title='bbox 1147 2264 1171 2294; x_wconf 93' lang='lat' dir='ltr'>C</span> <span class='ocrx_word' id='word_1_276' title='bbox 1208 2280 1242 2284; x_wconf 88' lang='lat'>—-</span> <span class='ocrx_word' id='word_1_277' title='bbox 1274 2263 1349 2292; x_wconf 85' lang='lat' dir='ltr'>uisa</span> <span class='ocrx_word' id='word_1_278' title='bbox 1371 2270 1404 2292; x_wconf 84' lang='lat' dir='ltr'>es</span> <span class='ocrx_word' id='word_1_279' title='bbox 1428 2261 1639 2292; x_wconf 87' lang='lat' dir='ltr'>Lambinus:</span> <span class='ocrx_word' id='word_1_280' title='bbox 1672 2261 1746 2291; x_wconf 82' lang='lat' dir='ltr'>uisa</span> <span class='ocrx_word' id='word_1_281' title='bbox 1769 2263 1814 2292; x_wconf 79' lang='lat' dir='ltr'>est</span> <span class='ocrx_word' id='word_1_282' title='bbox 1838 2260 1897 2292; x_wconf 92' lang='lat' dir='ltr'>CO</span> <span class='ocrx_word' id='word_1_283' title='bbox 1922 2277 1958 2283; x_wconf 94' lang='lat'><strong>—</strong></span> 
     </span>
     <span class='ocr_line' id='line_1_35' title="bbox 187 2311 1963 2356; baseline -0.002 -9"><span class='ocrx_word' id='word_1_284' title='bbox 187 2318 219 2348; x_wconf 83' lang='lat'>5.</span> <span class='ocrx_word' id='word_1_285' title='bbox 245 2316 301 2347; x_wconf 71' lang='lat' dir='ltr'>ubi</span> <span class='ocrx_word' id='word_1_286' title='bbox 321 2317 423 2356; x_wconf 84' lang='lat' dir='ltr'>paulo</span> <span class='ocrx_word' id='word_1_287' title='bbox 448 2319 524 2346; x_wconf 77' lang='lat' dir='ltr'>ante</span> <span class='ocrx_word' id='word_1_288' title='bbox 546 2317 677 2355; x_wconf 76' lang='lat' dir='ltr'>sapiens</span> <span class='ocrx_word' id='word_1_289' title='bbox 702 2315 757 2345; x_wconf 86' lang='lat' dir='ltr'>illa</span> <span class='ocrx_word' id='word_1_290' title='bbox 782 2316 947 2345; x_wconf 73' lang='lat' dir='ltr'>Aut-alus:</span> <span class='ocrx_word' id='word_1_291' title='bbox 977 2314 1032 2344; x_wconf 78' lang='lat' dir='ltr'>ubi</span> <span class='ocrx_word' id='word_1_292' title='bbox 1057 2314 1113 2344; x_wconf 75' lang='lat' dir='ltr'>illa</span> <span class='ocrx_word' id='word_1_293' title='bbox 1135 2313 1237 2352; x_wconf 73' lang='lat' dir='ltr'>paulo</span> <span class='ocrx_word' id='word_1_294' title='bbox 1262 2316 1338 2344; x_wconf 70' lang='lat' dir='ltr'>wile</span> <span class='ocrx_word' id='word_1_295' title='bbox 1361 2313 1491 2351; x_wconf 77' lang='lat' dir='ltr'>sapiens</span> <span class='ocrx_word' id='word_1_296' title='bbox 1515 2312 1593 2349; x_wconf 86' lang='lat' dir='ltr'>CO⁷</span> <span class='ocrx_word' id='word_1_297' title='bbox 1620 2311 1674 2343; x_wconf 81' lang='lat' dir='ltr'>ubi</span> <span class='ocrx_word' id='word_1_298' title='bbox 1701 2311 1758 2342; x_wconf 84' lang='lat' dir='ltr'>illa</span> <span class='ocrx_word' id='word_1_299' title='bbox 1781 2314 1840 2342; x_wconf 80' lang='lat' dir='ltr'>tua</span> <span class='ocrx_word' id='word_1_300' title='bbox 1858 2311 1963 2350; x_wconf 82' lang='lat' dir='ltr'>paulo</span> 
     </span>
     <span class='ocr_line' id='line_1_36' title="bbox 188 2360 1961 2405; baseline -0.003 -8"><span class='ocrx_word' id='word_1_301' title='bbox 188 2369 264 2397; x_wconf 77' lang='lat' dir='ltr'>ante</span> <span class='ocrx_word' id='word_1_302' title='bbox 286 2367 415 2405; x_wconf 74' lang='lat' dir='ltr'>sapiens</span> <span class='ocrx_word' id='word_1_303' title='bbox 441 2365 532 2398; x_wconf 78' lang='lat' dir='ltr'>Reiz,</span> <span class='ocrx_word' id='word_1_304' title='bbox 560 2369 617 2395; x_wconf 75' lang='grc' dir='ltr'>ααί</span> <span class='ocrx_word' id='word_1_305' title='bbox 640 2365 694 2395; x_wconf 77' lang='lat' dir='ltr'>ubi</span> <span class='ocrx_word' id='word_1_306' title='bbox 720 2365 775 2395; x_wconf 84' lang='lat' dir='ltr'>illa</span> <span class='ocrx_word' id='word_1_307' title='bbox 798 2364 900 2404; x_wconf 77' lang='lat' dir='ltr'>paulo</span> <span class='ocrx_word' id='word_1_308' title='bbox 925 2368 1000 2394; x_wconf 74' lang='lat' dir='ltr'>ante</span> <span class='ocrx_word' id='word_1_309' title='bbox 1024 2364 1153 2402; x_wconf 71' lang='lat' dir='ltr'>sapiens</span> <span class='ocrx_word' id='word_1_310' title='bbox 1180 2363 1381 2394; x_wconf 81' lang='lat' dir='ltr'>Lachmann</span> <span class='ocrx_word' id='word_1_311' title='bbox 1400 2362 1442 2393; x_wconf 87' lang='lat' dir='ltr'>ad</span> <span class='ocrx_word' id='word_1_312' title='bbox 1463 2363 1600 2393; x_wconf 84' lang='lat' dir='ltr'>Lucret.</span> <span class='ocrx_word' id='word_1_313' title='bbox 1620 2370 1651 2401; x_wconf 85' lang='lat' dir='ltr'>p.</span> <span class='ocrx_word' id='word_1_314' title='bbox 1670 2360 1710 2392; x_wconf 65' lang='lat'>29</span> <span class='ocrx_word' id='word_1_315' title='bbox 1731 2378 1764 2382; x_wconf 89' lang='lat'>——</span> <span class='ocrx_word' id='word_1_316' title='bbox 1791 2361 1961 2401; x_wconf 71' lang='lat' dir='ltr'>viryinali&#39;</span> 
     </span>
     <span class='ocr_line' id='line_1_37' title="bbox 188 2411 1963 2455; baseline -0.003 -8"><span class='ocrx_word' id='word_1_317' title='bbox 188 2416 319 2448; x_wconf 84' lang='lat' dir='ltr'>Bothe:</span> <span class='ocrx_word' id='word_1_318' title='bbox 359 2415 517 2455; x_wconf 69' lang='lat' dir='ltr'>uirgst&#39;nali</span> <span class='ocrx_word' id='word_1_319' title='bbox 542 2415 603 2446; x_wconf 94' lang='lat' dir='ltr'>CO</span> <span class='ocrx_word' id='word_1_320' title='bbox 634 2432 668 2436; x_wconf 94' lang='lat'><em>-</em></span> <span class='ocrx_word' id='word_1_321' title='bbox 708 2415 738 2445; x_wconf 86' lang='lat'>6.</span> <span class='ocrx_word' id='word_1_322' title='bbox 765 2418 979 2452; x_wconf 72' lang='lat' dir='ltr'>oplumarum</span> <span class='ocrx_word' id='word_1_323' title='bbox 1008 2414 1050 2444; x_wconf 80' lang='lat' dir='ltr'>M.</span> <span class='ocrx_word' id='word_1_324' title='bbox 1079 2414 1213 2453; x_wconf 82' lang='lat' dir='ltr'>llaupt:</span> <span class='ocrx_word' id='word_1_325' title='bbox 1253 2417 1387 2452; x_wconf 74' lang='lat' dir='ltr'>optuma</span> <span class='ocrx_word' id='word_1_326' title='bbox 1412 2414 1481 2442; x_wconf 79' lang='lat' dir='ltr'>tum</span> <span class='ocrx_word' id='word_1_327' title='bbox 1506 2413 1532 2443; x_wconf 69' lang='lat' dir='ltr'>A</span> <span class='ocrx_word' id='word_1_328' title='bbox 1544 2412 1591 2447; x_wconf 86' lang='lat' dir='ltr'>V·‚</span> <span class='ocrx_word' id='word_1_329' title='bbox 1629 2411 1754 2449; x_wconf 71' lang='lat' dir='ltr'>optima</span> <span class='ocrx_word' id='word_1_330' title='bbox 1780 2412 1829 2448; x_wconf 78' lang='lat' dir='ltr'>H,</span> <span class='ocrx_word' id='word_1_331' title='bbox 1866 2415 1963 2450; x_wconf 81' lang='lat' dir='ltr'>optu-</span> 
     </span>
     <span class='ocr_line' id='line_1_38' title="bbox 188 2460 1960 2504; baseline -0.003 -7"><span class='ocrx_word' id='word_1_332' title='bbox 188 2470 314 2497; x_wconf 79' lang='lat' dir='ltr'>matum</span> <span class='ocrx_word' id='word_1_333' title='bbox 343 2467 429 2501; x_wconf 83' lang='lat' dir='ltr'>ssO;</span> <span class='ocrx_word' id='word_1_334' title='bbox 472 2466 597 2504; x_wconf 80' lang='lat' dir='ltr'>optima</span> <span class='ocrx_word' id='word_1_335' title='bbox 630 2466 833 2504; x_wconf 75' lang='lat' dir='ltr'>optimarum</span> <span class='ocrx_word' id='word_1_336' title='bbox 867 2468 975 2495; x_wconf 76' lang='lat' dir='ltr'>›nater</span> <span class='ocrx_word' id='word_1_337' title='bbox 1008 2467 1155 2494; x_wconf 78' lang='lat' dir='ltr'>malrum</span> <span class='ocrx_word' id='word_1_338' title='bbox 1190 2464 1310 2494; x_wconf 75' lang='lat' dir='ltr'>mulier</span> <span class='ocrx_word' id='word_1_339' title='bbox 1344 2464 1521 2494; x_wconf 78' lang='lat' dir='ltr'>mulierum</span> <span class='ocrx_word' id='word_1_340' title='bbox 1563 2460 1701 2492; x_wconf 86' lang='lat' dir='ltr'>Dobree</span> <span class='ocrx_word' id='word_1_341' title='bbox 1743 2461 1777 2491; x_wconf 90' lang='lat' dir='ltr'>in</span> <span class='ocrx_word' id='word_1_342' title='bbox 1812 2460 1960 2492; x_wconf 78' lang='lat' dir='ltr'>Advers.</span> 
     </span>
     <span class='ocr_line' id='line_1_39' title="bbox 189 2509 1964 2553; baseline -0.003 -6"><span class='ocrx_word' id='word_1_343' title='bbox 189 2517 229 2553; x_wconf 90' lang='grc' dir='ltr'>ΙΙ,</span> <span class='ocrx_word' id='word_1_344' title='bbox 249 2515 310 2547; x_wconf 76' lang='grc'>374-</span> <span class='ocrx_word' id='word_1_345' title='bbox 339 2532 373 2537; x_wconf 96' lang='grc'>-</span> <span class='ocrx_word' id='word_1_346' title='bbox 402 2515 505 2546; x_wconf 80' lang='lat' dir='ltr'>mulla</span> <span class='ocrx_word' id='word_1_347' title='bbox 529 2517 573 2553; x_wconf 78' lang='lat' dir='ltr'>A,</span> <span class='ocrx_word' id='word_1_348' title='bbox 598 2516 700 2545; x_wconf 73' lang='lat' dir='ltr'>nialla</span> <span class='ocrx_word' id='word_1_349' title='bbox 725 2524 794 2546; x_wconf 89' lang='lat' dir='ltr'>om.</span> <span class='ocrx_word' id='word_1_350' title='bbox 823 2515 849 2546; x_wconf 89' lang='lat' dir='ltr'><strong>H</strong></span> <span class='ocrx_word' id='word_1_351' title='bbox 879 2533 911 2536; x_wconf 98' lang='lat'><strong>—</strong></span> <span class='ocrx_word' id='word_1_352' title='bbox 946 2514 1064 2545; x_wconf 75' lang='lat' dir='ltr'>mulier</span> <span class='ocrx_word' id='word_1_353' title='bbox 1087 2514 1202 2544; x_wconf 61' lang='lat' dir='ltr'>melici·</span> <span class='ocrx_word' id='word_1_354' title='bbox 1224 2515 1326 2544; x_wconf 78' lang='lat' dir='ltr'>missa</span> <span class='ocrx_word' id='word_1_355' title='bbox 1350 2513 1390 2552; x_wconf 78' lang='lat' dir='ltr'>V,</span> <span class='ocrx_word' id='word_1_356' title='bbox 1423 2520 1522 2543; x_wconf 85' lang='lat' dir='ltr'>erasa</span> <span class='ocrx_word' id='word_1_357' title='bbox 1546 2513 1625 2552; x_wconf 80' lang='lat' dir='ltr'>post</span> <span class='ocrx_word' id='word_1_358' title='bbox 1648 2511 1763 2541; x_wconf 81' lang='lat' dir='ltr'>melior</span> <span class='ocrx_word' id='word_1_359' title='bbox 1786 2519 1874 2542; x_wconf 84' lang='lat' dir='ltr'>voce</span> <span class='ocrx_word' id='word_1_360' title='bbox 1900 2509 1964 2541; x_wconf 87' lang='lat' dir='ltr'>ali-</span> 
     </span>
     <span class='ocr_line' id='line_1_40' title="bbox 190 2559 1961 2607; baseline -0.002 -11"><span class='ocrx_word' id='word_1_361' title='bbox 190 2575 279 2607; x_wconf 87' lang='lat' dir='ltr'>qua,</span> <span class='ocrx_word' id='word_1_362' title='bbox 305 2567 404 2598; x_wconf 83' lang='lat' dir='ltr'>cuius</span> <span class='ocrx_word' id='word_1_363' title='bbox 428 2568 599 2606; x_wconf 79' lang='lat' dir='ltr'>apparent</span> <span class='ocrx_word' id='word_1_364' title='bbox 623 2567 742 2606; x_wconf 77' lang='lat' dir='ltr'>apic-es</span> <span class='ocrx_word' id='word_1_365' title='bbox 768 2567 811 2601; x_wconf 71' lang='lat' dir='ltr'>is·.</span> <span class='ocrx_word' id='word_1_366' title='bbox 847 2573 1026 2606; x_wconf 66' lang='lat' dir='ltr'>supersrr.</span> <span class='ocrx_word' id='word_1_367' title='bbox 1056 2572 1100 2594; x_wconf 89' lang='lat' dir='ltr'>m.</span> <span class='ocrx_word' id='word_1_368' title='bbox 1129 2565 1147 2594; x_wconf 76' lang='grc'>’2</span> <span class='ocrx_word' id='word_1_369' title='bbox 1173 2564 1348 2594; x_wconf 73' lang='lat' dir='ltr'>mulierum</span> <span class='ocrx_word' id='word_1_370' title='bbox 1381 2580 1415 2584; x_wconf 81' lang='lat'><em>-</em></span> <span class='ocrx_word' id='word_1_371' title='bbox 1449 2563 1479 2592; x_wconf 77' lang='lat'>7.</span> <span class='ocrx_word' id='word_1_372' title='bbox 1506 2560 1759 2592; x_wconf 74' lang='lat' dir='ltr'>ariolationibus</span> <span class='ocrx_word' id='word_1_373' title='bbox 1783 2559 1840 2591; x_wconf 95' lang='lat' dir='ltr'>HV</span> <span class='ocrx_word' id='word_1_374' title='bbox 1866 2576 1901 2581; x_wconf 93' lang='lat'>—</span> <span class='ocrx_word' id='word_1_375' title='bbox 1929 2559 1961 2592; x_wconf 89' lang='lat'>8.</span> 
     </span>
     <span class='ocr_line' id='line_1_41' title="bbox 189 2610 1962 2657; baseline -0.003 -10"><span class='ocrx_word' id='word_1_376' title='bbox 189 2625 330 2657; x_wconf 75' lang='lat' dir='ltr'>namque</span> <span class='ocrx_word' id='word_1_377' title='bbox 354 2618 390 2647; x_wconf 92' lang='lat' dir='ltr'>O.</span> <span class='ocrx_word' id='word_1_378' title='bbox 411 2615 584 2647; x_wconf 80' lang='lat' dir='ltr'>Ribbeck:</span> <span class='ocrx_word' id='word_1_379' title='bbox 613 2625 714 2655; x_wconf 74' lang='lat' dir='ltr'>neque</span> <span class='ocrx_word' id='word_1_380' title='bbox 740 2625 788 2647; x_wconf 82' lang='lat' dir='ltr'>me</span> <span class='ocrx_word' id='word_1_381' title='bbox 813 2617 836 2646; x_wconf 87' lang='lat' dir='ltr'>C</span> <span class='ocrx_word' id='word_1_382' title='bbox 853 2616 896 2651; x_wconf 79' lang='grc' dir='ltr'>Ο,</span> <span class='ocrx_word' id='word_1_383' title='bbox 925 2624 1068 2655; x_wconf 67' lang='lat' dir='ltr'>namque</span> <span class='ocrx_word' id='word_1_384' title='bbox 1090 2623 1141 2645; x_wconf 71' lang='lat' dir='ltr'>‘me</span> <span class='ocrx_word' id='word_1_385' title='bbox 1165 2614 1364 2653; x_wconf 63' lang='lat' dir='ltr'>licutinger,</span> <span class='ocrx_word' id='word_1_386' title='bbox 1400 2622 1514 2652; x_wconf 75' lang='lat' dir='ltr'>meque</span> <span class='ocrx_word' id='word_1_387' title='bbox 1540 2612 1678 2643; x_wconf 85' lang='lat' dir='ltr'>Grotius</span> <span class='ocrx_word' id='word_1_388' title='bbox 1710 2629 1744 2633; x_wconf 97' lang='lat'><strong>—</strong></span> <span class='ocrx_word' id='word_1_389' title='bbox 1780 2610 1911 2650; x_wconf 80' lang='lat' dir='ltr'>appollo</span> <span class='ocrx_word' id='word_1_390' title='bbox 1934 2610 1962 2642; x_wconf 87' lang='grc' dir='ltr'><strong>Α</strong></span> 
     </span>
     <span class='ocr_line' id='line_1_42' title="bbox 193 2660 1961 2706; baseline -0.003 -10"><span class='ocrx_word' id='word_1_391' title='bbox 193 2684 227 2688; x_wconf 95' lang='grc'><strong>-</strong></span> <span class='ocrx_word' id='word_1_392' title='bbox 247 2667 323 2696; x_wconf 78' lang='lat' dir='ltr'>sciet</span> <span class='ocrx_word' id='word_1_393' title='bbox 346 2664 382 2696; x_wconf 80' lang='grc' dir='ltr'>Β1</span> <span class='ocrx_word' id='word_1_394' title='bbox 410 2682 445 2688; x_wconf 90' lang='grc'>-</span> <span class='ocrx_word' id='word_1_395' title='bbox 479 2666 509 2695; x_wconf 88' lang='grc'>9.</span> <span class='ocrx_word' id='word_1_396' title='bbox 535 2675 650 2696; x_wconf 67' lang='lat' dir='ltr'>vereor</span> <span class='ocrx_word' id='word_1_397' title='bbox 674 2665 828 2696; x_wconf 76' lang='lat' dir='ltr'>Ribbeck</span> <span class='ocrx_word' id='word_1_398' title='bbox 855 2666 925 2706; x_wconf 84' lang='lat' dir='ltr'>(qui</span> <span class='ocrx_word' id='word_1_399' title='bbox 951 2665 1074 2696; x_wconf 78' lang='lat' dir='ltr'>ordine</span> <span class='ocrx_word' id='word_1_400' title='bbox 1100 2663 1292 2694; x_wconf 70' lang='lat' dir='ltr'>verborum</span> <span class='ocrx_word' id='word_1_401' title='bbox 1319 2664 1452 2693; x_wconf 86' lang='lat' dir='ltr'>mutato</span> <span class='ocrx_word' id='word_1_402' title='bbox 1478 2662 1619 2702; x_wconf 81' lang='lat' dir='ltr'>scripsit</span> <span class='ocrx_word' id='word_1_403' title='bbox 1643 2661 1793 2700; x_wconf 80' lang='lat' dir='ltr'>aequalis</span> <span class='ocrx_word' id='word_1_404' title='bbox 1815 2660 1961 2698; x_wconf 80' lang='lat' dir='ltr'>vereor):</span> 
     </span>
     <span class='ocr_line' id='line_1_43' title="bbox 189 2710 1963 2755; baseline -0.003 -8"><span class='ocrx_word' id='word_1_405' title='bbox 189 2725 268 2747; x_wconf 83' lang='lat' dir='ltr'>uero</span> <span class='ocrx_word' id='word_1_406' title='bbox 293 2718 352 2748; x_wconf 88' lang='lat' dir='ltr'>CO</span> <span class='ocrx_word' id='word_1_407' title='bbox 381 2733 415 2738; x_wconf 91' lang='lat'>—</span> <span class='ocrx_word' id='word_1_408' title='bbox 450 2717 600 2755; x_wconf 74' lang='lat' dir='ltr'>aequalis</span> <span class='ocrx_word' id='word_1_409' title='bbox 625 2717 670 2747; x_wconf 76' lang='lat' dir='ltr'>C:</span> <span class='ocrx_word' id='word_1_410' title='bbox 704 2717 858 2755; x_wconf 69' lang='lat' dir='ltr'>aequales</span> <span class='ocrx_word' id='word_1_411' title='bbox 883 2717 907 2747; x_wconf 91' lang='lat' dir='ltr'><strong>O</strong></span> <span class='ocrx_word' id='word_1_412' title='bbox 941 2733 974 2737; x_wconf 92' lang='lat'><strong>—</strong></span> <span class='ocrx_word' id='word_1_413' title='bbox 1009 2717 1116 2755; x_wconf 75' lang='lat' dir='ltr'>falam</span> <span class='ocrx_word' id='word_1_414' title='bbox 1140 2715 1167 2745; x_wconf 84' lang='lat' dir='ltr'>ll</span> <span class='ocrx_word' id='word_1_415' title='bbox 1204 2732 1236 2735; x_wconf 97' lang='lat'><strong>—</strong></span> <span class='ocrx_word' id='word_1_416' title='bbox 1268 2714 1378 2752; x_wconf 80' lang='lat' dir='ltr'>palris</span> <span class='ocrx_word' id='word_1_417' title='bbox 1394 2713 1555 2752; x_wconf 73' lang='lat' dir='ltr'>-—pudec</span> <span class='ocrx_word' id='word_1_418' title='bbox 1580 2711 1682 2743; x_wconf 80' lang='lat' dir='ltr'>affert</span> <span class='ocrx_word' id='word_1_419' title='bbox 1707 2711 1829 2742; x_wconf 83' lang='lat' dir='ltr'>Cicero</span> <span class='ocrx_word' id='word_1_420' title='bbox 1855 2710 1963 2742; x_wconf 86' lang='lat' dir='ltr'>etiam</span> 
     </span>
     <span class='ocr_line' id='line_1_44' title="bbox 191 2757 1962 2807; baseline -0.005 -9"><span class='ocrx_word' id='word_1_421' title='bbox 191 2767 282 2798; x_wconf 85' lang='lat' dir='ltr'>Orat.</span> <span class='ocrx_word' id='word_1_422' title='bbox 309 2766 369 2804; x_wconf 70' lang='lat'>46,</span> <span class='ocrx_word' id='word_1_423' title='bbox 397 2767 477 2803; x_wconf 75' lang='lat'>455;</span> <span class='ocrx_word' id='word_1_424' title='bbox 521 2768 666 2807; x_wconf 69' lang='lat' dir='ltr'>Viryines</span> <span class='ocrx_word' id='word_1_425' title='bbox 693 2776 810 2798; x_wconf 65' lang='lat' dir='ltr'>vereor</span> <span class='ocrx_word' id='word_1_426' title='bbox 839 2767 1009 2806; x_wconf 70' lang='lat' dir='ltr'>aequalis,</span> <span class='ocrx_word' id='word_1_427' title='bbox 1041 2766 1149 2804; x_wconf 79' lang='lat' dir='ltr'>patris</span> <span class='ocrx_word' id='word_1_428' title='bbox 1177 2773 1286 2794; x_wconf 65' lang='lat' dir='ltr'>&#39;ineam</span> <span class='ocrx_word' id='word_1_429' title='bbox 1316 2764 1441 2803; x_wconf 79' lang='lat' dir='ltr'>factum</span> <span class='ocrx_word' id='word_1_430' title='bbox 1467 2764 1567 2802; x_wconf 77' lang='lat' dir='ltr'>pudet</span> <span class='ocrx_word' id='word_1_431' title='bbox 1602 2759 1741 2800; x_wconf 79' lang='lat' dir='ltr'>Maehly</span> <span class='ocrx_word' id='word_1_432' title='bbox 1770 2760 1803 2791; x_wconf 91' lang='lat' dir='ltr'>in</span> <span class='ocrx_word' id='word_1_433' title='bbox 1835 2757 1962 2791; x_wconf 83' lang='lat' dir='ltr'>annali.</span> 
     </span>
     <span class='ocr_line' id='line_1_45' title="bbox 192 2810 1959 2858; baseline -0.003 -11"><span class='ocrx_word' id='word_1_434' title='bbox 192 2815 307 2858; x_wconf 87' lang='lat' dir='ltr'>philol.</span> <span class='ocrx_word' id='word_1_435' title='bbox 335 2826 364 2847; x_wconf 85' lang='lat' dir='ltr'>a.</span> <span class='ocrx_word' id='word_1_436' title='bbox 393 2816 475 2847; x_wconf 74' lang='lat'><strong>⁴857</strong></span> <span class='ocrx_word' id='word_1_437' title='bbox 501 2824 533 2856; x_wconf 79' lang='grc' dir='ltr'>ρ.</span> <span class='ocrx_word' id='word_1_438' title='bbox 554 2816 614 2846; x_wconf 72' lang='lat'>286</span> <span class='ocrx_word' id='word_1_439' title='bbox 650 2833 684 2837; x_wconf 85' lang='lat'><em>-</em></span> <span class='ocrx_word' id='word_1_440' title='bbox 725 2817 776 2847; x_wconf 71' lang='lat'>40.</span> <span class='ocrx_word' id='word_1_441' title='bbox 803 2816 917 2855; x_wconf 63' lang='lat' dir='ltr'>optimi</span> <span class='ocrx_word' id='word_1_442' title='bbox 944 2816 969 2846; x_wconf 82' lang='lat'>11</span> <span class='ocrx_word' id='word_1_443' title='bbox 1005 2832 1038 2836; x_wconf 84' lang='lat'>—</span> <span class='ocrx_word' id='word_1_444' title='bbox 1071 2816 1187 2846; x_wconf 76' lang='lat' dir='ltr'>misere</span> <span class='ocrx_word' id='word_1_445' title='bbox 1213 2815 1239 2845; x_wconf 88' lang='lat' dir='ltr'><strong>H</strong></span> <span class='ocrx_word' id='word_1_446' title='bbox 1274 2831 1309 2836; x_wconf 87' lang='lat'>—-</span> <span class='ocrx_word' id='word_1_447' title='bbox 1339 2817 1439 2854; x_wconf 70' lang='lat' dir='ltr'>puyet</span> <span class='ocrx_word' id='word_1_448' title='bbox 1464 2812 1504 2844; x_wconf 72' lang='lat' dir='ltr'>A¹</span> <span class='ocrx_word' id='word_1_449' title='bbox 1532 2831 1574 2835; x_wconf 86' lang='lat'><em>-</em></span> <span class='ocrx_word' id='word_1_450' title='bbox 1608 2813 1659 2843; x_wconf 79' lang='lat' dir='ltr'>ll.</span> <span class='ocrx_word' id='word_1_451' title='bbox 1686 2812 1845 2851; x_wconf 80' lang='lat' dir='ltr'>optimam</span> <span class='ocrx_word' id='word_1_452' title='bbox 1870 2810 1897 2842; x_wconf 91' lang='lat' dir='ltr'><strong>H</strong></span> <span class='ocrx_word' id='word_1_453' title='bbox 1924 2827 1959 2832; x_wconf 93' lang='lat'>—</span> 
     </span>
     <span class='ocr_line' id='line_1_46' title="bbox 186 2861 1963 2906; baseline -0.003 -9"><span class='ocrx_word' id='word_1_454' title='bbox 186 2867 340 2906; x_wconf 79' lang='lat' dir='ltr'>peperisti</span> <span class='ocrx_word' id='word_1_455' title='bbox 365 2865 440 2896; x_wconf 78' lang='lat' dir='ltr'>cod.</span> <span class='ocrx_word' id='word_1_456' title='bbox 470 2864 630 2897; x_wconf 85' lang='lat' dir='ltr'>Eliensis:</span> <span class='ocrx_word' id='word_1_457' title='bbox 658 2867 830 2905; x_wconf 75' lang='lat' dir='ltr'>repperisti</span> <span class='ocrx_word' id='word_1_458' title='bbox 856 2868 879 2896; x_wconf 75' lang='lat'>(1</span> <span class='ocrx_word' id='word_1_459' title='bbox 910 2864 987 2903; x_wconf 86' lang='lat' dir='ltr'>(sed</span> <span class='ocrx_word' id='word_1_460' title='bbox 1013 2865 1039 2895; x_wconf 85' lang='lat'>11</span> <span class='ocrx_word' id='word_1_461' title='bbox 1064 2865 1229 2905; x_wconf 73' lang='lat' dir='ltr'>reperisti)</span> <span class='ocrx_word' id='word_1_462' title='bbox 1258 2881 1292 2885; x_wconf 89' lang='lat'>—</span> <span class='ocrx_word' id='word_1_463' title='bbox 1320 2872 1370 2894; x_wconf 81' lang='lat' dir='ltr'>me</span> <span class='ocrx_word' id='word_1_464' title='bbox 1394 2872 1464 2894; x_wconf 88' lang='lat' dir='ltr'>om.</span> <span class='ocrx_word' id='word_1_465' title='bbox 1485 2863 1511 2894; x_wconf 87' lang='lat'>11</span> <span class='ocrx_word' id='word_1_466' title='bbox 1539 2880 1572 2885; x_wconf 85' lang='lat'>—-</span> <span class='ocrx_word' id='word_1_467' title='bbox 1602 2862 1654 2893; x_wconf 73' lang='lat'>42.</span> <span class='ocrx_word' id='word_1_468' title='bbox 1680 2871 1754 2893; x_wconf 82' lang='lat' dir='ltr'>men</span> <span class='ocrx_word' id='word_1_469' title='bbox 1777 2861 1855 2893; x_wconf 87' lang='lat' dir='ltr'>AV:</span> <span class='ocrx_word' id='word_1_470' title='bbox 1881 2869 1963 2892; x_wconf 76' lang='lat' dir='ltr'>me*</span> 
     </span>
     <span class='ocr_line' id='line_1_47' title="bbox 192 2912 1964 2954; baseline -0.002 -7"><span class='ocrx_word' id='word_1_471' title='bbox 192 2917 273 2954; x_wconf 82' lang='lat' dir='ltr'>BH,</span> <span class='ocrx_word' id='word_1_472' title='bbox 306 2916 378 2947; x_wconf 81' lang='lat' dir='ltr'>med</span> <span class='ocrx_word' id='word_1_473' title='bbox 402 2916 427 2946; x_wconf 93' lang='lat' dir='ltr'>O</span> <span class='ocrx_word' id='word_1_474' title='bbox 457 2924 537 2947; x_wconf 86' lang='lat' dir='ltr'>cum</span> <span class='ocrx_word' id='word_1_475' title='bbox 565 2916 733 2947; x_wconf 86' lang='lat' dir='ltr'>Lambino</span> <span class='ocrx_word' id='word_1_476' title='bbox 768 2934 801 2939; x_wconf 89' lang='lat'><em>-</em></span> <span class='ocrx_word' id='word_1_477' title='bbox 836 2917 890 2947; x_wconf 79' lang='lat' dir='ltr'>illo</span> <span class='ocrx_word' id='word_1_478' title='bbox 916 2918 942 2947; x_wconf 74' lang='lat' dir='ltr'>A</span> <span class='ocrx_word' id='word_1_479' title='bbox 978 2933 1010 2938; x_wconf 90' lang='lat'>——</span> <span class='ocrx_word' id='word_1_480' title='bbox 1046 2915 1100 2946; x_wconf 70' lang='lat'>⁴4.</span> <span class='ocrx_word' id='word_1_481' title='bbox 1129 2924 1208 2946; x_wconf 73' lang='lat' dir='ltr'>vcra</span> <span class='ocrx_word' id='word_1_482' title='bbox 1233 2913 1361 2945; x_wconf 78' lang='lat' dir='ltr'>delevit</span> <span class='ocrx_word' id='word_1_483' title='bbox 1386 2914 1566 2952; x_wconf 80' lang='lat' dir='ltr'>Hottinger</span> <span class='ocrx_word' id='word_1_484' title='bbox 1596 2930 1630 2934; x_wconf 91' lang='lat'>-—</span> <span class='ocrx_word' id='word_1_485' title='bbox 1666 2913 1718 2944; x_wconf 73' lang='lat'>45.</span> <span class='ocrx_word' id='word_1_486' title='bbox 1745 2913 1835 2944; x_wconf 74' lang='lat' dir='ltr'>adest</span> <span class='ocrx_word' id='word_1_487' title='bbox 1858 2921 1879 2943; x_wconf 95' lang='lat' dir='ltr'>a</span> <span class='ocrx_word' id='word_1_488' title='bbox 1900 2912 1964 2952; x_wconf 73' lang='lat' dir='ltr'>fax</span> 
     </span>
     <span class='ocr_line' id='line_1_48' title="bbox 195 2962 1960 3006; baseline -0.002 -9"><span class='ocrx_word' id='word_1_489' title='bbox 195 2966 313 3006; x_wconf 85' lang='lat' dir='ltr'>(altero</span> <span class='ocrx_word' id='word_1_490' title='bbox 338 2967 428 2997; x_wconf 72' lang='lat' dir='ltr'>adest</span> <span class='ocrx_word' id='word_1_491' title='bbox 451 2968 534 3004; x_wconf 86' lang='lat' dir='ltr'>om.)</span> <span class='ocrx_word' id='word_1_492' title='bbox 562 2967 609 3004; x_wconf 88' lang='lat' dir='ltr'>H,</span> <span class='ocrx_word' id='word_1_493' title='bbox 636 2968 678 2997; x_wconf 84' lang='lat' dir='ltr'>ah</span> <span class='ocrx_word' id='word_1_494' title='bbox 701 2968 793 2997; x_wconf 72' lang='lat' dir='ltr'>adest</span> <span class='ocrx_word' id='word_1_495' title='bbox 814 2968 878 3006; x_wconf 61' lang='lat' dir='ltr'>faa.-</span> <span class='ocrx_word' id='word_1_496' title='bbox 902 2964 1086 2996; x_wconf 87' lang='lat' dir='ltr'>Turnebus</span> <span class='ocrx_word' id='word_1_497' title='bbox 1115 2983 1148 2986; x_wconf 77' lang='lat'>—</span> <span class='ocrx_word' id='word_1_498' title='bbox 1184 2964 1236 2996; x_wconf 73' lang='lat'>40.</span> <span class='ocrx_word' id='word_1_499' title='bbox 1262 2965 1380 3003; x_wconf 77' lang='lat' dir='ltr'>referte</span> <span class='ocrx_word' id='word_1_500' title='bbox 1403 2963 1506 2994; x_wconf 68' lang='lat' dir='ltr'>AHY</span> <span class='ocrx_word' id='word_1_501' title='bbox 1534 2980 1568 2984; x_wconf 90' lang='lat'>—</span> <span class='ocrx_word' id='word_1_502' title='bbox 1595 2963 1769 3003; x_wconf 72' lang='lat' dir='ltr'>restinyuic</span> <span class='ocrx_word' id='word_1_503' title='bbox 1791 2964 1818 2994; x_wconf 82' lang='lat' dir='ltr'>A</span> <span class='ocrx_word' id='word_1_504' title='bbox 1845 2979 1879 2984; x_wconf 97' lang='lat'><strong>—</strong></span> <span class='ocrx_word' id='word_1_505' title='bbox 1908 2962 1960 2994; x_wconf 71' lang='lat'>⁴8.</span> 
     </span>
     <span class='ocr_line' id='line_1_49' title="bbox 193 3011 1960 3053; baseline -0.002 -7"><span class='ocrx_word' id='word_1_506' title='bbox 193 3016 289 3047; x_wconf 82' lang='lat' dir='ltr'>clasis</span> <span class='ocrx_word' id='word_1_507' title='bbox 311 3017 350 3053; x_wconf 71' lang='lat' dir='ltr'>A,</span> <span class='ocrx_word' id='word_1_508' title='bbox 375 3016 495 3046; x_wconf 77' lang='lat' dir='ltr'>clausis</span> <span class='ocrx_word' id='word_1_509' title='bbox 519 3014 558 3045; x_wconf 91' lang='lat' dir='ltr'>V¹</span> <span class='ocrx_word' id='word_1_510' title='bbox 586 3034 619 3038; x_wconf 84' lang='lat'>-—</span> <span class='ocrx_word' id='word_1_511' title='bbox 648 3016 700 3047; x_wconf 62' lang='grc' dir='ltr'>ΞΟ.</span> <span class='ocrx_word' id='word_1_512' title='bbox 727 3017 881 3046; x_wconf 75' lang='lat' dir='ltr'>adueniet</span> <span class='ocrx_word' id='word_1_513' title='bbox 904 3014 1025 3046; x_wconf 75' lang='lat' dir='ltr'>Assll:</span> <span class='ocrx_word' id='word_1_514' title='bbox 1052 3014 1185 3044; x_wconf 71' lang='lat' dir='ltr'>aduenit</span> <span class='ocrx_word' id='word_1_515' title='bbox 1209 3018 1237 3044; x_wconf 76' lang='lat' dir='ltr'>et</span> <span class='ocrx_word' id='word_1_516' title='bbox 1262 3014 1388 3053; x_wconf 57' lang='lat' dir='ltr'>YfflO,</span> <span class='ocrx_word' id='word_1_517' title='bbox 1414 3013 1547 3043; x_wconf 70' lang='lat' dir='ltr'>advenit</span> <span class='ocrx_word' id='word_1_518' title='bbox 1569 3013 1679 3052; x_wconf 84' lang='lat' dir='ltr'>ecfera</span> <span class='ocrx_word' id='word_1_519' title='bbox 1702 3011 1899 3043; x_wconf 84' lang='lat' dir='ltr'>Wakefield</span> <span class='ocrx_word' id='word_1_520' title='bbox 1925 3029 1960 3034; x_wconf 93' lang='lat'>—</span> 
     </span>
     <span class='ocr_line' id='line_1_50' title="bbox 194 3061 1963 3105; baseline -0.002 -9"><span class='ocrx_word' id='word_1_521' title='bbox 194 3065 248 3097; x_wconf 71' lang='lat'>24.</span> <span class='ocrx_word' id='word_1_522' title='bbox 273 3065 441 3105; x_wconf 78' lang='lat' dir='ltr'>complebit</span> <span class='ocrx_word' id='word_1_523' title='bbox 464 3064 622 3097; x_wconf 81' lang='lat' dir='ltr'>Herelius</span> <span class='ocrx_word' id='word_1_524' title='bbox 649 3069 683 3097; x_wconf 90' lang='lat' dir='ltr'>et</span> <span class='ocrx_word' id='word_1_525' title='bbox 707 3066 791 3096; x_wconf 81' lang='lat' dir='ltr'>dett.</span> <span class='ocrx_word' id='word_1_526' title='bbox 812 3065 958 3105; x_wconf 85' lang='lat' dir='ltr'>aliquot:</span> <span class='ocrx_word' id='word_1_527' title='bbox 985 3065 1157 3103; x_wconf 79' lang='lat' dir='ltr'>compleuit</span> <span class='ocrx_word' id='word_1_528' title='bbox 1176 3064 1199 3095; x_wconf 97' lang='lat' dir='ltr'>C</span> <span class='ocrx_word' id='word_1_529' title='bbox 1228 3082 1262 3086; x_wconf 96' lang='lat'><strong>—</strong></span> <span class='ocrx_word' id='word_1_530' title='bbox 1288 3072 1393 3094; x_wconf 83' lang='lat' dir='ltr'>manu</span> <span class='ocrx_word' id='word_1_531' title='bbox 1416 3062 1490 3101; x_wconf 55' lang='lat' dir='ltr'>Bw)</span> <span class='ocrx_word' id='word_1_532' title='bbox 1519 3080 1552 3083; x_wconf 97' lang='lat'><strong>—</strong></span> <span class='ocrx_word' id='word_1_533' title='bbox 1580 3062 1632 3093; x_wconf 68' lang='lat'>23.</span> <span class='ocrx_word' id='word_1_534' title='bbox 1660 3061 1708 3103; x_wconf 69' lang='lat'>0]</span> <span class='ocrx_word' id='word_1_535' title='bbox 1727 3062 1766 3094; x_wconf 90' lang='lat' dir='ltr'>G.</span> <span class='ocrx_word' id='word_1_536' title='bbox 1785 3063 1823 3098; x_wconf 86' lang='grc' dir='ltr'>Β,</span> <span class='ocrx_word' id='word_1_537' title='bbox 1847 3061 1882 3102; x_wconf 71' lang='lat' dir='ltr'>qi</span> <span class='ocrx_word' id='word_1_538' title='bbox 1898 3061 1963 3092; x_wconf 83' lang='grc' dir='ltr'>ΑΗ</span> 
     </span>
     <span class='ocr_line' id='line_1_51' title="bbox 199 3112 1963 3154; baseline -0.003 -7"><span class='ocrx_word' id='word_1_539' title='bbox 199 3133 233 3137; x_wconf 94' lang='grc'>-</span> <span class='ocrx_word' id='word_1_540' title='bbox 260 3115 312 3147; x_wconf 67' lang='lat'>24.</span> <span class='ocrx_word' id='word_1_541' title='bbox 340 3116 563 3154; x_wconf 76' lang='lat' dir='ltr'>Dyrrachium</span> <span class='ocrx_word' id='word_1_542' title='bbox 588 3117 793 3147; x_wconf 59' lang='lat' dir='ltr'>(Irex&#39;eriusz</span> <span class='ocrx_word' id='word_1_543' title='bbox 821 3115 998 3154; x_wconf 73' lang='lat' dir='ltr'>dyrrachio</span> <span class='ocrx_word' id='word_1_544' title='bbox 1023 3114 1046 3145; x_wconf 91' lang='lat' dir='ltr'>C</span> <span class='ocrx_word' id='word_1_545' title='bbox 1069 3131 1103 3136; x_wconf 91' lang='lat'>-</span> <span class='ocrx_word' id='word_1_546' title='bbox 1129 3114 1209 3144; x_wconf 63' lang='lat' dir='ltr'>class</span> <span class='ocrx_word' id='word_1_547' title='bbox 1226 3115 1253 3144; x_wconf 82' lang='grc' dir='ltr'><strong>Α</strong></span> <span class='ocrx_word' id='word_1_548' title='bbox 1273 3131 1307 3135; x_wconf 86' lang='grc'>-</span> <span class='ocrx_word' id='word_1_549' title='bbox 1334 3113 1446 3143; x_wconf 78' lang='lat' dir='ltr'>classis</span> <span class='ocrx_word' id='word_1_550' title='bbox 1468 3112 1562 3143; x_wconf 80' lang='lat' dir='ltr'>hodie</span> <span class='ocrx_word' id='word_1_551' title='bbox 1578 3112 1605 3143; x_wconf 90' lang='lat' dir='ltr'><strong>H</strong></span> <span class='ocrx_word' id='word_1_552' title='bbox 1626 3130 1661 3135; x_wconf 89' lang='lat'>—-</span> <span class='ocrx_word' id='word_1_553' title='bbox 1687 3113 1740 3144; x_wconf 70' lang='lat'>25.</span> <span class='ocrx_word' id='word_1_554' title='bbox 1759 3120 1834 3143; x_wconf 80' lang='lat' dir='ltr'>cum</span> <span class='ocrx_word' id='word_1_555' title='bbox 1853 3112 1963 3151; x_wconf 80' lang='lat' dir='ltr'>primo</span> 
     </span>
     <span class='ocr_line' id='line_1_52' title="bbox 198 3161 1963 3204; baseline -0.003 -8"><span class='ocrx_word' id='word_1_556' title='bbox 198 3165 244 3196; x_wconf 89' lang='lat' dir='ltr'>C:</span> <span class='ocrx_word' id='word_1_557' title='bbox 278 3173 353 3195; x_wconf 80' lang='lat' dir='ltr'>cum</span> <span class='ocrx_word' id='word_1_558' title='bbox 375 3166 491 3204; x_wconf 83' lang='lat' dir='ltr'>primis</span> <span class='ocrx_word' id='word_1_559' title='bbox 522 3165 644 3196; x_wconf 83' lang='lat' dir='ltr'>Lamb.</span> <span class='ocrx_word' id='word_1_560' title='bbox 672 3167 706 3197; x_wconf 89' lang='lat' dir='ltr'>et</span> <span class='ocrx_word' id='word_1_561' title='bbox 730 3166 767 3196; x_wconf 91' lang='lat' dir='ltr'>O.</span> <span class='ocrx_word' id='word_1_562' title='bbox 808 3164 972 3196; x_wconf 84' lang='lat' dir='ltr'>Similiter</span> <span class='ocrx_word' id='word_1_563' title='bbox 995 3165 1103 3195; x_wconf 86' lang='lat' dir='ltr'>Varro</span> <span class='ocrx_word' id='word_1_564' title='bbox 1135 3164 1178 3195; x_wconf 90' lang='lat' dir='ltr'>de</span> <span class='ocrx_word' id='word_1_565' title='bbox 1211 3162 1230 3195; x_wconf 89' lang='lat'>1.</span> <span class='ocrx_word' id='word_1_566' title='bbox 1258 3162 1279 3194; x_wconf 93' lang='lat' dir='ltr'>l.</span> <span class='ocrx_word' id='word_1_567' title='bbox 1308 3163 1381 3199; x_wconf 82' lang='lat' dir='ltr'>Vll,</span> <span class='ocrx_word' id='word_1_568' title='bbox 1400 3163 1419 3193; x_wconf 69' lang='grc' dir='ltr'>Ξ</span> <span class='ocrx_word' id='word_1_569' title='bbox 1450 3163 1482 3193; x_wconf 82' lang='lat' dir='ltr'>in</span> <span class='ocrx_word' id='word_1_570' title='bbox 1504 3163 1614 3201; x_wconf 78' lang='lat' dir='ltr'>primo</span> <span class='ocrx_word' id='word_1_571' title='bbox 1646 3179 1681 3185; x_wconf 92' lang='lat'><em>-</em></span> <span class='ocrx_word' id='word_1_572' title='bbox 1719 3162 1772 3193; x_wconf 62' lang='lat'>26.</span> <span class='ocrx_word' id='word_1_573' title='bbox 1799 3161 1963 3203; x_wconf 81' lang='lat' dir='ltr'>quendam</span> 
     </span>
     <span class='ocr_line' id='line_1_53' title="bbox 197 3211 1958 3255; baseline -0.002 -9"><span class='ocrx_word' id='word_1_574' title='bbox 197 3223 379 3253; x_wconf 81' lang='lat' dir='ltr'>equumque</span> <span class='ocrx_word' id='word_1_575' title='bbox 402 3215 482 3245; x_wconf 79' lang='lat' dir='ltr'>remi</span> <span class='ocrx_word' id='word_1_576' title='bbox 506 3215 534 3246; x_wconf 86' lang='lat' dir='ltr'><strong>H</strong></span> <span class='ocrx_word' id='word_1_577' title='bbox 562 3232 596 3236; x_wconf 97' lang='lat'><strong>—</strong></span> <span class='ocrx_word' id='word_1_578' title='bbox 634 3215 684 3246; x_wconf 76' lang='lat'>27.</span> <span class='ocrx_word' id='word_1_579' title='bbox 710 3215 904 3255; x_wconf 67' lang='lat' dir='ltr'>sanyuinem</span> <span class='ocrx_word' id='word_1_580' title='bbox 929 3215 952 3246; x_wconf 91' lang='lat' dir='ltr'>C</span> <span class='ocrx_word' id='word_1_581' title='bbox 982 3231 1016 3236; x_wconf 77' lang='lat'>—</span> <span class='ocrx_word' id='word_1_582' title='bbox 1050 3213 1215 3244; x_wconf 56' lang='grc' dir='ltr'>θύννας-ἠέ</span> <span class='ocrx_word' id='word_1_583' title='bbox 1240 3213 1267 3244; x_wconf 89' lang='lat' dir='ltr'>ll</span> <span class='ocrx_word' id='word_1_584' title='bbox 1295 3230 1330 3235; x_wconf 96' lang='lat'>—</span> <span class='ocrx_word' id='word_1_585' title='bbox 1358 3212 1411 3244; x_wconf 67' lang='lat'>28.</span> <span class='ocrx_word' id='word_1_586' title='bbox 1436 3213 1535 3245; x_wconf 76' lang='lat' dir='ltr'>nauis</span> <span class='ocrx_word' id='word_1_587' title='bbox 1557 3213 1601 3244; x_wconf 90' lang='lat' dir='ltr'>B:</span> <span class='ocrx_word' id='word_1_588' title='bbox 1634 3221 1737 3245; x_wconf 80' lang='lat' dir='ltr'>naves</span> <span class='ocrx_word' id='word_1_589' title='bbox 1760 3211 1897 3244; x_wconf 87' lang='lat' dir='ltr'><strong>AHVO</strong></span> <span class='ocrx_word' id='word_1_590' title='bbox 1923 3227 1958 3234; x_wconf 92' lang='lat'><em>-</em></span> 
     </span>
     <span class='ocr_line' id='line_1_54' title="bbox 198 3263 657 3297; baseline 0.002 -2"><span class='ocrx_word' id='word_1_591' title='bbox 198 3263 251 3295; x_wconf 72' lang='lat'>29.</span> <span class='ocrx_word' id='word_1_592' title='bbox 277 3272 316 3296; x_wconf 84' lang='lat' dir='ltr'>ac</span> <span class='ocrx_word' id='word_1_593' title='bbox 339 3265 594 3297; x_wconf 79' lang='lat' dir='ltr'>dominationem</span> <span class='ocrx_word' id='word_1_594' title='bbox 617 3265 657 3296; x_wconf 92' lang='lat' dir='ltr'>H.</span> 
     </span>
    </p>
   </div>
  </div>
 </body>
</html>
