2249 3624
697 164 792 204 cst.
825 165 1025 204 v—viu.
1064 162 1122 216 §§
1147 163 1313 204 9-15,
1806 162 1879 203 571

128 276 203 317 est,
234 270 275 309 in
307 270 406 309 mari
440 281 521 307 non
557 269 796 316 morietur»,
829 270 931 308 illud
967 284 1135 323 qnoque
1168 285 1310 310 verum
1344 276 1430 310 est:
1467 272 1533 310 «Si
1559 271 1709 309 Fabius
1732 271 1890 310 oriente

130 331 326 374 Canicula
356 336 476 369 natus
509 336 582 376 est,
619 331 765 369 Fabius
798 331 838 369 in
872 333 972 370 mari
1007 346 1088 371 nou
1125 335 1362 372 morietur.»
1411 335 1599 383 Pugnant
1632 333 1758 376 igitur
1789 332 1891 371 haec

126 397 234 436 inter
264 408 329 440 se,
362 392 531 432 Fabium
567 393 726 431 oriente
761 394 955 432 Canicula
990 402 1128 434 natum
1163 409 1253 433 esse
1286 401 1323 433 et
1358 396 1526 434 Fabium
1561 395 1597 433 iu
1633 394 1733 432 mari
1768 395 1893 432 inori-

128 464 288 503 turum3
322 460 361 495 et
394 456 591 508 quoniam
626 462 782 494 certum
816 457 856 495 in
892 455 1016 495 Fabio
1050 458 1240 509 ponitur,
1276 465 1412 497 natum
1446 470 1536 495 esse
1569 470 1662 495 enm
1696 456 1893 496 Canicula

128 521 310 564 oriente,
353 518 454 557 haec
488 531 656 570 quoque
691 525 888 570 pugnant,
922 526 961 558 et
994 532 1084 557 esse
1119 521 1285 559 Fabium
1320 527 1357 558 et
1391 522 1429 558 iu
1465 520 1562 558 mari
1596 532 1687 556 esse
1721 520 1925 557 moritu-5

127 597 232 623 rum.
281 582 388 633 Ergo
422 580 523 619 haec
555 594 721 632 quoque
755 581 996 619 coniunctio
1021 588 1080 620 est
1105 595 1154 620 ex
1179 582 1528 634 repugnantibus:
1563 582 1637 618 «Et
1660 586 1719 618 est
1744 580 1894 620 Fabius

127 650 166 685 et
197 644 238 683 in
270 643 370 683 mari
403 643 552 681 Fabius
587 643 836 688 morietur»,
869 643 1002 695 quod,
1038 650 1076 681 ut
1114 645 1373 696 propositum
1407 650 1486 687 est.
1521 657 1570 682 ne.
1605 641 1691 680 lieri
1725 642 1894 696 quidem

125 712 274 762 potest.
304 706 412 757 Ergo
444 703 574 742 illud:
611 705 839 743 «Morietur
872 706 911 743 in
946 706 1046 743 mari
1076 707 1283 751 Fabius»,
1318 720 1368 744 ex
1403 720 1451 743 eo
1484 718 1636 755 genere
1670 711 1748 747 est.
1782 704 1894 757 quod

126 768 211 809 fieri
253 780 334 807 non
376 773 526 820 potest.
587 767 719 806 Omne
761 780 883 819 ergo,
927 767 1036 820 quod
1077 768 1225 807 salsum
1267 769 1417 807 dicitur
1456 768 1496 806 in
1529 767 1688 811 futui-0,
1733 767 1772 805 id
1806 766 1892 806 lieri

124 844 208 872 non
239 835 392 883 potest.
1914 838 1946 864 io

236 892 323 931 Vll.
372 889 430 931 13.
473 894 522 931 At
553 891 655 937 hoc,
700 892 954 945 Chrysippo,
998 893 1165 931 minime
1199 893 1282 937 vis,
1327 894 1592 944 maximeque
1626 892 1698 933 tibi
1732 893 1782 932 de
1817 893 1895 932 hoo

124 957 214 1009 ipso
256 968 346 994 cum
378 955 564 994 Diodoro
606 961 816 994 certamen
857 961 931 993 est.
994 955 1066 993 llle
1108 955 1218 993 enim
1264 956 1301 993 id
1336 956 1470 994 solum
1505 955 1589 995 lieri
1626 970 1747 1011 posse
1781 956 1894 996 dicit,

125 1018 234 1073 quod
266 1024 336 1058 aut
367 1019 419 1057 sit
451 1032 593 1056 verum
626 1024 697 1057 aut
729 1018 910 1058 futurum
946 1018 997 1057 sit
1030 1032 1169 1056 verum
1204 1024 1255 1063 ct,
1290 1019 1496 1072 quidquid
1532 1021 1713 1061 futurum
1747 1021 1822 1065 sit,
1855 1018 1894 1057 id

126 1081 225 1121 dicit
256 1078 341 1120 fieri
374 1094 546 1120 necesse
578 1094 683 1127 esse,
717 1087 770 1126 et,
803 1080 1008 1134 quidquid
1034 1094 1113 1118 non
1137 1081 1188 1118 sit
1213 1080 1417 1126 futurum,
1441 1082 1478 1120 ia
1506 1090 1625 1132 negat
1648 1082 1733 1122 lieri
1759 1093 1896 1133 posse.

125 1145 186 1184 Tu
225 1150 264 1184 et
301 1156 407 1196 quae
447 1156 530 1181 non
571 1143 649 1182 sint
683 1143 821 1182 futura
854 1156 977 1195 posse
1011 1142 1096 1181 lieri
1132 1141 1258 1187 (licis,
1300 1149 1341 1181 ut
1376 1142 1507 1195 frangi
1543 1146 1647 1184 banc
1679 1150 1947 1195 gennuam,t⁵

125 1207 249 1248 etiam
277 1206 309 1244 si
335 1205 374 1245 id
400 1219 624 1259 numquam
651 1205 833 1244 futurum
859 1206 932 1251 sit,
969 1218 1104 1257 neque
1130 1219 1299 1244 necesse
1323 1205 1451 1245 fuisse
1477 1208 1699 1261 Cypselum
1724 1218 1896 1258 regnare

127 1268 332 1315 Corinthi,
376 1280 627 1320 quamquam
667 1267 708 1306 id
748 1268 998 1306 millensimo
1031 1273 1124 1306 ante
1157 1280 1266 1306 anno
1299 1268 1507 1319 Apollinis
1539 1270 1706 1309 oraculo
1739 1269 1897 1307 editum

128 1337 251 1372 esset.
311 1331 364 1370 At
395 1330 427 1369 si
461 1331 536 1369 ista
569 1330 850 1382 conprobabis
884 1330 1024 1368 divina
1058 1330 1270 1381 praedicta
1312 1336 1350 1369 et
1391 1344 1497 1383 quae
1535 1332 1637 1371 falsa
1676 1332 1715 1370 in
1749 1330 1897 1369 futuris

127 1394 316 1434 dicentur
348 1393 389 1432 in
422 1392 471 1431 iis
504 1391 696 1438 habebis,
730 1399 773 1431 ut
804 1405 851 1431 ea
884 1393 972 1431 lieri
1008 1406 1088 1430 non
1122 1393 1299 1444 possint,
1333 1399 1375 1432 ut
1409 1394 1441 1432 si
1475 1393 1636 1433 dicatur
1658 1393 1898 1432 Africanum

124 1456 377 1508 Karthagine
419 1455 667 1507 potiturum,
719 1460 759 1494 et
798 1456 830 1494 si
872 1468 967 1493 vero
1007 1454 1170 1493 dicatur
1209 1455 1259 1493 (le
1293 1454 1431 1494 futuro
1466 1457 1592 1508 idque
1624 1456 1679 1494 ita
1712 1454 1897 1493 futurum
1915 1461 1950 1490 20

125 1519 188 1564 sit,
220 1518 334 1556 dicas
367 1530 457 1557 esse
490 1518 795 1563 necessarimm
829 1530 935 1570 quae
959 1523 1021 1556 est
1043 1523 1125 1555 tota
1150 1517 1322 1556 Diodori
1347 1517 1461 1556 vohis
1485 1518 1652 1556 inimica
1675 1515 1895 1556 sententia.

125 1578 191 1620 ¹14.
230 1580 393 1620 Etenim
437 1580 471 1619 si
515 1579 618 1618 illud
663 1593 756 1618 vere
789 1580 1022 1618 conectitur
1066 1580 1132 1618 «Si
1167 1581 1328 1619 oriente
1363 1580 1558 1619 Canicula
1592 1585 1713 1618 natus
1747 1592 1812 1624 es,
1856 1578 1896 1616 in

125 1643 225 1683 mari
257 1656 339 1682 non
371 1643 606 1689 moriere»,
651 1644 916 1696 primumque
949 1642 1062 1695 quod
1097 1649 1159 1682 est
1190 1643 1232 1681 in
1265 1656 1427 1681 conexo
1473 1643 1627 1681 «Natus
1660 1655 1703 1680 es
1736 1641 1897 1680 oriente

127 1706 346 1746 Canicula»
383 1707 662 1745 necessarium
697 1712 757 1745 est
796 1730 845 1733 —
881 1707 1018 1745 omnia
1051 1707 1159 1745 enim
1192 1719 1289 1744 vera
1321 1706 1360 1744 in
1396 1705 1629 1758 praeteritis
1663 1704 1899 1743 necessaria

125 1774 242 1814 sunt,
277 1774 320 1807 ut
353 1768 587 1822 Chrysippo
620 1769 777 1821 placet,
820 1769 1085 1808 dissentienti
1119 1782 1141 1807 a
1174 1769 1372 1820 magistro
1407 1767 1631 1813 Cleanthe,
1674 1768 1771 1820 quia
1804 1771 1948 1805 sunt-2⁵

125 1830 390 1871 inmutabilia
413 1844 489 1870 nec
513 1832 723 1871 insalsum
749 1847 769 1870 e
794 1846 888 1870 vero
916 1833 1135 1884 praeterita
1159 1838 1330 1885 possunt
1353 1837 1598 1871 convertere
1623 1853 1693 1876 —-‚
1717 1829 1749 1867 si
1775 1828 1901 1879 igitur

128 1893 240 1947 quod
276 1893 451 1946 primum
486 1894 528 1932 in
561 1908 720 1933 conexo
755 1900 816 1933 est
849 1895 1130 1934 necessarium
1165 1901 1238 1941 est,
1272 1894 1314 1933 lit
1345 1895 1467 1933 etiam
1492 1892 1606 1946 quod
1630 1891 1901 1943 consequitur

125 1957 421 1996 necessarium.
474 1958 737 2010 Quamquam
770 1957 849 1997 hoc
874 1959 1107 2011 Chrysippo
1140 1972 1223 1996 non
1258 1959 1419 1996 videtur
1451 1957 1586 1995 valere
1620 1956 1660 1994 in
1683 1954 1899 1999 omnibus3

126 2019 197 2060 sed
230 2025 390 2066 tamen,
433 2020 465 2058 si
500 2020 700 2059 naturalis
733 2026 795 2059 est
828 2033 951 2060 causa
985 2034 1058 2059 cur
1089 2021 1130 2059 in
1165 2021 1265 2059 mari
1297 2021 1446 2059 Fabius
1480 2033 1563 2058 non
1597 2017 1818 2062 moriatur,
1858 2014 1898 2053 in

125 2081 226 2121 mari
259 2081 411 2121 Fabius
444 2083 548 2122 mori
582 2096 664 2121 non
691 2084 848 2135 potest.
1913 2084 1950 2113 30

238 2145 344 2184 VIII.
386 2142 443 2183 15.
476 2144 563 2182 Hoc
597 2144 689 2183 loco
724 2145 982 2198 Chrysippus
1014 2150 1208 2184 aestuans
1241 2145 1328 2184 falli
1363 2150 1504 2197 sperat
1528 2143 1761 2183 Chaldaeos
1794 2147 1900 2180 eete-

125 2221 279 2262 rosque
312 2207 478 2246 divinos
516 2221 654 2260 neque
696 2221 765 2247 eos
798 2221 948 2247 usuros
982 2222 1074 2247 esse
1107 2206 1497 2254 coniunctionilnis,
1537 2212 1582 2245 ut
1614 2207 1668 2244 ita
1701 2218 1773 2244 sua
1806 2217 1900 2256 per-

127 2277 247 2323 cepta
277 2269 576 2323 pronuntient:
624 2270 690 2308 «Si
724 2271 817 2323 quis
851 2276 970 2309 natus
1003 2276 1064 2309 est
1097 2271 1257 2309 oriente
1292 2270 1510 2315 Canicula,
1540 2269 1573 2308 is
1606 2269 1646 2307 in
1680 2267 1781 2306 mari
1815 2279 1898 2305 non

213 2396 242 2425 4.
271 2395 360 2425 inter
383 2398 427 2425 es!
452 2396 485 2425 et
510 2394 541 2424 in
567 2403 640 2434 sup*
662 2392 719 2425 lin.
742 2394 836 2424 addit
870 2395 894 2424 is
920 2395 951 2425 in
972 2395 993 2425 Β
1023 2412 1056 2416 -
1086 2395 1207 2424 oriente
1224 2411 1271 2416 --
1290 2398 1318 2424 c!
1333 2393 1458 2432 fabium
1480 2393 1511 2423 in
1531 2401 1628 2431 marg
1660 2393 1686 2422 A
1718 2409 1747 2412 —
1777 2390 1808 2422 4.
1828 2399 1900 2420 cer-

127 2448 194 2476 !um
219 2453 304 2475 nesse
328 2453 399 2475 eum
426 2445 455 2474 in
481 2444 570 2482 fabio
592 2447 728 2483 ponitur
746 2448 882 2474 nolum»
910 2445 1061 2474 canicula
1089 2446 1110 2475 B
1130 2445 1236 2483 signis
1255 2443 1537 2483 transpositionis
1555 2442 1680 2472 additis
1702 2457 1734 2463 -
1764 2441 1793 2471 7.
1811 2441 1901 2480 posi-

127 2499 195 2526 tum
219 2496 307 2526 coni.
335 2495 515 2530 Davisius,
543 2496 577 2524 at
603 2493 680 2524 vide
709 2503 771 2525 nos
797 2494 838 2524 ad
866 2493 920 2533 §si
953 2511 985 2515 ·-
1026 2494 1055 2524 9,
1084 2504 1161 2533 erqo
1188 2495 1234 2523 tl:
1265 2494 1366 2532 imno·
1391 2496 1415 2521 t)
1448 2510 1489 2514 —
1528 2493 1578 2522 tt.
1606 2492 1649 2521 ud
1675 2492 1712 2522 C¹
1748 2508 1779 2512 -
1816 2491 1901 2520 mine

127 2546 177 2575 uis
201 2545 238 2575 A¹
266 2562 298 2566 —
336 2545 398 2575 uu·
428 2544 465 2574 B¹
499 2559 533 2565 —
572 2544 744 2573 mammae
776 2552 862 2583 quae
894 2544 916 2573 B
953 2561 986 2564 —
1031 2544 1077 2573 12.
1107 2548 1211 2583 posse!
1247 2542 1283 2574 Β1
1321 2560 1354 2565 ——
1397 2543 1631 2580 Hieronymus
1664 2540 1730 2571 adv
1770 2539 1899 2579 pelag:

127 2595 293 2626 Diodorus
316 2594 349 2624 id
371 2594 475 2624 solum
496 2602 589 2632 posse
610 2594 683 2633 fieri
709 2595 803 2629 dicit,
832 2594 919 2632 quod
943 2597 1001 2624 aut
1025 2595 1065 2624 sil
1092 2602 1207 2624 uerum
1231 2596 1289 2623 aul
1316 2602 1430 2623 uerum
1455 2592 1604 2631 futurum
1629 2592 1682 2625 sit,
1716 2593 1751 2620 ut
1776 2590 1902 2621 Cicero

128 2646 162 2675 et>
185 2645 258 2684 ipse
285 2643 370 2674 infra
398 2643 415 2683 g
440 2643 473 2673 17
501 2661 534 2664 —
566 2643 603 2673 43
623 2646 655 2673 et
678 2642 725 2674 tl.
754 2644 911 2681 quicquid
937 2644 959 2673 C
991 2661 1022 2665 —-
1053 2643 1103 2674 tsi.
1132 2652 1254 2673 necesse
1282 2644 1302 2673 B
1331 2659 1363 2663 —
1395 2642 1425 2672 id
1450 2644 1549 2681 genae
1575 2639 1610 2671 13¹
1639 2658 1673 2662 —
1707 2641 1754 2670 15.
1782 2642 1855 2669 sunt
1877 2639 1902 2669 O

130 2710 165 2715 —
190 2694 280 2733 fraqi
305 2691 341 2723 Β1
370 2710 403 2714 ——
433 2692 484 2724 46.
503 2693 536 2723 id
561 2701 651 2723 corr.
673 2701 713 2722 ex
732 2693 776 2722 ad
802 2693 854 2722 ΒΥ
882 2710 915 2713 -
946 2693 996 2723 1i7.
1024 2693 1195 2723 'millesimo
1221 2692 1299 2723 13A2'
1315 2690 1390 2722 ΨΟ
1420 2710 1452 2713 -
1484 2691 1534 2722 18,
1562 2694 1639 2721 esse!
1664 2693 1691 2720 el
1717 2690 1760 2725 Β,
1787 2688 1849 2719 sed
1875 2691 1904 2719 ee

127 2743 263 2783 punctis
289 2743 446 2773 notatum
474 2758 508 2762 —
542 2742 757 2780 conprobabis
780 2744 824 2778 A,
852 2742 915 2773 scd
941 2742 986 2771 bis
1013 2743 1044 2773 in
1072 2752 1139 2773 ras.
1168 2751 1260 2773 man.
1289 2741 1367 2772 alr:
1394 2740 1600 2779 euprobabas
1626 2738 1680 2770 13¹.
1706 2738 1903 2778 comproba-

128 2790 185 2822 bas
208 2788 262 2827 B'2,
287 2791 481 2830 comprobas
504 2792 647 2830 Rebdig.
678 2808 711 2812 —
753 2792 803 2822 19,
832 2793 987 2822 dicuntur
1010 2793 1070 2822 Bo
1105 2811 1137 2814 —
1172 2793 1219 2822 his
1244 2792 1300 2822 AV
1337 2810 1367 2812 —
1405 2791 1558 2821 habemus
1584 2791 1628 2827 (J,
1663 2788 1756 2829 quod
1783 2789 1902 2819 nescio

129 2849 170 2871 an
196 2849 237 2871 ex
261 2840 394 2872 habenis
410 2843 524 2871 ortum
544 2842 587 2871 sit
616 2858 648 2861 —
677 2840 790 2871 Verba
817 2844 853 2872 ut
876 2843 902 2871 si
927 2842 1146 2881 dic-alur.4st·.
1168 2842 1249 2872 Kar:
1275 2842 1459 2879 potiturum
1484 2840 1525 2871 ad
1553 2839 1700 2870 alteram
1723 2839 1904 2870 divisionis

128 2892 264 2931 partem
295 2891 322 2921 si
347 2900 420 2922 vere
443 2892 575 2922 dicatur
600 2891 637 2921 de
659 2892 772 2929 saturo
803 2892 953 2932 exempli
986 2893 1093 2931 gratia
1128 2892 1170 2922 ab
1204 2890 1452 2930 interpolatore
1487 2890 1641 2930 quodam
1675 2889 1792 2920 addita
1824 2897 1903 2919 esse

131 2939 244 2971 iudico
281 2957 315 2962 —
354 2941 394 2972 20
433 2941 660 2981 carthayinem
686 2942 766 2977 ΑΒ,
801 2941 863 2971 sed
891 2951 919 2971 m
954 2943 984 2972 in
1012 2944 1035 2972 A
1064 2943 1203 2982 pumt..
1239 2941 1410 2979 curloyine
1436 2939 1475 2969 Y*
1511 2957 1543 2961 —
1583 2940 1635 2970 et.
1664 2948 1730 2969 csse
1753 2948 1820 2969 uec.
1849 2939 1901 2975 Vl,

130 2997 195 3020 esse
217 2999 283 3020 non
305 2999 373 3021 nec.
401 2991 441 3020 ΥΞ
467 3007 500 3012 —-
540 2991 591 3022 23.
621 2999 771 3028 quonesco
797 2988 835 3021 ΑΙ
861 3008 900 3012 -
934 3000 965 3021 es
990 2991 1069 3021 cod.
1097 2990 1299 3021 Gudianus:
1327 2995 1370 3020 est
1396 2992 1419 3021 t:
1456 3007 1488 3011 —
1528 2990 1580 3020 26.
1606 2990 1727 3028 falsum
1750 2998 1802 3019 me
1826 2998 1904 3020 uero

131 3039 167 3076 Β,
191 3039 313 3078 salsum
336 3049 376 3071 ne
398 3049 477 3071 uero
502 3039 554 3077 W,
579 3041 699 3079 fulsum
725 3049 780 3070 nec
804 3042 838 3070 in
863 3049 979 3071 uerum
1004 3040 1045 3069 ΥΞ
1072 3058 1106 3062 -
1133 3042 1312 3079 praescrilo
1339 3040 1363 3068 Y
1394 3057 1424 3061 —
1454 3040 1505 3070 3i.
1531 3040 1639 3078 facilis
1666 3040 1699 3076 Β,
1728 3039 1789 3070 sod
1815 3040 1844 3069 ci
1870 3040 1905 3069 et

131 3095 146 3118 s
169 3092 306 3128 punctis
332 3092 448 3120 notata
488 3108 521 3112 —
564 3100 620 3120 nos
642 3091 715 3129 falli
739 3094 848 3129 sperat
873 3100 973 3129 neque
999 3091 1179 3122 Chaldaeos
1207 3093 1393 3127 ceterosque
1423 3089 1552 3119 diuinos
1575 3097 1692 3119 usuros
1716 3097 1781 3119 esse
1811 3088 1901 3118 coni.

133 3138 312 3179 Hottinger
350 3157 382 3163 —-
423 3140 474 3171 32.
501 3140 817 3178 coniunctionibus}n
844 3143 901 3170 aut
927 3140 1050 3171 Cicero
1077 3140 1216 3180 s‹·1·ipsit
1242 3147 1343 3176 neque
1366 3147 1419 3169 eos
1444 3147 1560 3168 usuros
1582 3148 1648 3169 esse
1672 3139 1906 3169 coum-ionibus

135 3188 208 3226 (etsi
235 3188 314 3219 alibi
339 3198 467 3221 conexa
491 3191 612 3228 dicit),
647 3193 705 3221 aut
730 3191 879 3230 turpiter
903 3190 1140 3221 diversissima
1175 3192 1206 3220 et
1239 3198 1277 3219 ca
1312 3190 1403 3228 ipsa,
1437 3189 1468 3219 in
1495 3188 1624 3228 quibus
1649 3188 1904 3227 distinguendis

134 3240 303 3276 versatur,
331 3239 505 3271 confudit:
533 3250 614 3272 nam
640 3241 705 3272 hoc
730 3241 757 3271 si
774 3241 1086 3279 qaid--rnorietw-
1110 3248 1282 3270 conexum
1302 3240 1371 3274 est,
1393 3238 1472 3269 illud
1499 3239 1794 3270 non--morietur
1819 3246 1905 3268 con-

134 3286 317 3319 iunctionis
342 3292 514 3330 negatio.»
541 3291 715 3331 Madvig
751 3308 783 3312 -
819 3295 998 3331 praecepta
1022 3293 1047 3321 Α
1076 3309 1109 3312 -
1138 3290 1190 3321 33.
1214 3289 1435 3330 pronuncient
1458 3289 1495 3320 Β.
