2249 3624
547 179 634 218 Lm.
666 180 694 218 Ι.
737 179 833 219 CAP.
865 181 1223 222 xxxlx—XLI.
1264 182 1322 236 §§
1354 181 1545 224 83—91.
1848 188 1928 228 509

169 285 305 325 munis
336 285 419 324 vita
450 284 666 331 dubitavit,
699 291 751 330 et,
785 292 927 339 postea
960 301 1082 340 quam
1115 289 1381 342 philosophia
1415 292 1630 343 processit,
1664 306 1785 332 nemo
1808 295 1930 334 aliter

168 348 441 401 philosophus
484 349 633 393 sensit,
676 348 715 386 in
749 362 833 401 qno
867 350 990 388 modo
1023 358 1131 390 esset
1163 353 1403 392 auctoritas.
1463 353 1528 393 87.
1570 355 1663 393 nixi
1696 355 1746 394 de
1780 357 1929 408 Pytha-

167 424 287 462 gora,
326 410 377 449 de
411 411 668 454 Democrito,
709 412 760 449 tle
793 413 992 456 Socratc;
1036 415 1182 465 excepi
1215 415 1265 452 (le
1297 417 1478 469 antiquis
1511 424 1674 469 praeter
1708 419 1929 472 Xenopha-

166 486 259 512 nem
306 473 540 518 neminem;
589 473 760 512 adiunxi
808 481 988 512 veterem
1030 476 1322 522 A‹·a‹t‹·miam,
1374 480 1694 531 Peripateticos,
1744 482 1928 521 Stoicos:

167 549 272 575 unus
304 536 495 575 dissentit
518 537 732 588 Epicurus.
785 536 894 583 Quid
921 550 1016 575 vcro
1051 538 1127 577 hoc
1153 541 1314 592 turpius
1347 555 1470 593 quam
1504 542 1616 594 quod
1640 542 1748 582 idem
1771 545 1963 584 nullamf,

166 604 306 638 censet
336 600 554 650 gratuitam
588 612 678 637 esse
713 598 904 636 virtutem
923 600 939 636 ‘J

278 662 363 700 XL.
413 661 515 709 Quis
557 667 617 700 est
657 667 794 699 antem
842 674 966 713 quem
1015 676 1096 701 non
1146 671 1309 704 moveat
1354 666 1605 706 clarissumis
1653 671 1933 709 monumentis

166 729 312 763 testata
344 724 674 775 consignataque
707 723 934 775 antiquitas
953 726 969 761 ζ’
1024 724 1292 765 Calchantem
1326 741 1523 777 augurem
1558 731 1697 770 scribit
1730 733 1934 772 Homerus

166 784 285 838 longe
326 792 544 838 optumum
587 800 766 839 cumque
806 786 951 824 (lucem
993 786 1187 826 classium
1222 788 1350 827 fuisse
1382 790 1433 828 ad
1468 792 1608 838 Ilium,
1652 795 1935 847 auspiciorum

166 847 289 887 credo
333 849 527 895 scientia,
569 862 650 887 non
690 848 888 887 locorum.
949 846 1016 887 88.
1063 850 1364 902 Amphilochus
1406 859 1445 892 et
1484 855 1654 907 Mopsus
1687 858 1933 909 Argivorum
1954 866 1986 894 ¹0

166 923 284 962 reges
322 910 510 956 fuerunt,
554 910 626 950 sed
660 910 768 949 idem
801 923 1006 960 augures,
1048 913 1161 964 iique
1197 913 1307 951 urbis
1341 914 1382 952 in
1415 928 1487 954 ora
1520 917 1734 958 marituma
1770 920 1936 959 Ciliciae

166 971 343 1012 Graecas
385 973 675 1012 condiderunt.
743 975 878 1025 Atque
919 974 1041 1012 etiam
1084 981 1180 1013 ante
1222 975 1297 1014 hos
1339 977 1615 1029 Amphiaraus
1660 987 1700 1020 et
1741 983 1935 1030 Tiresias,

167 1048 249 1074 non
281 1035 461 1075 humiles
495 1043 533 1075 et
565 1035 729 1075 obscuri
764 1049 901 1087 neque
935 1050 1080 1076 corum
1113 1037 1293 1083 similes,
1328 1045 1372 1078 ut
1402 1040 1512 1091 apud
1545 1041 1724 1082 Ennium
1758 1051 1832 1091 est,

279 1097 372 1145 Qui
414 1100 493 1138 sui
536 1104 788 1152 quaestus
826 1111 985 1137 causa
1024 1099 1178 1138 fictas
1210 1101 1469 1140 suscitant
1501 1106 1821 1152 sententias,

165 1159 237 1199 sed
272 1160 370 1199 clari
405 1167 444 1199 ct
477 1166 734 1214 praestantes
768 1161 845 1199 viri
880 1158 983 1213 [qui]
1018 1161 1164 1200 avibus
1197 1167 1237 1201 et
1269 1163 1397 1215 signis
1429 1164 1630 1205 admoniti
1664 1167 1800 1208 sutura
1826 1170 1986 1210 dice-⁴5

165 1223 277 1263 bant.
339 1223 525 1271 Quorum
559 1224 609 1263 de
641 1224 772 1263 altero
804 1223 929 1262 etiam
962 1224 1071 1276 apud
1104 1224 1260 1264 inferos
1288 1226 1492 1266 Homerus
1524 1230 1580 1267 ait
1610 1229 1744 1269 solum
1776 1245 1935 1285 sapere,

167 1293 328 1327 ceteros
361 1287 600 1326 umbrarum
634 1286 773 1338 vagari
807 1285 945 1324 modo·
992 1287 1290 1339 Amphiaraum
1323 1294 1461 1328 autem
1495 1291 1553 1329 sic
1585 1291 1806 1334 honoravit
1827 1295 1935 1335 sama

167 1349 380 1396 Graeciae,
413 1349 515 1389 deus
546 1355 592 1388 ut
622 1349 857 1394 haberetur,
889 1354 1015 1401 atque
1048 1355 1092 1388 nt
1122 1350 1172 1388 ab
1205 1351 1294 1390 eius
1328 1352 1431 1398 solo,
1464 1353 1506 1392 in
1529 1368 1611 1406 quo
1642 1361 1704 1394 est
1727 1356 1934 1404 humatus,

166 1411 304 1451 oracla
343 1416 602 1464 peterentur.
663 1409 728 1449 89.
777 1410 922 1458 Quid?
967 1412 1090 1451 Asiae
1130 1426 1203 1452 rex
1244 1414 1430 1454 Priamus
1468 1429 1606 1456 nonne
1647 1424 1688 1457 et
1728 1418 1934 1459 Helenum

165 1473 297 1514 filium
329 1481 367 1514 et
400 1474 674 1513 Cassandram
708 1471 831 1512 tiliam
865 1472 1103 1513 divinantes
1136 1474 1335 1522 habebat,
1377 1477 1553 1517 alterum
1586 1481 1791 1532 auguriis,
1833 1482 1934 1522 alte·
1948 1492 1986 1521 20

167 1550 253 1576 ram
296 1537 444 1575 mentis
485 1537 728 1576 incitatione
767 1542 806 1575 et
846 1537 1107 1589 permotione
1139 1538 1313 1577 divina?
1375 1538 1468 1587 Quo
1501 1541 1541 1580 in
1575 1555 1725 1594 genere
1758 1545 1935 1586 Marcios

167 1598 370 1652 quosdam
401 1598 562 1645 fratres,
597 1599 726 1637 nobili
758 1598 849 1637 loco
881 1604 1016 1645 natos,
1049 1600 1160 1652 apud
1194 1601 1370 1640 maiores
1404 1609 1567 1643 nostros
1587 1603 1716 1645 fuisso
1738 1607 1935 1660 scriptum

167 1661 369 1701 videmus.
430 1661 576 1709 Quid?
624 1661 840 1714 Polyidum
875 1662 1136 1702 Corinthium
1179 1676 1316 1702 nonne
1350 1665 1555 1706 Homerus
1596 1674 1635 1707 et
1674 1669 1766 1708 aliis
1808 1670 1936 1711 multa

168 1731 206 1764 et
238 1724 323 1763 filio
357 1724 408 1763 ad
442 1725 610 1764 Troiam
642 1722 920 1777 proficiscenti
962 1730 1136 1763 mortem
1172 1725 1432 1777 praedixisse
1464 1734 1791 1771 commemorat?
1838 1733 1936 1773 Om-

168 1788 265 1826 nino
304 1787 421 1839 apud-
457 1793 638 1834 veteres,
680 1787 750 1840 qui
782 1800 916 1826 rerum
950 1787 1238 1839 potiebantur,
1279 1788 1389 1828 idem
1421 1793 1596 1843 auguria
1625 1795 1835 1835 tenebant.
1887 1796 1985 1836 Ut25

168 1851 279 1889 enim
312 1862 473 1902 sapere,
506 1850 564 1889 sic
596 1851 783 1889 divinare
815 1849 953 1902 regale
987 1848 1228 1889 ducebatur.
1269 1852 1404 1891 Testis
1437 1859 1499 1892 est
1529 1861 1669 1896 nostra
1702 1859 1862 1906 civitas,
1893 1860 1934 1899 in

168 1926 249 1966 qua
281 1918 321 1952 et
351 1926 470 1965 reges
502 1926 681 1966 augures
714 1918 754 1952 et
786 1919 930 1965 postea
962 1912 1131 1965 privati,
1172 1913 1319 1952 eodem
1352 1916 1584 1956 sacerdotio
1618 1920 1814 1969 praediti,
1847 1936 1934 1962 rem

167 1975 375 2028 publicam
407 1975 658 2028 religionum
689 1976 935 2015 auctoritate
966 1982 1181 2015 rexerunt.
1228 1976 1333 2015 XLI.
1366 1975 1431 2016 90.
1463 1978 1607 2032 anue
1629 1980 1935 2024 divinationum

169 2037 272 2076 ratio
315 2050 365 2076 ne
408 2038 448 2076 in
491 2038 678 2078 barbaris
720 2038 890 2091 quidem
934 2038 1128 2089 gentibus
1171 2039 1361 2091 neglecta
1401 2046 1490 2087 est,
1533 2042 1565 2080 si
1605 2043 1773 2096 quidem
1813 2052 1853 2085 et
1891 2047 1934 2086 in

168 2098 301 2138 Gallia
331 2100 515 2140 Druidae
547 2107 656 2148 sunt,
689 2115 709 2140 e
742 2101 896 2154 quibus
929 2101 1017 2153 ipse
1049 2097 1296 2141 Divitiacum
1325 2102 1545 2143 Haeduum
1577 2105 1785 2159 hospitem
1819 2115 1984 2149 tuum-30

167 2161 510 2216 laudatoremque
550 2163 752 2216 cognovi,
800 2163 872 2216 qui
915 2170 953 2202 et
993 2169 1164 2202 naturae
1209 2165 1436 2212 rationem,
1482 2180 1605 2219 quam
1647 2174 1935 2223 φυσιολογίαν

169 2224 312 2264 Graeci
344 2226 569 2279 appellant,
602 2232 741 2265 notam
775 2239 866 2265 esse
898 2225 976 2264 sibi
1008 2225 1282 2278 profitebatur
1313 2233 1353 2266 et
1383 2229 1533 2280 partim
1556 2233 1754 2283 auguriis,
1786 2235 1936 2286 partim

169 2288 410 2328 coniectura
451 2302 557 2342 quae
591 2295 731 2328 essent
761 2288 901 2328 futura
933 2288 1121 2335 dicebat,
1163 2295 1202 2328 et
1232 2290 1275 2329 in
1306 2291 1443 2330 Persis
1475 2300 1732 2345 augurantur
1762 2302 1800 2335 et
1831 2296 1937 2337 divi-

167 2355 268 2389 nant
299 2351 426 2402 magi,
460 2351 530 2404 qui
561 2358 869 2404 congregantur
899 2351 940 2390 in
971 2351 1067 2391 fano
1100 2353 1407 2392 commentandi
1439 2368 1563 2394 causa
1594 2362 1718 2409 atque
1750 2358 1860 2398 inter
1891 2373 1934 2399 se

169 2412 479 2466 conloquendi,
528 2413 641 2466 quod
687 2414 809 2453 etiam
857 2414 965 2454 idem
1013 2427 1086 2453 vos
1127 2414 1339 2467 quondam
1378 2415 1514 2457 facere
1556 2419 1684 2458 Nonis
1724 2419 1985 2461 solebatis.35

169 2471 234 2513 91.
277 2476 361 2515 Nec
404 2475 627 2529 quisquam
667 2490 742 2516 rex
782 2477 1000 2516 Persarum
1044 2483 1183 2530 potest
1220 2492 1333 2525 esse,
1376 2480 1447 2532 qui
1479 2494 1562 2520 non
1593 2486 1688 2521 ante
1720 2496 1935 2536 magorum

170 2535 430 2589 disciplinam
461 2538 761 2591 scientiamque
794 2540 1037 2592 perceperit.
1087 2540 1203 2580 Licet
1234 2546 1372 2581 autem
1406 2542 1547 2583 videre
1571 2549 1611 2584 et
1632 2557 1785 2596 genera
1807 2559 1936 2600 quae-

176 2669 1935 2688 Ἣ

258 2762 288 2792 ⁴.
313 2761 404 2792 uitae
426 2760 585 2792 dubitabit
611 2761 637 2792 H
666 2779 698 2783 -
734 2763 763 2792 Ξ.
790 2763 873 2793 sensi
898 2762 924 2793 H
962 2780 986 2784 -
1023 2762 1052 2795 4.
1081 2765 1242 2795 adiumwi
1266 2766 1292 2796 A
1317 2783 1352 2789 ——
1382 2766 1413 2797 5.
1442 2767 1528 2805 Quid
1550 2767 1654 2799 vero?
1675 2769 1734 2800 hoc
1757 2772 1886 2811 turpius
1909 2772 1934 2804 Ο

174 2826 207 2832 -—-
235 2809 265 2842 7.
293 2811 504 2841 clarissumus
528 2811 555 2840 V
573 2829 605 2833 —
634 2811 664 2842 9.
686 2813 866 2851 oplumilur
885 2813 910 2842 H
932 2829 965 2834 —-
993 2813 1191 2852 eundemque
1210 2815 1390 2854 Hottioger
1410 2833 1443 2836 —
1471 2816 1631 2848 classicim
1657 2819 1695 2848 V¹
1713 2837 1753 2842 ——
1781 2822 1825 2852 ad
1839 2822 1936 2854 Ilium

172 2859 362 2892 Guilelmus
389 2862 441 2898 (ex
468 2861 567 2892 Hom.
595 2860 630 2892 ll.
658 2862 682 2895 Ι,
702 2862 772 2901 Ἡ);
810 2863 852 2893 ad
876 2862 969 2892 illum
994 2861 1088 2897 13111,
1123 2868 1157 2894 αι
1181 2864 1294 2894 dillum
1318 2865 1366 2901 B2,
1394 2868 1429 2895 al
1453 2865 1543 2896 illum
1568 2867 1624 2897 AV
1652 2885 1685 2890 —
1724 2872 1937 2910 auspicorwn

173 2909 198 2941 Η
228 2926 258 2933 -
290 2912 342 2942 Η.
368 2911 464 2941 iidem
489 2911 513 2941 Ο
542 2929 575 2932 -
603 2911 701 2952 iique]
728 2920 788 2950 que
813 2910 852 2943 A¹
879 2929 912 2933 —-
943 2912 982 2943 43
1008 2915 1041 2943 et
1068 2914 1117 2944 ¹3⁴2.
1145 2917 1225 2953 apul
1250 2916 1274 2944 A
1304 2931 1338 2935 —
1368 2914 1417 2945 44.
1443 2915 1551 2953 saclas
1573 2917 1727 2949 susc-icam
1752 2919 1790 2949 V¹
1817 2938 1852 2943 —
1881 2924 1933 2954 45,

172 2960 226 2998 qui
250 2958 440 2991 delendum
465 2969 544 2992 esse
570 2961 653 2992 vidit
678 2961 813 3001 Matlxig
849 2979 883 2984 —
918 2962 1041 2993 nisibus
1065 2967 1095 2994 ec
1121 2964 1145 2994 H
1175 2982 1209 2988 —
1249 2964 1299 2995 ΛΤ.
1326 2969 1433 2996 aulem
1459 2974 1528 2997 om.
1550 2967 1574 2997 H
1602 2984 1636 2989 —
1665 2968 1716 2999 48.
1743 2970 1784 3000 ab
1808 2980 1843 3002 eo
1866 2973 1936 3004 loco

173 3007 325 3039 malebat
349 3010 483 3047 Moser,
509 3008 584 3040 coll.
614 3009 686 3040 Val.
715 3011 801 3041 Max.
828 3012 917 3048 Ylll,
939 3013 995 3050 115,
1025 3017 1092 3044 ext.
1119 3014 1137 3044 3
1165 3030 1199 3034 ——
1226 3015 1258 3044 in
1285 3023 1347 3053 quo
1371 3018 1415 3045 est
1439 3015 1593 3046 humatus
1616 3019 1732 3057 spuria
1758 3021 1830 3051 visa
1855 3024 1936 3053 sunt

174 3056 374 3097 llottingero
399 3077 440 3081 —
472 3060 522 3090 49.
551 3061 688 3091 oracula
714 3061 738 3091 O
768 3078 800 3082 —
832 3065 1024 3100 paterentur
1048 3064 1086 3094 Βι
1113 3081 1144 3084 —
1181 3065 1232 3094 ΞΒ.
1258 3065 1427 3102 Polyidum
1452 3066 1602 3097 Marsus:
1633 3068 1787 3107 polybum
1813 3071 1856 3103 C:
1889 3071 1932 3103 cf.

173 3105 271 3138 Hom.
300 3106 334 3138 ll.
360 3107 530 3146 X111‚6:33
558 3126 591 3131 -
619 3110 804 3141 corinthum
830 3111 854 3142 ll
883 3129 917 3134 —
951 3113 1003 3143 ¹⁴25.
1029 3113 1113 3143 idem
1131 3114 1243 3144 ABV:
1276 3113 1310 3144 .ι“,
1331 3114 1374 3149 Η,
1402 3115 1497 3145 iidem
1523 3117 1547 3146 O
1575 3134 1609 3138 —
1637 3119 1817 3158 auquriam
1841 3120 1868 3150 H
1896 3137 1932 3143 —

173 3155 224 3188 26.
250 3156 440 3189 ducebalur.
469 3158 567 3189 Testis
590 3161 759 3190 Auratus:
791 3160 951 3192 ducebant
977 3162 1142 3200 (tenebant
1166 3164 1209 3201 Α)
1236 3167 1270 3194 ut
1294 3165 1380 3194 lestis
1405 3166 1448 3201 C,
1482 3165 1652 3198 ducebant.
1683 3169 1780 3200 Testis
1804 3170 1828 3200 Ο
1853 3180 1935 3202 cum

176 3204 374 3245 Hottingero
402 3225 436 3229 —
463 3208 515 3238 ⁶28.
540 3209 731 3249 reliyionem
755 3210 778 3240 B
808 3227 840 3231 —
868 3210 920 3241 30⁴
948 3211 1087 3243 druidae
1104 3213 1162 3243 W:
1190 3214 1339 3252 dryadae
1363 3212 1444 3252 ΑΨ,
1470 3215 1609 3247 driadae
1632 3217 1668 3254 B,
1695 3219 1824 3250 triadae
1849 3220 1875 3251 H
1897 3238 1932 3243 —

174 3253 371 3286 diuiciacum
395 3258 439 3294 A,
471 3257 667 3289 diuiaticum
692 3259 717 3289 ll
743 3277 785 3281 —-
808 3260 954 3291 Aeduum
978 3261 1002 3291 O
1030 3277 1064 3283 —
1099 3261 1151 3292 31.
1173 3263 1413 3303 physiologiam
1437 3263 1490 3295 vel
1511 3265 1740 3308 phisiologiam
1765 3270 1788 3300 C
1819 3287 1850 3291 —
1879 3269 1932 3301 32.

174 3302 232 3335 sibi
256 3312 321 3336 esse
345 3306 371 3337 H
407 3324 440 3328 —
475 3308 614 3347 auyuris
637 3306 677 3339 Αἱ
704 3326 737 3330 -
773 3308 824 3339 33.
851 3309 999 3341 dicebant
1023 3311 1051 3341 H
1077 3328 1112 3332 —
1142 3315 1171 3342 et
1196 3320 1265 3343 om.
1293 3311 1332 3343 Αι
1358 3330 1392 3336 -
1418 3314 1453 3344 in
1477 3322 1547 3346 om.
1573 3314 1622 3346 3¹.
