2249 3624
676 159 763 199 Lm.
796 159 845 198 Il.
887 157 983 198 CAP.
1014 157 1080 200 lv.
1118 154 1177 209 ἓξ
1209 152 1372 195 8-13.
1851 151 1904 192 99

148 273 295 314 similis
327 271 602 312 efficientibus
634 272 880 325 voluptates.
926 272 1024 310 Eam
1058 270 1091 310 si
1124 271 1363 310 varietatem
1399 268 1571 315 diceres,
1604 266 1905 319 intellegerem,

149 342 193 375 ut
224 336 345 375 etiam
378 348 462 374 non
494 335 658 374 dicento
691 340 727 373 te
760 334 969 386 intellego.
1022 334 1101 372 [sta
1133 334 1309 372 varietas
1343 344 1450 385 quae
1482 331 1556 375 sit.
1587 344 1671 370 non
1694 331 1793 371 satis
1816 343 1907 383 per-

149 399 300 451 spicio,
343 398 454 450 quod
495 399 574 441 ais.
617 411 708 436 cum
750 397 895 436 dolore
927 410 1162 439 careamus,
1208 401 1291 434 tum
1326 396 1365 434 in
1398 407 1558 434 summa
1590 394 1800 446 voluptate
1833 406 1908 431 nos

151 474 261 504 esse.
294 474 387 500 cum
418 467 554 499 autem
587 472 803 498 vescamur
833 459 882 497 iis
915 460 1056 505 relius,
1090 472 1196 512 quae
1228 458 1390 496 dulcem
1424 464 1579 496 motum
1611 456 1785 496 afferant
1816 468 1909 494 sen-

151 524 288 569 sibus,
329 529 414 561 tum
446 535 537 560 csse
571 523 612 560 in
645 527 759 560 motu
794 521 1070 572 voluptatem,
1106 522 1177 574 qui
1210 521 1335 559 faciat
1367 521 1605 559 varietatem
1636 518 1942 571 voluptatuni,5

152 585 223 624 sed
263 598 346 624 non
382 584 523 636 augeri
564 584 677 622 illam
718 597 798 622 non
838 583 1008 622 dolendi
1049 584 1323 636 voluptatem,
1374 595 1498 636 quam
1542 595 1614 621 cur
1653 581 1910 632 voluptatem

151 647 336 701 appelles
368 646 520 685 nescio.

264 710 329 748 lv.
369 706 426 747 ll.
459 709 521 746 An
559 713 719 760 potest.
763 707 899 759 inquit
943 706 1029 749 ille,
1071 708 1295 759 quicquam
1329 720 1420 746 esse
1452 707 1621 746 suavius
1654 719 1777 759 quam
1810 704 1913 744 nihil

152 771 322 810 dolere?
347 770 474 809 Immo
498 769 550 808 sit
573 783 670 808 saue
694 770 796 808 nihil
821 770 982 814 melius,
1005 770 1189 821 inquam,
1212 771 1469 809 ——1iondum
1492 770 1600 808 enim
1624 769 1663 808 id
1687 781 1843 832 ‹uiaero
1861 790 1916 796 -

152 847 248 873 num
280 839 499 886 propterea
531 832 639 872 idem
672 832 862 884 voluptas
896 837 980 876 est,
1013 831 1144 882 quod,
1179 836 1221 870 ut
1245 832 1299 870 ita
1322 832 1470 877 dicam,
1502 832 1757 871 indolentia?
1790 831 1914 870 Plane
1935 842 1965 869 ιο

155 895 281 941 idem,
324 894 478 947 inquit,
525 901 565 934 et
607 895 786 934 maxima
817 893 1010 946 quidem,
1057 906 1136 945 qua
1177 892 1263 932 lieri
1295 894 1409 933 nulla
1442 895 1571 933 maior
1601 899 1753 946 potest.
1805 893 1916 940 Quid

153 958 317 996 dubitas
358 957 506 1009 igitur,
550 957 744 1010 inquam,
787 969 948 995 summo
990 955 1100 994 bono
1133 968 1155 994 a
1187 962 1226 994 te
1258 956 1315 994 ita
1347 957 1596 1002 constituto,
1638 961 1682 995 ut
1712 956 1753 995 id
1786 960 1917 995 totum

154 1021 193 1059 in
227 1033 308 1058 non
340 1019 519 1059 dolendo
552 1020 627 1063 sit,
660 1019 699 1058 id
735 1025 873 1058 tencre
906 1032 1055 1063 unum,
1088 1018 1129 1056 id
1162 1018 1288 1065 tueri,
1323 1018 1362 1057 id
1397 1018 1655 1058 defendere?
1710 1016 1774 1057 12.
1808 1017 1916 1065 Quid

155 1083 262 1121 enim
294 1095 464 1121 necesse
496 1088 578 1129 est,
617 1088 826 1135 tamquam
860 1081 1119 1119 meretricem
1152 1080 1192 1119 in
1226 1085 1509 1120 matronarum
1541 1086 1725 1128 coetum,
1758 1082 1816 1120 sic
1848 1094 1919 1120 vo-

157 1145 357 1196 luptatem
386 1145 428 1183 iu
450 1145 649 1184 virtutum
673 1144 894 1182 concilium
917 1142 1153 1181 adducere?
1186 1143 1442 1182 Invidiosum
1465 1155 1614 1182 nomen
1637 1149 1718 1190 est,
1750 1142 1919 1190 infame,
1938 1155 1970 1183 ¹5

157 1213 409 1259 suspectum.
470 1208 613 1259 ltaque
654 1206 734 1245 hoc
775 1205 1020 1259 frequenter
1060 1205 1142 1244 dici
1183 1205 1288 1244 solet
1327 1218 1352 1245 a
1382 1205 1521 1252 vobis,
1558 1218 1643 1244 non
1674 1206 1920 1258 intellegere

158 1282 233 1307 nos
279 1281 400 1322 quam
443 1269 550 1308 dicat
594 1269 796 1321 Epicurus
835 1268 1106 1320 voluptatem.
1158 1268 1280 1314 Quod
1322 1267 1495 1320 quidem
1537 1267 1638 1306 mihi
1677 1268 1711 1307 si
1752 1267 1920 1322 quando

158 1331 311 1370 dictum
345 1337 406 1370 est
435 1352 489 1360 —
519 1336 583 1370 est
613 1336 751 1369 autem
784 1331 938 1369 dictum
972 1343 1055 1369 non
1087 1343 1231 1381 parum
1264 1343 1390 1382 saepe
1411 1351 1487 1376 —,
1520 1329 1597 1369 etsi
1620 1330 1717 1369 satis
1740 1330 1921 1369 clemens

157 1406 245 1432 sum
278 1393 320 1431 in
351 1392 613 1445 disputando,
647 1399 782 1432 tamen
810 1392 1018 1431 interdum
1041 1392 1154 1431 soleo
1177 1391 1391 1431 subirasci.
1433 1392 1578 1444 Egone
1600 1405 1685 1431 non
1706 1392 1922 1444 intellego,

157 1455 254 1506 quid
287 1455 339 1494 sit
371 1450 506 1506 ἡδονή
531 1455 700 1500 Graece,
723 1455 867 1493 Latine
891 1454 1163 1507 voluptas?
1196 1459 1329 1493 utram
1352 1454 1520 1493 tandem
1542 1454 1727 1506 linguam
1749 1454 1971 1495 nesciotw

157 1515 309 1555 deinde
341 1517 413 1569 qui
443 1516 511 1563 fit,
547 1523 590 1556 ut
622 1530 697 1569 ego
730 1517 932 1563 nesciam,
965 1517 1099 1556 sciant
1128 1529 1294 1563 omnes,
1327 1517 1583 1570 quicumque
1608 1517 1805 1569 Epicurei
1832 1529 1924 1556 esse

157 1578 408 1618 voluerunt?
456 1578 581 1627 Quod
623 1579 747 1618 vestri
789 1579 958 1632 quidem
989 1579 1053 1618 vel
1094 1580 1250 1631 optime
1283 1579 1519 1632 disputant,
1559 1579 1665 1618 nihil
1695 1593 1800 1632 opus
1833 1592 1924 1619 esse

158 1653 276 1688 eum,
308 1640 583 1693 philosophus
618 1641 688 1694 qui
720 1641 883 1680 futurus
907 1641 980 1687 sit,
1013 1641 1118 1680 scire
1141 1641 1311 1680 litteras.
1356 1642 1503 1694 Itaque
1525 1647 1571 1681 ut
1592 1641 1769 1681 maiores
1792 1641 1924 1681 nostri

159 1702 209 1740 ab
253 1709 386 1742 aratro
419 1703 683 1742 adduxerunt
714 1703 1006 1742 Cincinnatum
1037 1703 1176 1749 illum,
1218 1708 1265 1742 ut
1296 1702 1473 1742 dictator
1502 1710 1634 1751 esset,
1677 1704 1736 1744 sic
1766 1717 1840 1744 vos
1872 1704 1923 1743 de

159 1765 276 1816 pagis
309 1764 499 1804 omnibus
532 1765 728 1817 colligitis
758 1765 892 1804 honos
924 1765 1017 1805 illos
1039 1766 1211 1818 quidem
1233 1766 1357 1813 viros,
1389 1765 1463 1805 sed
1494 1771 1604 1805 certe
1636 1779 1721 1806 non
1752 1780 1973 1820 pereru-25

160 1826 282 1866 ditos.
346 1824 410 1866 13.
440 1827 548 1879 Ergo
578 1827 638 1866 illi
671 1827 940 1879 intellegunt,
973 1828 1073 1880 quid
1096 1828 1295 1880 Epicurus
1328 1828 1457 1875 dicat,
1490 1841 1565 1880 ego
1587 1842 1673 1868 non
1694 1830 1922 1882 intellego?

161 1887 209 1926 Ut
250 1888 354 1928 scias
393 1902 458 1928 me
497 1889 762 1941 intellegere,
801 1889 981 1941 primum
1022 1889 1132 1929 idem
1165 1903 1256 1929 esse
1289 1891 1382 1930 dieo
1414 1890 1770 1944 voluptatem,
1811 1892 1923 1946 quod

159 1949 227 1989 ille
257 1946 431 2003 ἡδονήν.
481 1952 531 1990 Et
563 1951 733 2004 quidem
765 1964 889 2003 saepe
921 1952 1160 2004 quaerimus
1190 1953 1361 1992 verbum
1383 1953 1576 1993 Latinum
1607 1968 1682 2007 par
1702 1954 1861 1995 Graeco
1885 1959 1924 1994 et

162 2011 277 2064 quod
318 2011 429 2052 idem
469 2013 625 2053 valeat:
662 2013 730 2053 hic
768 2013 872 2052 nibil
908 2013 987 2053 fuit
1028 2015 1141 2067 quod
1173 2027 1484 2068 quaereremus.
1543 2017 1713 2056 Nullum
1743 2017 1923 2058 inveniri

161 2073 331 2113 verbum
371 2080 531 2128 potest,
574 2076 687 2129 quod
718 2076 847 2127 magis
879 2075 990 2115 idem
1021 2076 1205 2117 declaret
1234 2077 1401 2125 Latine,
1444 2078 1560 2132 quod
1591 2079 1766 2128 Graece,
1799 2094 1923 2134 quam
1936 2097 1972 2126 30

161 2135 344 2176 declarat
382 2137 647 2190 voluptas.
708 2138 814 2177 Huic
853 2138 980 2178 verbo
1012 2151 1177 2188 omnes,
1217 2141 1293 2194 qui
1321 2141 1480 2194 ubique
1511 2147 1627 2190 sunt,
1670 2143 1743 2196 qui
1776 2145 1922 2184 Latine

161 2198 320 2245 sciunt,
364 2198 467 2239 duas
508 2213 574 2239 res
617 2200 845 2248 subiciunt,
884 2200 1082 2240 laetitiam
1120 2202 1163 2241 in
1194 2203 1356 2251 animo,
1399 2205 1723 2245 commotionem
1754 2220 1923 2247 suavem

160 2260 430 2301 iucunditatis
461 2262 504 2302 in
535 2275 723 2315 corpore.
765 2263 867 2302 Nam
889 2267 930 2303 et
960 2263 1029 2302 ille
1051 2264 1161 2316 apud
1184 2265 1386 2305 Trabeam
1408 2266 1737 2319 voluptatem
1769 2269 1923 2308 animi

162 2323 367 2362 nimiam
409 2323 610 2364 laetitiam
651 2324 773 2371 dicit,
814 2325 1010 2372 eandem,
1052 2339 1177 2378 quam
1220 2327 1291 2366 ille
1335 2327 1612 2376 Caecilianus,
1654 2330 1725 2382 qui
1771 2331 1924 2370 omni-

161 2384 258 2424 bus
289 2384 520 2426 laetitiis
551 2386 747 2426 laetum
779 2401 871 2427 esse
902 2401 946 2427 se
968 2394 1120 2428 narrat.
1171 2389 1253 2428 Sed
1274 2388 1355 2429 hoc
1376 2390 1562 2438 interest,
1595 2392 1710 2444 quod
1730 2393 1923 2446 voluptas
1938 2411 1974 2439 35

163 2446 314 2486 dicitur
357 2448 480 2488 etiam
518 2449 561 2488 in
601 2449 759 2496 animo,
791 2471 845 2478 —
875 2450 1026 2490 vitiosa
1064 2464 1152 2498 res,
1192 2456 1238 2490 ut
1269 2451 1397 2490 Stoici
1429 2458 1594 2504 putant,
1638 2453 1712 2506 qui
1744 2467 1835 2494 eam
1866 2456 1924 2494 sic

163 2506 383 2559 definiunt,
426 2510 705 2551 sublationem
750 2512 877 2551 animi
920 2512 1010 2551 sine
1057 2513 1239 2561 ratione,
1285 2514 1493 2567 opinantis
1533 2527 1577 2554 se
1619 2528 1771 2568 magno
1810 2516 1923 2556 bono

250 2678 280 2709 4.
305 2678 475 2718 efficientes
501 2679 525 2709 B
557 2696 592 2701 —-
631 2677 662 2710 4.
688 2688 762 2710 cum
792 2678 913 2720 autem]
946 2682 1022 2710 tunc
1046 2683 1156 2711 aulem
1180 2680 1203 2711 B
1238 2697 1270 2702 —
1309 2681 1452 2720 afferunt
1481 2681 1505 2711 B
1534 2697 1570 2703 —-
1608 2682 1639 2713 5.
1667 2683 1722 2721 qui
1746 2683 1925 2716 Davisius:

163 2735 225 2771 que
240 2729 284 2765 A;
311 2728 344 2758 in
369 2728 393 2758 B
409 2728 432 2759 E
457 2729 511 2759 est
535 2729 784 2769 compendium
809 2730 994 2761 incertum.
1017 2748 1048 2752 —
1078 2730 1110 2761 8.
1130 2730 1235 2768 inquit
1259 2729 1310 2760 ille
1325 2732 1370 2761 A:
1396 2730 1450 2761 ille
1474 2730 1579 2769 inquit
1595 2731 1636 2768 B;
1664 2731 1738 2773 [ille]
1756 2734 1860 2773 inquit
1879 2735 1928 2771 M;

165 2777 268 2815 inquit
291 2776 366 2817 [ille]
392 2777 416 2807 O
443 2794 477 2799 —
505 2777 556 2808 40.
579 2782 755 2816 practerea
780 2779 801 2809 B
830 2796 863 2801 —
894 2780 945 2811 lt.
972 2780 1056 2810 idem
1080 2782 1125 2811 A:
1155 2781 1284 2819 quidem
1309 2781 1349 2816 ss;
1377 2788 1448 2811 om.
1476 2780 1517 2816 E;
1545 2779 1651 2822 [idem]
1677 2782 1709 2814 M
1734 2800 1769 2805 —
1797 2785 1850 2816 ⁴2.
1877 2785 1931 2815 in-

165 2825 275 2865 quam]
307 2827 412 2865 inquit
442 2827 466 2858 B
501 2844 536 2849 —-
574 2828 621 2858 ila
650 2836 719 2859 om.
750 2829 773 2859 B
807 2846 842 2850 —
880 2830 933 2860 217.
961 2829 1071 2868 quam]
1105 2830 1183 2869 quid
1215 2831 1237 2860 B
1266 2847 1301 2852 -
1330 2831 1380 2860 ⁴9.
1407 2829 1503 2870 soleo]
1527 2830 1604 2861 solet
1628 2834 1668 2862 ΑΙ
1697 2849 1731 2853 -
1767 2833 1820 2863 ΞΟ.
1852 2834 1932 2865 hae-

165 2876 270 2906 donae
298 2876 345 2912 Α;
381 2876 502 2908 hedone
524 2878 548 2908 B
582 2895 617 2899 —
651 2878 800 2917 linquam
831 2878 868 2910 A¹
897 2896 932 2901 ——
966 2880 1019 2910 ¹21.
1039 2880 1095 2918 qui
1119 2880 1159 2910 sic
1182 2881 1205 2911 B
1234 2897 1268 2901 —
1294 2880 1439 2910 'nesciam
1463 2888 1533 2911 om.
1562 2880 1584 2911 Β
1612 2898 1645 2904 -—
1679 2882 1731 2913 22.
1756 2883 1933 2915 uoluerunt

167 2928 209 2955 A:
236 2924 396 2956 voluerint
418 2926 488 2957 ΒΜ
514 2944 550 2948 ——
581 2927 690 2968 vestri]
716 2929 817 2959 nostri
842 2929 865 2959 Β
887 2946 922 2949 ——
947 2937 1012 2960 esse
1037 2938 1118 2968 opus
1140 2930 1164 2960 B
1187 2947 1220 2951 -
1248 2929 1300 2960 223.
1326 2938 1400 2960 eum
1421 2929 1630 2968 philosophus
1652 2931 1708 2969 qui
1730 2931 1864 2971 futurus
1893 2935 1933 2964 sic

167 2976 212 3004 A:
245 2982 318 3004 eum
350 2975 405 3013 qui
432 2976 565 3015 futurus
593 2977 633 3007 sit
660 2978 866 3017 philosophus
889 2979 978 3015 13M3
1013 2988 1102 3015 eum,
1139 2979 1195 3017 qui
1223 2979 1432 3018 philosophus
1453 2980 1587 3019 futurus
1608 2980 1649 3010 sit
1673 2981 1698 3011 O
1725 2999 1760 3004 —
1794 2982 1845 3014 24.
1871 2984 1934 3014 acl-

167 3022 333 3053 ‹tacet-unc
360 3024 441 3055 AB:
468 3024 677 3057 abduaeerunc
701 3028 724 3056 0
758 3043 792 3048 —
829 3027 882 3058 2-3.
910 3028 1009 3068 payis
1033 3029 1216 3077 Turnebus
1243 3031 1276 3059 ct
1301 3032 1482 3060 corrector
1506 3029 1637 3061 codicis
1664 3029 1809 3063 Ellensis
1839 3033 1934 3072 prio-

169 3073 234 3101 ris:
261 3071 373 3112 plagis
401 3074 567 3113 ABCD,
599 3076 692 3107 uude
720 3077 847 3116 pelaqis
877 3079 913 3108 ct
936 3079 1082 3118 pelasye‘s
1110 3078 1179 3110 alii.
1209 3096 1242 3100 —
1266 3079 1484 3119 pereruditus]
1511 3081 1655 3111 eruditos
1677 3078 1716 3111 A¹
1745 3098 1780 3102 —
1806 3082 1859 3112 ⁶26.
1885 3082 1937 3112 in—

168 3120 315 3160 telligant
338 3122 362 3152 B
391 3139 426 3144 --
453 3125 541 3166 quid]
567 3126 653 3164 quod
676 3126 699 3156 B
728 3144 762 3148 ——
790 3128 842 3158 27.
871 3126 957 3168 [csse]
984 3129 1034 3165 M;
1062 3137 1120 3168 esso
1145 3129 1233 3160 coni.
1261 3129 1398 3169 Madxig
1423 3146 1458 3151 —
1486 3130 1539 3162 α28.
1564 3130 1719 3161 hedonem
1742 3131 1806 3161 AB
1834 3147 1868 3153 —
1898 3132 1936 3161 Ec

169 3171 309 3213 quidem]
334 3173 482 3212 equidem
506 3175 529 3205 Β
557 3191 592 3197 -
619 3184 812 3214 quaeremus
835 3178 875 3207 Al
901 3195 936 3199 -—
964 3178 1016 3209 30.
1042 3179 1176 3209 verbum
1200 3180 1225 3209 A
1241 3178 1283 3208 B:
1312 3186 1382 3209 om.
1407 3179 1476 3209 MO
1496 3196 1530 3201 —-
1558 3180 1644 3218 quod
1667 3180 1735 3219 φκ]
1759 3188 1859 3219 quam
1882 3189 1934 3219 Ψ.

171 3220 194 3250 Β
222 3239 256 3244 -
282 3231 400 3262 graece
422 3225 506 3255 AB:
531 3234 649 3266 graece
672 3223 791 3267 ἡδονή
818 3228 842 3258 O
871 3245 906 3249 —-
938 3228 990 3259 31.
1018 3229 1074 3266 qui
1097 3229 1198 3259 latine
1221 3228 1326 3258 sciunt
1349 3228 1405 3266 qui
1427 3228 1546 3268 ubique
1568 3232 1643 3260 sunt
1667 3229 1690 3259 B
1717 3246 1752 3251 —-
1779 3228 1832 3260 32.
1858 3237 1937 3260 sua-

172 3278 243 3302 uem
266 3272 479 3306 iucunditatis
501 3275 547 3307 A:
573 3276 786 3308 iucunditatis
808 3285 942 3310 suavem
966 3278 990 3309 B
1005 3278 1037 3309 M
1064 3295 1098 3301 ——
1126 3278 1178 3309 36.
1204 3278 1249 3308 sic
1273 3285 1342 3309 om.
1370 3278 1406 3309 B.
