2249 3624
511 177 600 215 Lm.
635 175 665 214 1.
703 173 799 214 CAP.
830 170 1081 212 XL-xLL
1118 168 1177 222 §§
1209 166 1395 211 94—99.
1748 162 1821 205 244

78 282 218 324 citudo
256 283 391 322 futura
429 282 509 321 sit!
572 280 707 328 Quam
746 292 810 318 me
853 278 1031 317 delectat
1061 276 1364 316 Theramenes!
1400 287 1522 327 quam
1554 273 1661 312 elato
1692 274 1828 312 animo

79 346 165 385 estl
213 345 301 383 Etsi
332 344 441 383 enim
474 345 636 389 tlemus,
667 356 760 382 cnm
792 342 987 393 legimus,
1020 345 1155 379 tamen
1190 352 1269 377 non
1302 337 1593 377 miserabiliter
1614 336 1676 375 vir
1697 335 1829 374 clarus

79 407 287 448 emoritur.
339 406 421 452 Qui
453 418 544 444 cum
577 405 788 443 coniectus
822 405 859 443 in
894 415 1100 441 carcerem
1134 402 1301 453 triginta
1332 401 1445 440 iussu
1475 404 1739 452 tyrannorum
1762 411 1830 437 ve-

80 482 229 510 nenum
263 474 307 507 ut
337 468 482 506 sitiens
514 466 779 513 obduxisset,
812 466 1017 518 reliquum
1051 465 1107 503 sic
1140 479 1161 503 e
1194 464 1344 517 poculo
1366 463 1505 508 eiecit,
1540 467 1581 500 ut
1605 461 1642 499 id
1665 472 1832 499 resona-

80 536 152 578 ret,
174 543 255 582 quo
277 530 414 568 sonitu
437 528 600 567 reddito
623 528 840 567 adridens:
875 529 1118 580 «l‘1·opino,»
1146 527 1294 578 inquit,
1318 526 1420 565 «hoc
1445 524 1619 578 pulchro
1643 522 1828 567 Critiae»
1846 530 1863 557 ε’»

81 593 149 647 qui
189 591 231 630 in
269 605 362 631 eum
398 590 532 630 fuerat
573 591 846 629 taeterrimus.
900 590 1045 628 Graeci
1077 590 1186 628 enini
1224 590 1265 627 in
1297 588 1496 627 conviviis
1527 586 1662 626 solent
1702 584 1834 623 nomi-

81 668 175 696 nare
209 654 272 694 cui
306 653 499 706 poculum
532 653 719 691 tradituri
752 652 846 690 sint.
894 652 1009 690 Lusit
1036 652 1096 690 vir
1117 651 1306 702 egregius
1330 655 1516 689 extremo
1540 649 1709 702 spiritu,
1741 659 1833 685 cuin

81 718 158 758 iam
189 715 446 769 praecordiis
477 720 718 767 conceptam
752 719 922 752 mortem
955 713 1206 759 contineret,
1240 726 1420 765 vereque
1444 712 1504 758 ei,
1541 711 1606 750 cui
1630 722 1832 749 venenum

80 779 364 832 praebiberat,
416 783 588 816 mortem
643 789 733 815 eam
778 781 839 814 est
890 780 1138 825 auguratus,
1185 788 1290 827 quae
1337 773 1450 814 brevi
1499 779 1720 813 consecuta
1762 776 1836 810 est.

80 839 144 880 97.
184 840 289 889 Quis
336 841 441 879 hanc
482 838 650 878 maximi
692 838 817 877 animi
854 837 1105 889 aequitatem
1149 837 1190 876 in
1236 838 1328 890 ipsa
1370 842 1500 877 morte
1553 836 1760 882 laudaret,
1804 833 1836 872 si
1856 841 1886 868 ¹0

81 909 254 943 mortem
287 903 438 942 malum
472 901 707 941 iudicaret?
740 899 862 939 Vadit
893 900 1000 938 enim
1032 901 1072 939 in
1101 900 1276 939 eundem
1298 913 1505 939 carcerem
1528 905 1651 952 atquc
1673 898 1715 936 in
1738 909 1838 936 eun-

81 966 174 1005 dem
213 965 352 1018 paucis
395 970 488 1017 post
527 964 645 1004 annis
687 962 887 1016 scyphum
921 963 1132 1008 Socrates,
1176 962 1323 1002 eodem
1355 962 1510 1002 scelere
1542 961 1725 1000 iudicum
1757 972 1839 1011 quo

82 1034 351 1082 tyrannorum
395 1027 688 1066 'sinn-ameum.
746 1026 863 1072 Quae
905 1031 967 1065 est
1007 1026 1133 1077 igitur
1170 1026 1259 1064 eius
1301 1025 1457 1071 oratio,
1497 1037 1578 1077 qua
1615 1022 1710 1062 facit
1746 1034 1839 1060 eum

83 1091 197 1130 Plato
230 1103 351 1129 usum
382 1089 492 1142 apud
525 1088 682 1127 iudices
714 1088 794 1127 iam
826 1093 956 1127 morte
989 1088 1238 1128 multatum?

194 1153 298 1191 XLl.
334 1153 512 1203 «Magna
544 1164 636 1190 me»
674 1150 809 1203 inquit
843 1164 969 1203 «spes
1001 1156 1135 1197 tenet,
1173 1150 1356 1197 iudices,
1393 1149 1498 1188 bene
1530 1147 1630 1187 mihi
1663 1146 1893 1191 evenirent»

83 1214 197 1269 qnod
238 1215 376 1254 mittar
416 1214 467 1253 ad
510 1219 695 1253 mortem.
747 1214 924 1253 Necesse
956 1219 1020 1253 est
1055 1214 1163 1252 enim
1196 1213 1249 1252 sit
1279 1212 1456 1252 alterum
1488 1211 1538 1250 de
1571 1210 1758 1255 duobus,
1801 1212 1845 1246 ut

84 1283 153 1319 aut
184 1290 330 1317 sensus
363 1276 531 1315 omnino
559 1289 702 1315 omnes
736 1289 845 1315 mors
876 1275 1035 1315 auferat
1065 1281 1136 1316 aut
1166 1276 1209 1314 in
1240 1275 1366 1315 alium
1395 1273 1601 1328 quendam
1633 1272 1770 1311 locum
1793 1283 1845 1309 ex

83 1340 146 1379 his
178 1339 279 1379 locis
312 1344 441 1378 morte
474 1338 686 1390 migretur.
739 1337 873 1385 Quam
906 1338 957 1377 ob
989 1352 1097 1385 rem,
1139 1338 1225 1378 sive
1251 1351 1399 1377 sensus
1429 1335 1687 1388 extinguitur
1717 1346 1846 1372 mors-

85 1416 164 1456 que
197 1402 233 1440 ei
266 1414 413 1441 somno
446 1400 592 1440 similis
625 1405 710 1447 est,
753 1401 824 1453 qui
856 1414 939 1439 non
971 1414 1222 1454 numquam,
1259 1400 1383 1439 etiam
1415 1399 1504 1439 sine
1535 1398 1634 1438 visis
1666 1395 1847 1437 somnio-

84 1479 196 1512 rum,
235 1463 558 1516 placatissimam
591 1463 772 1516 quietem
806 1461 960 1510 adfert,
993 1463 1033 1502 di
1065 1463 1184 1510 boni,
1217 1463 1317 1516 quid
1348 1462 1451 1502 lucri
1483 1467 1546 1501 est
1576 1459 1735 1500 emoril
1779 1462 1849 1498 aut
1862 1465 1899 1494 20

89 1540 212 1582 quam
253 1526 371 1566 multi
414 1525 504 1565 dies
543 1525 715 1577 reperiri
756 1532 955 1578 possunt,
996 1526 1067 1580 qui
1098 1526 1169 1566 tali
1200 1525 1312 1565 nocti
1344 1529 1674 1578 anteponantur,
1718 1522 1784 1562 cui
1814 1521 1850 1559 si

87 1589 235 1630 similis
265 1588 404 1628 futura
434 1593 496 1627 est
525 1588 783 1640 perpetuitas
815 1588 950 1628 omnis
972 1588 1270 1642 consequentis
1302 1590 1522 1641 temporis,
1553 1587 1644 1642 quis
1667 1600 1731 1626 me
1752 1585 1849 1624 bea-

87 1652 201 1692 tior‘?
260 1649 327 1689 98.
359 1650 431 1689 Sin
472 1662 568 1690 vera
606 1655 702 1690 sunt
742 1663 848 1704 quae
888 1650 1102 1698 dicuntur,
1145 1650 1435 1703 migrationem
1478 1663 1571 1690 esse
1602 1654 1776 1688 mortem
1807 1647 1849 1686 in

90 1728 157 1754 eas
197 1727 310 1760 oras,
349 1726 453 1766 quas
493 1713 564 1767 qui
610 1726 631 1752 e
663 1713 748 1753 vita
779 1718 1052 1753 excesserunt
1090 1713 1303 1761 incolunt,
1340 1713 1383 1752 id
1417 1713 1547 1752 multo
1579 1712 1658 1751 iam
1691 1709 1850 1750 beatius

91 1781 167 1816 est.
219 1777 353 1822 Tene,
387 1789 479 1815 cum
511 1776 562 1815 ab
594 1776 667 1823 iis,
699 1777 771 1829 qui
804 1789 847 1816 se
878 1775 1065 1815 iudicum
1092 1789 1267 1816 numero
1288 1775 1432 1815 haberi
1455 1775 1621 1822 volunt,
1653 1772 1849 1818 evaseris,
1864 1778 1899 1807 25

89 1838 142 1879 ad
173 1851 243 1878 eos
274 1838 439 1886 venire,
480 1838 552 1891 qui
583 1851 679 1878 vere
711 1838 870 1878 iudices
907 1838 1191 1891 appellentur,
1232 1838 1436 1885 Minoem,
1477 1835 1850 1881 Rhadamanthum,

90 1901 271 1941 Aeacum
286 1931 296 1948 ‚
328 1900 652 1954 Triptolemum,
684 1902 993 1954 convenireque
1015 1914 1107 1949 eos,
1141 1901 1213 1955 qui
1239 1901 1349 1941 iuste
1372 1906 1412 1940 et
1433 1913 1526 1940 cum
1549 1897 1630 1939 fide
1650 1897 1850 1939 vixerint:

90 1964 193 2004 haec
227 1963 502 2017 peregrinatio
540 1962 762 2003 mediocris
794 1963 912 2003 vobis
944 1963 1078 2004 videri
1115 1965 1283 2017 potest?
1322 1968 1369 2004 ut
1399 1976 1497 2003 vero
1530 1961 1727 2015 conloqui
1758 1972 1852 1999 cum

92 2026 280 2079 Orpheo,
319 2026 512 2074 Musaeo,
551 2025 755 2073 Homero,
799 2025 983 2066 Hesiodo
1024 2026 1168 2075 liceat,
1207 2026 1350 2080 quanti
1388 2025 1555 2066 tandem
1593 2022 1852 2065 aestimatis?

90 2089 299 2143 Equidem
331 2102 455 2142 saepe
487 2089 637 2135 emori,
681 2088 715 2128 si
746 2086 834 2128 fieri
865 2094 1025 2142 posset,
1058 2089 1228 2138 vellem,
1267 2094 1313 2130 ut
1344 2102 1414 2137 ea,
1454 2101 1561 2141 quae
1593 2087 1710 2135 dico,
1751 2083 1851 2125 mihi
1867 2090 1903 2119 30
1955 2101 1958 2109 ¹

91 2152 235 2192 liceret
265 2152 465 2192 invenire.
514 2151 680 2200 Quanta
711 2150 988 2192 delectatione
1020 2157 1160 2192 autem
1191 2150 1414 2200 adficerer,
1453 2165 1545 2191 cum
1577 2148 1853 2194 Palamedem,

93 2228 185 2255 cum
215 2214 405 2262 Aiacem,
445 2228 539 2254 cum
569 2213 672 2254 alios
703 2213 858 2254 iudicio
888 2214 1035 2268 iniquo
1067 2215 1370 2255 circumventos
1401 2212 1690 2255 convenireml
1732 2213 1853 2251 Tem-

91 2282 250 2331 ptarem
289 2277 414 2317 etiam
454 2276 604 2316 summi
642 2277 772 2329 regis,
814 2276 885 2330 qui
923 2277 1127 2317 maximas
1169 2278 1308 2331 copias
1346 2276 1468 2316 duxit
1503 2275 1555 2316 ad
1586 2275 1772 2321 Troiam,
1814 2277 1855 2312 et

92 2339 205 2379 Ulixi
243 2339 498 2393 Sisyphique
538 2338 823 2393 prudentiam,
865 2353 940 2379 nec
977 2340 1030 2379 oh
1064 2352 1154 2379 eam
1185 2353 1284 2387 rem,
1317 2353 1410 2379 cum
1441 2339 1544 2379 haec
1575 2338 1854 2392 exquirerem,

94 2402 201 2442 sicut
239 2402 307 2442 hic
348 2401 573 2449 faciebam,
616 2402 749 2454 capite
781 2401 1012 2441 damnarer.
1062 2403 1121 2441 Ne
1154 2415 1228 2442 vos
1260 2401 1451 2456 quidem,
1490 2401 1650 2441 iudices
1692 2400 1742 2447 ii,
1783 2399 1852 2452 qui
1867 2403 1902 2432 35

95 2478 161 2504 me
199 2464 456 2512 absolvistis,
499 2469 671 2504 mortem
712 2464 947 2504 timueritis.
1006 2461 1072 2502 99.
1104 2465 1188 2504 Nec
1230 2464 1339 2504 enim
1380 2465 1574 2517 cuiquam
1612 2463 1724 2502 bono
1757 2461 1854 2501 mali

96 2526 322 2580 quicquam
353 2526 520 2566 evenire
558 2531 697 2579 potest
726 2539 803 2566 nec
835 2527 928 2566 vivo
960 2540 1037 2567 nec
1068 2532 1250 2575 mortuo,
1282 2541 1359 2567 nec
1390 2539 1591 2579 umquam
1623 2525 1713 2565 eius
1743 2537 1808 2564 res
1832 2537 1855 2563 a

97 2587 160 2627 dis
200 2588 492 2629 inmortalibus
534 2588 831 2641 neglegentur,
871 2603 948 2629 nec
991 2589 1090 2630 mihi
1132 2590 1211 2643 ipsi
1242 2590 1322 2629 hoc
1353 2588 1506 2629 accidit
1536 2588 1720 2628 fortuito.
1772 2588 1855 2626 Nec

96 2663 195 2690 vero
227 2664 304 2704 ego
336 2651 411 2699 iis,
441 2664 466 2691 a
499 2650 652 2704 quibus
682 2657 898 2692 accusatus
930 2657 1002 2692 aut
1031 2666 1055 2692 a
1081 2652 1235 2706 quibus
1258 2651 1560 2692 condemnatus
1581 2663 1690 2698 sum,
1722 2648 1856 2689 habeo

99 2855 189 2887 Orat.
216 2857 244 2894 Ι,
271 2856 323 2888 87.
349 2855 409 2888 ubi
432 2856 548 2897 vulgo,
575 2859 681 2890 etiam
705 2857 748 2889 ab
775 2858 1039 2894 Henrichsenio‚
1067 2856 1250 2888 scribitur:
1285 2855 1333 2887 uti
1362 2863 1516 2894 eorum,
1543 2855 1598 2893 qui
1621 2855 1792 2891 audirent,
1818 2854 1863 2884 sic

99 2904 311 2945 afficerentur
333 2907 475 2945 animi,
502 2908 534 2939 in
560 2908 760 2949 Archetypo
785 2907 925 2939 videtur
950 2908 1073 2939 fuisse:
1100 2910 1137 2937 ut
1159 2907 1188 2937 ii
1204 2921 1252 2928 --
1268 2905 1439 2942 animm,
1467 2905 1509 2936 cf.
1538 2905 1608 2936 Fin.
1635 2906 1689 2942 111,
1709 2905 1749 2936 37
1773 2904 1864 2935 nulla

101 2954 236 2985 animo
260 2955 492 2994 afficiatur
513 2957 699 2997 voluptaae3
726 2958 790 2990 sed
816 2959 916 2998 Legg.
937 2958 1020 2995 1,⁶27
1047 2957 1090 2988 de
1116 2955 1274 2997 pluribus
1299 2955 1408 2986 animo
1433 2954 1560 2986 dicitur
1577 2954 1865 2994 (quemadmodum

102 3004 236 3035 animo
260 3006 368 3045 affecti
392 3006 539 3047 simus).»
564 3009 619 3039 W.
637 3026 679 3031 --
705 3009 734 3038 4.
763 3009 837 3047 Qua
859 3017 910 3040 me
934 3009 998 3040 GR
1026 3024 1059 3029 --
1087 3009 1117 3038 5.
1146 3007 1232 3045 quod
1254 3006 1364 3036 sonitu
1389 3005 1412 3036 C
1435 3022 1468 3026 —
1496 3005 1527 3036 6.
1546 3005 1580 3035 in
1605 3007 1684 3036 ante
1709 3003 1867 3035 conviviis

103 3061 173 3084 om.
200 3055 264 3085 GR
292 3073 325 3077 -
353 3055 382 3087 8.
408 3057 437 3087 ei
462 3058 517 3096 qui
543 3057 566 3088 C
594 3074 628 3079 -—
656 3058 687 3088 9.
713 3058 821 3089 morte?
844 3066 950 3089 meam
975 3059 1000 3088 G
1028 3074 1061 3078 —-
1090 3056 1141 3087 40.
1169 3056 1273 3086 animi
1296 3054 1438 3085 maximi
1462 3054 1487 3084 O
1507 3071 1542 3075 —
1569 3055 1621 3085 Μ.
1648 3056 1733 3085 enim
1758 3054 1801 3085 C:
1828 3062 1868 3084 en

105 3102 348 3135 Lachmannus
375 3104 428 3144 (ad
450 3106 586 3137 Lueret.
606 3115 639 3146 p.
660 3106 752 3144 4330:
780 3115 849 3138 om.
869 3108 893 3137 O
914 3123 948 3128 —
978 3106 1029 3136 43.
1057 3104 1351 3136 ΘΗΡΑΜΕΝΗΟ
1373 3105 1396 3135 G
1412 3105 1437 3135 R
1456 3121 1490 3126 —-
1517 3104 1570 3134 20.
1594 3104 1869 3143 placlatissimam

106 3153 132 3183 G
157 3170 191 3174 —
219 3154 263 3184 dii
289 3154 352 3185 CO
379 3171 412 3176 —
440 3155 492 3186 ⁶21.
519 3157 683 3195 repperiri
708 3159 732 3187 G
760 3175 794 3179 —
822 3157 848 3187 si
872 3155 1035 3195 Bentley:
1064 3164 1133 3186 om.
1156 3156 1179 3186 C
1209 3174 1243 3178 —
1269 3156 1321 3186 25.
1349 3158 1418 3186 tene
1442 3155 1484 3185 R:
1511 3157 1540 3184 te
1562 3162 1602 3184 ne
1626 3154 1707 3187 GB3
1734 3155 1764 3183 te
1787 3153 1812 3182 O
1831 3168 1864 3172 —

107 3200 148 3232 ab
170 3202 218 3233 his
242 3203 265 3233 C
295 3221 329 3224 —
356 3204 408 3235 27.
435 3205 588 3247 Aeacum]
613 3207 740 3238 aiacem
765 3208 788 3238 C
817 3224 852 3228 —
879 3210 908 3237 et
932 3215 1002 3237 om.
1025 3206 1048 3237 C
1077 3223 1111 3227 —
1138 3205 1189 3236 32.
1216 3206 1329 3245 iniquo
1353 3204 1592 3235 circumventos
1614 3202 1777 3241 Bentley:
1805 3201 1870 3230 ini-

107 3258 259 3288 quorum.
289 3252 403 3283 centos
427 3255 452 3285 G
467 3255 513 3292 R;
540 3256 731 3294 iniquorum
753 3259 866 3287 uentos
889 3255 936 3296 (in
960 3256 1117 3296 margine
1142 3255 1282 3286 additur
1303 3253 1427 3294 cir-cun)
1452 3254 1477 3285 B
1506 3270 1540 3275 -—
1567 3252 1620 3284 35.
1646 3251 1678 3282 hi
1702 3251 1758 3290 qui
1784 3250 1806 3280 C
1829 3265 1870 3271 —

108 3299 160 3331 39.
185 3300 234 3331 his
257 3301 282 3333 C
310 3319 344 3325 —
370 3310 443 3334 sum
466 3305 546 3345 post
568 3308 742 3337 accusatus
765 3304 872 3338 habet
896 3306 921 3338 Ο
945 3322 988 3329 —
1011 3305 1266 3345 condempnatus
1289 3304 1326 3336 G.

178 3360 295 3391 Clenno
315 3362 348 3392 T.
369 3362 417 3393 IV.
1518 3360 1571 3403 ’16
