2249 3624
263 141 345 184 588
975 142 1116 183 CATO
1146 142 1319 183 MAIOR

431 250 570 291 Unus
612 250 758 291 homo
797 249 952 289 nobis
994 248 1294 289 cunctando
1336 248 1584 289 restituit
1622 262 1756 289 rem:

430 314 666 353 Noenum
706 325 948 352 rumores
986 311 1214 365 ponebat
1252 316 1366 350 ante
1408 311 1640 350 salutem.

431 377 563 429 Ergo
604 381 827 429 postque
866 374 1131 426 magisque
1171 374 1272 413 viri
1312 386 1446 412 nunc
1490 373 1656 426 gloria
1699 373 1874 414 claret.

264 435 329 478 lt.
361 439 587 479 Tarentum
619 451 717 477 vero
749 450 831 490 qua
862 436 1090 488 vigilantia,
1123 448 1206 488 quo
1239 435 1413 475 consilio
1441 435 1621 488 recepit!
1656 449 1750 475 cum
1774 436 1941 489 quidem
1965 449 2030 476 me

231 500 460 541 5audiente
483 499 719 545 Salinatori,
751 502 824 551 qui
855 499 1009 537 amisso
1043 497 1198 551 oppido
1230 497 1393 549 fugerat
1422 498 1464 537 in
1495 510 1655 544 arcem,
1688 498 1881 550 glorianti
1905 503 2030 551 atque

260 563 318 603 ita
349 563 529 603 dicenti:
577 563 702 602 «Mea
733 573 885 614 opera,
929 560 1083 608 Quinte
1114 559 1239 606 Fabi,
1279 561 1505 599 Tarentum
1545 560 1796 613 recepisti»,
1845 559 2027 600 «Certe»

260 625 397 678 inquit
418 626 582 665 ridens:
617 636 757 669 «nam,
789 623 870 663 nisi
901 628 945 662 tu
977 622 1200 668 amisisses,
1232 635 1460 674 numquam
1492 622 1783 674 recepissem.»
1825 623 1910 662 Nec
1930 635 2030 662 vero

261 687 305 727 in
336 688 459 726 armis
490 685 769 740 praestantior
800 698 925 737 quam
957 686 999 724 in
1031 690 1153 736 toga;
1187 685 1260 738 qui
1293 685 1438 723 consul
1471 685 1640 730 iterum,
1675 684 1825 736 Spurio
1850 683 2030 724 Carvilio

262 749 422 801 collega
443 750 706 802 quiescente,
740 747 782 787 C.
805 747 1010 787 Flaminio
1042 747 1210 786 tribuno
1243 747 1373 800 plebis
1397 747 1535 799 quoad
1558 747 1695 800 potuit
1714 746 1865 786 restitit
1886 759 2032 798 agrum

213 818 249 846 ⁴0
263 812 472 851 Picentem
504 816 545 850 et
574 811 779 850 Gallicum
812 810 963 849 viritim
997 815 1141 849 contra
1173 815 1342 848 senatus
1374 809 1663 848 auctoritatem
1697 808 1926 857 dividenti3
1958 821 2032 848 au-

263 886 425 926 gurque
456 886 549 912 cum
582 878 708 919 esset,
741 873 879 912 dicere
911 885 1038 912 ausus
1071 878 1132 911 est
1165 871 1334 924 optimis
1366 871 1566 922 auspiciis
1600 883 1648 909 ea
1680 871 1781 923 geri,
1813 884 1924 924 quae
1954 884 2030 924 pro

262 935 322 974 rei
362 935 554 988 publicae
595 935 730 974 salute
773 940 1045 987 gererentur3
1094 947 1200 987 quae
1248 938 1392 972 contra
1433 946 1519 972 rem
1561 933 1769 986 publicam
1809 933 2031 980 ferrentur,

264 1004 408 1037 contra
439 998 627 1049 auspicia
657 997 770 1037 ferri.
822 994 888 1036 21³2.
921 998 1052 1037 Multa
1083 997 1125 1035 iu
1158 1009 1207 1035 eo
1242 997 1328 1035 viro
1362 995 1577 1048 praeclara
1608 995 1808 1047 cognovi,
1831 995 1904 1034 sed
1924 995 2031 1035 nihil

263 1065 327 1099 est
366 1059 654 1099 admirabilius
696 1073 821 1113 quam
866 1073 950 1113 quo
994 1059 1119 1098 modo
1162 1058 1233 1098 ille
1275 1063 1449 1097 mortem
1488 1055 1560 1097 filii
1591 1058 1709 1105 tulit,
1752 1057 1851 1097 clari
1884 1057 1960 1097 viri
1993 1061 2034 1097 et

219 1122 506 1161 t5consularis.
566 1123 640 1161 Est
670 1122 712 1161 in
745 1122 936 1161 manibus
968 1121 1177 1168 laudatio,
1219 1133 1345 1174 quam
1378 1133 1470 1159 cum
1504 1120 1704 1172 legimus,
1738 1133 1861 1173 quem
1895 1119 2035 1173 philo-

262 1183 438 1237 sophum
472 1198 554 1224 non
586 1185 923 1224 contemnimus?
960 1186 1045 1223 Nec
1077 1197 1177 1223 vero
1210 1184 1281 1222 ille
1314 1183 1355 1222 in
1388 1182 1482 1222 luce
1514 1183 1640 1222 modo
1673 1188 1798 1236 atque
1829 1183 1871 1222 in
1903 1182 2034 1222 oculis

262 1245 414 1286 civium
446 1259 634 1300 magnus,
666 1247 737 1287 sed
771 1247 883 1286 intus
916 1247 1116 1299 domique
1148 1245 1440 1298 praestantior.
1489 1245 1570 1293 Qui
1596 1258 1751 1292 sermo,
1775 1257 1883 1298 quae
1913 1257 2035 1297 prae-

262 1311 410 1363 cepta!
449 1315 603 1362 quanta
634 1310 783 1349 notitia
814 1310 1096 1361 antiquitatis,
1129 1308 1305 1347 scientia
1336 1308 1438 1347 iuris
1469 1308 1660 1360 augurii!
1708 1307 1864 1347 Multae
1897 1306 2035 1353 etiam,

261 1377 310 1412 ut
339 1373 380 1411 in
412 1372 580 1412 homine
603 1374 804 1419 Romano,
838 1373 1014 1411 litterae.
1062 1370 1212 1410 Omnia
1247 1370 1448 1410 memoria
1481 1370 1660 1417 tenebat,
1692 1382 1776 1409 non
1809 1369 2036 1409 domestica

213 1442 250 1473 20
264 1435 412 1482 solum,
446 1435 517 1475 sed
552 1435 676 1475 etiam
709 1440 883 1474 externa
913 1434 1036 1473 bella.
1082 1433 1209 1472 Cuius
1243 1445 1435 1472 sermone
1468 1432 1524 1472 ita
1555 1438 1642 1471 tum
1675 1432 1825 1484 cupide
1855 1431 2035 1478 fruebar,

264 1498 384 1551 quasi
417 1498 499 1537 iam
532 1497 766 1537 divinarem
798 1497 862 1544 id,
906 1496 1016 1551 quod
1049 1496 1210 1543 evenit,
1243 1496 1315 1536 illo
1348 1496 1534 1535 extincto
1566 1495 1656 1534 fore
1686 1494 1797 1535 unde
1830 1494 2035 1534 discerem

266 1561 490 1600 neminem.

377 1623 424 1662 V.
460 1620 522 1661 013.
557 1622 747 1671 Quorsus
779 1623 904 1674 igitur
934 1622 1039 1661 haec
1069 1626 1152 1660 tam
1192 1621 1319 1660 multa
1358 1619 1409 1660 de
1441 1620 1659 1660 Maximo?
1710 1619 1819 1668 Quia
1849 1618 2036 1672 profecto

263 1686 416 1725 videtis
448 1684 566 1725 nefas
599 1699 691 1724 esse
723 1685 862 1731 dictu,
903 1686 1097 1724 miseram
1128 1683 1259 1723 fuisse
1290 1684 1415 1722 talem
1449 1688 1720 1722 senectutem.
1781 1683 1865 1721 Nec
1897 1687 2038 1721 tamen

211 1757 410 1788 25omnes
451 1753 628 1800 possunt
670 1761 761 1787 esse
800 1747 1018 1800 Scipiones
1059 1752 1131 1785 aut
1173 1746 1365 1793 Maximi,
1409 1751 1454 1785 ut
1491 1745 1655 1784 urbium
1689 1745 2038 1798 expugnationes,

264 1816 309 1850 ut
338 1811 554 1864 pedestres
586 1810 809 1850 navalesve
840 1823 1013 1863 pugnas,
1047 1815 1092 1848 ut
1122 1809 1232 1848 bella
1266 1823 1288 1848 a
1321 1822 1364 1847 se
1397 1814 1526 1860 gesta,
1558 1814 1602 1847 ut
1633 1807 1869 1861 triumphos
1900 1820 2040 1846 recor-

265 1874 428 1913 dentur.
490 1874 562 1912 Est
594 1873 718 1912 etiam
752 1875 895 1926 quiete
928 1879 969 1912 et
1000 1886 1101 1925 pure
1143 1878 1270 1924 atque
1303 1871 1518 1922 eleganter
1547 1877 1662 1910 actae
1695 1870 1842 1910 aetatis
1875 1869 2041 1922 placida

265 1950 311 1977 ac
344 1937 450 1976 lenis
483 1941 702 1983 senectus,
746 1936 913 1989 qualem
952 1935 1189 1988 accepimus
1222 1934 1430 1980 Platonis,
1474 1934 1545 1987 qui
1584 1946 1668 1972 uno
1708 1938 1747 1972 et
1783 1932 2039 1985 octogesimo

265 2012 375 2039 anno
408 1999 594 2038 scribens
628 2004 691 2037 est
722 2004 920 2039 mortuus.
958 1998 1122 2052 qualem
1147 1997 1355 2043 Isocratis,
1390 1996 1462 2050 qui
1496 2010 1590 2035 eum
1622 1996 1793 2041 librum,
1817 1995 1888 2047 qui
1912 1995 2042 2034 Pana-

215 2069 250 2098 3ο
265 2061 485 2101 thenaicus
517 2061 781 2108 inscribitur,
826 2066 974 2114 quarto
1007 2061 1280 2113 nonagesimo
1319 2073 1428 2099 anno
1460 2059 1678 2112 scripsisse
1710 2070 1754 2097 se
1787 2058 1888 2097 dicit
1918 2057 2042 2096 vixit-

265 2138 348 2177 que
381 2124 719 2177 quinquennium
752 2130 925 2176 postea:
970 2124 1087 2163 cuius
1121 2123 1316 2175 magister
1338 2123 1567 2162 Leontinus
1591 2120 1767 2173 Gorgias
1800 2125 1968 2159 centum
2000 2124 2041 2158 et

267 2192 427 2239 septem
461 2186 686 2240 complevit
717 2199 850 2225 annos
882 2199 1021 2238 neque
1052 2199 1253 2239 umquam
1286 2185 1328 2224 in
1361 2198 1437 2224 suo
1470 2183 1608 2224 studio
1642 2190 1767 2236 atque
1801 2194 1927 2236 opere
1953 2194 2042 2221 ces-

353 2380 384 2411 l.
413 2379 508 2409 homo
531 2377 624 2409 nobis
649 2379 659 2409 Ι
685 2380 719 2409 et
743 2378 846 2409 codd.
866 2379 898 2408 in
924 2377 1014 2409 libro
1040 2378 1083 2410 de
1109 2378 1200 2409 offic.
1228 2379 1252 2415 Ι,
1274 2376 1365 2417 §842
1393 2377 1486 2407 homo
1511 2377 1567 2415 qui
1590 2375 1682 2406 nobis
1704 2375 1813 2411 ΒΡΞ,
1840 2373 1901 2406 sed
1929 2373 1985 2413 qui
2008 2373 2042 2405 in

266 2430 289 2460 P
314 2431 537 2469 punctatum,
565 2429 596 2459 in
622 2429 643 2460 S
669 2437 828 2465 erasum,
857 2429 914 2467 qui
939 2429 1028 2459 nobis
1053 2430 1111 2460 ER
1141 2447 1174 2451 —
1212 2429 1240 2459 2.
1269 2437 1407 2459 noenum
1434 2426 1679 2458 Lachmannus
1705 2427 1753 2465 (in
1779 2427 1971 2456 comment.
1998 2423 2043 2455 ad

266 2480 466 2511 Lucretium
493 2489 523 2520 p.
543 2480 635 2515 1150):
662 2488 725 2509 iton
750 2480 835 2510 enim
861 2479 1075 2515 BEPRSO3
1104 2488 1165 2509 ηοη
1190 2478 1329 2517 ponebat
1352 2478 1438 2508 enim
1463 2485 1612 2507 rumores
1638 2477 1649 2507 Ι
1680 2494 1708 2498 -
1737 2475 1901 2514 ponebant
1917 2476 1953 2511 Ρ.
1980 2474 2044 2506 sed

264 2532 440 2569 posterior
461 2539 481 2559 rn
508 2530 671 2569 punctam
711 2545 744 2550 —-
788 2528 818 2558 3.
843 2532 980 2567 postque
1005 2530 1028 2560 C
1057 2530 1137 2567 (sed
1166 2530 1189 2560 E
1219 2531 1291 2566 post
1322 2536 1471 2568 quaeque
1504 2527 1654 2566 mamm:
1689 2526 1828 2565 plusque
1851 2524 1983 2556 Vahlen
2007 2524 2043 2556 in

266 2579 366 2610 Ennii
391 2578 476 2619 reliq
517 2588 549 2619 p.
567 2578 601 2610 41
638 2587 719 2610 cum
746 2579 958 2617 Bernaysio:
993 2581 1164 2619 magisque
1190 2580 1346 2609 Muretus
1373 2578 1450 2607 Yar.
1480 2578 1587 2607 Lectt.
1614 2576 1676 2614 Vl,
1704 2575 1755 2608 44.
1788 2593 1819 2597 ——
1854 2576 1884 2606 5.
1911 2577 1945 2605 in
1968 2583 2045 2606 arce

268 2628 291 2659 C
321 2646 355 2650 —
382 2630 412 2661 8.
439 2637 511 2666 spu.
531 2630 576 2664 Β,
603 2629 659 2668 Sp.
681 2630 727 2659 O:
761 2629 817 2667 Sp.
838 2628 986 2659 Carvilio
1003 2646 1051 2651 --
1069 2630 1228 2660 diuidenti
1253 2628 1353 2659 affert
1379 2627 1558 2658 Charisius
1583 2635 1604 2666 p
1635 2626 1696 2657 22⁵.
1722 2624 1807 2662 Keil,
1834 2633 1903 2656 om.
1925 2623 2045 2655 verbis

265 2678 388 2717 colteqa
416 2680 613 2717 quiescente,
649 2687 715 2718 qua
743 2678 785 2709 de
812 2687 849 2709 re
876 2687 906 2708 v.
935 2679 1014 2710 Car.
1035 2679 1087 2709 Fr.
1110 2680 1299 2710 Hermann.
1325 2679 1359 2708 in
1387 2686 1477 2709 mus.
1504 2678 1603 2708 rhen.
1624 2675 1799 2708 Ritschelii
1826 2675 1947 2713 11,573
1965 2683 2043 2714 sqq.

269 2745 300 2749 —
322 2728 350 2758 9.
366 2730 539 2768 flaminino
559 2730 593 2766 Ρ,
621 2729 685 2760 sed
714 2730 887 2769 posterior
909 2739 931 2759 η
957 2731 1119 2769 punctata
1141 2745 1174 2750 —
1205 2730 1256 2759 40.
1274 2729 1459 2766 pec-malem
1478 2727 1512 2763 Ε,
1534 2728 1697 2765 pirensem
1717 2727 1740 2764 1,
1763 2728 1916 2766 picenum
1941 2725 2042 2756 codd.

268 2777 374 2813 dett.;
410 2779 569 2809 Picentem
600 2779 715 2810 firmat
747 2779 924 2810 Charisius
958 2796 993 2801 -
1028 2779 1179 2809 culticum
1213 2787 1304 2809 corr.
1332 2787 1404 2808 rec.
1433 2778 1465 2808 in
1491 2778 1648 2817 gallicum
1678 2779 1701 2808 P
1740 2793 1773 2799 -
1813 2777 2047 2808 anctoritatem

266 2831 397 2857 senatus
422 2828 432 2857 1
467 2845 501 2850 —-
540 2837 652 2868 auyur
677 2830 688 2859 Ι
727 2846 761 2851 —-
802 2830 853 2859 41.
882 2837 983 2859 ausus
1006 2833 1050 2859 est
1075 2830 1181 2859 dicere
1207 2829 1228 2859 R
1266 2845 1300 2850 —-
1342 2829 1483 2866 optumis
1508 2829 1528 2858 S
1564 2845 1597 2849 —
1632 2836 1695 2866 pro
1721 2835 1797 2867 sup.
1826 2825 1883 2857 lin.
1913 2827 1953 2863 P,
1983 2834 2045 2865 pro

267 2877 372 2908 salute
396 2878 498 2916 reip.
526 2879 538 2909 Ι
574 2896 607 2900 -
644 2878 695 2910 44.
723 2878 966 2909 amma-abilius
992 2882 1065 2913 (om
1098 2881 1159 2916 est)
1188 2878 1211 2909 E
1250 2894 1283 2900 ——
1317 2883 1455 2908 mortem
1479 2887 1523 2909 m.
1553 2878 1678 2917 (marci
1703 2878 1843 2915 BlSR)
1867 2877 1928 2917 filii
1955 2877 1978 2908 C
2008 2893 2042 2899 -

269 2928 319 2959 46.
346 2937 411 2957 non
436 2936 499 2966 sup
540 2927 596 2959 lin.
626 2930 649 2960 R
676 2946 710 2951 —
740 2930 771 2958 {12
796 2930 866 2960 lace
892 2937 960 2960 om.
990 2928 1014 2959 Ι1
1044 2947 1076 2951 -
1104 2933 1203 2967 atque
1227 2929 1328 2959 oculis
1355 2929 1377 2959 E
1406 2945 1439 2950 —
1477 2928 1529 2959 118.
1556 2928 1693 2958 scientia
1719 2928 1766 2959 C:
1803 2936 1888 2966 quae
1911 2927 2046 2958 scientia

268 2978 293 3008 O
321 2994 356 2998 —
380 2978 464 3008 iuris
488 2981 516 3007 et
541 2987 710 3016 auqurum
736 2979 758 3009 Ε
792 2996 826 3000 -
866 2979 917 3009 Ι19.
944 2987 1083 3009 romano
1108 2978 1236 3008 homine
1263 2980 1271 3009 l
1301 2997 1336 3001 —-
1366 2980 1397 3009 in
1420 2980 1584 3010 memoria
1610 2979 1632 3010 E
1660 2997 1696 3001 —
1729 2979 1783 3010 20.
1811 2981 1927 3009 extera
1954 2978 1978 3009 E
2008 2994 2038 3000 —

266 3028 318 3058 ica
341 3028 457 3065 cupide
477 3029 676 3066 perfruebar
702 3029 856 3067 (fruebar
881 3030 922 3064 R)
949 3033 1027 3059 tunc
1051 3029 1146 3066 quasi
1172 3029 1193 3059 B
1209 3029 1320 3060 Ellis
1349 3047 1382 3051 —
1416 3030 1470 3060 ¹21.
1498 3031 1530 3060 id
1556 3038 1619 3069 qno
1645 3028 1681 3060 pi
1709 3046 1738 3051 ——
1776 3029 1938 3058 neminem
1962 3026 2046 3057 unde

268 3078 423 3108 discerem
447 3078 458 3108 1
487 3095 519 3100 —
548 3078 588 3108 23
629 3087 767 3116 quorsus
792 3079 839 3110 C:
868 3087 1025 3117 quorsum
1051 3079 1074 3108 Ο
1105 3097 1137 3100 -
1163 3080 1307 3117 perfer-to
1335 3079 1369 3111 Ι)ι
1389 3097 1423 3100 -
1452 3080 1504 3109 ⁶25.
1524 3079 1728 3117 naualesque
1752 3079 1777 3110 E
1798 3095 1833 3100 -
1862 3077 1914 3108 ⁵27.
1935 3075 2044 3117 etiam]

270 3129 355 3158 enim
374 3127 418 3157 ΕΙ
437 3144 471 3148 -
499 3132 598 3165 atque
618 3128 639 3158 Β
653 3129 659 3157 Ι
673 3130 693 3160 Ρ
708 3129 777 3158 RS:
805 3132 834 3159 ct
851 3130 888 3165 Ο,
916 3136 985 3159 om.
1006 3128 1028 3159 E
1049 3146 1082 3149 —
1104 3129 1266 3168 eliganter
1285 3131 1305 3160 P
1328 3146 1360 3151 —
1390 3130 1441 3161 28.
1462 3132 1655 3170 octoyesimo
1673 3138 1760 3160 anno
1777 3131 1806 3159 et
1823 3136 1888 3158 uno
1904 3126 2046 3158 scribens

270 3181 420 3208 mortuus
444 3180 488 3207 cst
513 3178 523 3208 1
552 3194 586 3199 ——
614 3177 667 3208 ΞΘ.
686 3179 825 3209 socratis
844 3179 866 3209 C
897 3196 930 3200 —
955 3179 1197 3217 panathenicus
1223 3180 1298 3216 13ss,
1323 3180 1560 3218 panathaticus
1583 3180 1616 3216 S,
1641 3177 1925 3218 panathanaticus
1941 3175 1987 3206 Bl
2009 3191 2042 3196 -

273 3226 326 3258 30.
353 3229 474 3266 quarto
497 3230 527 3257 et
550 3236 672 3267 nonay.
701 3228 807 3266 E(?,O
835 3245 868 3250 -
896 3237 929 3259 se
953 3230 992 3260 P:
1020 3237 1089 3260 om.
1117 3229 1263 3260 BEIRS
1290 3247 1326 3252 —
1353 3230 1475 3260 dicitur
1499 3230 1536 3268 C,
1563 3228 1628 3261 sed
1653 3229 1685 3259 in
1711 3229 1734 3259 P
1758 3237 1801 3259 ur
1825 3234 1924 3258 erasa
1949 3225 2046 3267 (scri-

270 3277 374 3318 psisse
397 3277 520 3310 dicitur
542 3286 630 3309 anno
655 3276 694 3317 Ε)
723 3293 758 3300 —
788 3277 840 3310 32.
868 3287 972 3309 armos
995 3278 1169 3319 compleuit
1192 3279 1231 3310 R.
