2249 3624
2 2963 13 3419 ,μμ-..Π-

8 3424 18 3624 -———-————-

759 516 814 574 M.
853 516 1041 574 'isitii
1080 515 1384 576 CICERONIS

347 666 1050 726 TUSCULANARUM
1092 668 1795 726 DiSPUTATmNUM

867 823 938 862 AD
969 822 1022 863 M.
1054 822 1272 862 BRUTUM

775 961 981 1008 LIBER
1011 961 1355 1024 QUAmus.

311 1273 342 1312 Ι.
382 1270 419 1312 fl.
467 1272 569 1312 Cum
610 1273 750 1313 multis
792 1273 894 1313 locis
938 1279 1175 1313 nostrorum
1220 1273 1436 1313 hominum
1477 1272 1647 1325 ingenia
1685 1273 1958 1327 virtutesque,

183 1337 327 1383 Brute,
370 1335 483 1376 soleo
530 1336 694 1383 mirari,
742 1342 827 1376 tum
870 1338 1050 1376 maxime
1090 1337 1131 1376 in
1174 1336 1224 1376 iis
1266 1335 1434 1383 studiis,
1467 1349 1573 1388 quae
1606 1348 1699 1375 sero
1731 1335 1959 1375 admodum

186 1399 374 1451 expetita
411 1398 454 1437 in
494 1397 602 1438 hanc
644 1399 852 1438 civitatem
885 1412 906 1438 e
938 1399 1110 1438 Graecia
1142 1398 1456 1438 transtulerunt.
1510 1399 1611 1437 Nam
1645 1412 1737 1438 cum
1771 1411 1794 1438 a
1823 1399 1958 1451 primo

185 1461 299 1501 urbis
333 1467 425 1500 ortu
458 1461 583 1513 regiis
616 1461 833 1508 institutis,
871 1462 1021 1514 partim
1056 1461 1178 1500 etiam
1211 1461 1394 1513 legibus,
1427 1460 1636 1513 auspicia,
1669 1460 1961 1507 caerimoniae,

185 1523 367 1570 comitia,
400 1524 734 1577 provocationes,
767 1529 931 1576 patrum
956 1524 1190 1571 consilium,
1220 1524 1408 1576 equitum
1431 1524 1706 1577 peditumque
1728 1523 1993 1575 discriptio,5

186 1591 274 1625 tota
305 1600 370 1625 res
403 1586 594 1625 militaris
636 1586 834 1625 divinitus
877 1592 987 1625 esset
1025 1588 1271 1633 constituta,
1311 1591 1396 1625 tum
1433 1586 1670 1638 progressio
1702 1585 1962 1626 admirabilis

186 1648 531 1702 incredibilisque
563 1662 709 1688 cursus
741 1648 793 1688 ad
827 1662 992 1688 omnem
1026 1649 1318 1688 excellentiam
1350 1648 1482 1688 sactus
1516 1654 1579 1688 est
1601 1648 1815 1688 dominatu
1847 1648 1962 1699 regio

187 1724 231 1750 re
263 1709 430 1764 publica
462 1711 649 1750 liberata.
699 1713 781 1750 Nec
813 1724 910 1750 vero
943 1711 1011 1750 hic
1043 1711 1158 1750 locus
1191 1718 1270 1758 est,
1302 1717 1347 1751 ut
1379 1711 1429 1751 de
1458 1711 1643 1751 moribus
1674 1711 1963 1763 institutisque

184 1774 392 1813 maiorum
424 1779 464 1813 et
497 1773 717 1826 disciplina
747 1786 793 1812 ac
816 1774 1118 1826 temperatione
1142 1773 1323 1813 civitatis
1346 1774 1588 1827 loquamur:
1622 1773 1714 1813 aliis
1737 1774 1837 1812 baec
1858 1772 1963 1812 locis

185 1836 287 1876 satis
320 1841 512 1876 accurate
544 1849 566 1875 a
598 1836 719 1875 nobis
752 1835 860 1875 dicta
892 1843 986 1876 sunt
1017 1836 1286 1890 maximeque
1318 1836 1359 1875 in
1396 1837 1447 1875 iis
1480 1849 1554 1875 sex
1596 1836 1731 1883 libris,
1773 1849 1880 1889 quos
1913 1835 1964 1874 de
1980 1838 2015 1867 ⁴0

185 1912 229 1938 re
263 1898 432 1952 publica
464 1899 719 1951 scripsimus.
784 1896 820 1937 ἓ.
853 1899 941 1938 Hoc
973 1906 1111 1939 autem
1148 1899 1242 1938 loco
1275 1898 1558 1938 consideranti
1590 1899 1691 1938 mihi
1723 1898 1861 1939 studia
1891 1897 1966 1937 do-

187 1962 344 2001 ctrinae
376 1961 508 2000 multa
539 1974 638 2001 sane
671 1967 897 2001 occurrunt
927 1976 1000 2001 cur
1031 1976 1077 2001 ea
1111 1975 1282 2015 quoque
1314 1962 1513 2001 arcessita
1544 1961 1713 2001 aliunde
1739 1974 1877 2014 neque
1900 1974 1966 2000 so-

186 2023 272 2063 lum
313 2023 520 2076 expetita,
563 2023 635 2062 sed
674 2024 797 2063 etiam
839 2029 1086 2064 conservata
1119 2030 1158 2063 et
1190 2024 1300 2063 culta
1331 2024 1562 2064 videantur.
1607 2025 1708 2064 Erat
1739 2024 1849 2064 enim
1881 2023 1966 2063 illis

186 2099 321 2139 paene
353 2086 397 2124 in
428 2091 657 2139 conspectu
690 2087 917 2139 praestanti
949 2087 1156 2140 sapientia
1179 2092 1217 2126 et
1243 2086 1459 2126 nobilitate
1482 2086 1763 2139 Pythagoras,
1796 2086 1867 2139 qui
1888 2084 1967 2124 su‘it

184 2148 228 2187 in
261 2148 379 2187 Italia
410 2148 671 2200 temporibus
703 2147 856 2196 isdem,
890 2149 1042 2202 quibus
1074 2150 1118 2188 L.
1150 2150 1302 2189 Brutus
1334 2149 1509 2201 patriam
1540 2146 1750 2195 liberavit,
1782 2148 2016 2202 praecia-¹5

184 2224 255 2250 rus
286 2216 431 2250 auctor
462 2210 692 2250 nobilitatis
718 2215 826 2250 tuae.
874 2211 1135 2264 Pythagorae
1158 2217 1298 2251 autem
1322 2211 1513 2250 doctrina
1535 2225 1629 2250 cum
1651 2211 1777 2263 longe
1800 2211 1966 2264 lateque

184 2274 352 2320 flueret,
394 2273 705 2325 permanavisse
749 2273 852 2312 mihi
884 2273 1051 2313 videtur
1089 2274 1130 2313 in
1165 2273 1272 2313 hanc
1305 2273 1539 2321 civitatem,
1581 2274 1710 2327 idque
1743 2287 1835 2314 cum
1868 2287 1967 2314 con-

185 2336 343 2376 iectura
383 2332 602 2388 probabile
646 2342 727 2383 est,
769 2342 854 2376 tum
897 2336 1149 2389 quibusdam
1191 2336 1314 2375 etiam
1347 2336 1537 2389 vestigiis
1577 2336 1798 2375 indicatur.
1862 2335 1966 2390 Quis

187 2399 296 2438 enim
327 2403 391 2438 est
421 2398 494 2451 qui
535 2404 673 2451 putet,
716 2412 809 2438 cum
841 2400 1007 2439 floreret
1037 2398 1079 2437 in
1109 2398 1229 2438 Italia
1260 2398 1432 2437 Graecia
1462 2398 1778 2452 potentissumis
1811 2404 1850 2438 et
1881 2412 1967 2438 ma-

186 2462 311 2502 ximis
345 2460 536 2507 urbibus,
570 2473 618 2500 ea
650 2473 757 2513 quae
790 2473 940 2513 magna
973 2460 1084 2499 dicta
1117 2466 1202 2507 est,
1233 2461 1275 2500 in
1305 2461 1441 2513 iisque
1463 2460 1643 2513 primum
1664 2460 1794 2514 ipsius
1816 2461 1966 2515 Pytha·
1981 2464 2016 2493 ΞΟ

187 2537 335 2577 gorae,
381 2523 533 2563 deinde
573 2529 719 2576 postea
762 2523 1120 2576 Pythagoreorum
1161 2528 1323 2562 tantum
1363 2535 1517 2562 nomen
1554 2529 1684 2570 esset,
1728 2530 1967 2564 nostrorum

187 2584 403 2626 hominum
441 2584 493 2624 ad
537 2598 683 2624 eorum
724 2585 983 2625 doctissimas
1020 2597 1145 2624 voces
1188 2598 1308 2624 aures
1350 2584 1509 2624 clausas
1546 2585 1714 2624 fuisse?
1777 2583 1816 2625 3.
1854 2585 1967 2634 Quin

188 2649 313 2689 etiam
345 2647 525 2688 arbitror
554 2652 727 2700 propter
758 2647 1119 2702 Pythagoreorum
1151 2646 1470 2687 admirationem
1503 2648 1678 2687 Numam
1706 2661 1876 2701 quoque
1904 2661 1968 2688 re-

188 2724 280 2764 gem
317 2710 625 2764 Pythagoreum
669 2724 692 2749 a
728 2710 1034 2763 posterioribus
1074 2709 1373 2749 existimatum.
1434 2710 1536 2748 Nam
1576 2723 1669 2748 cum
1706 2710 1966 2764 Pythagorae

189 2772 453 2826 disciplinam
486 2777 527 2811 et
556 2772 749 2812 instituta
780 2777 1083 2825 cognoscerent
1112 2772 1310 2826 regisque
1343 2772 1432 2811 eius
1456 2772 1708 2824 aequitatem
1730 2777 1771 2812 et
1801 2773 1967 2826 sapien·
1982 2776 2018 2805 25

189 2834 290 2874 tiam
320 2847 344 2875 a
374 2833 600 2873 maioribus
633 2834 720 2873 sujs
752 2834 1037 2887 accepissent,
1074 2839 1231 2874 aetates
1263 2840 1404 2874 autem
1435 2839 1476 2874 et
1507 2839 1698 2886 tempora
1727 2835 1969 2887 ignorarent

276 2995 312 3018 n.
338 2994 446 3018 Τσιιιι
477 2994 649 3019 crcmosis
680 2996 934 3020 TUSCULANARU!
965 2997 1060 3020 nem
1089 2996 1234 3027 QUARTUS
1264 2996 1390 3020 1xc11>1r
1422 2987 1505 3025 GB3
1541 2987 1576 3018 in
1609 2988 1635 3019 R
1660 2989 1817 3029 quinque
1841 2997 1967 3021 versus

190 3037 291 3067 vacui
325 3035 436 3067 relicti
472 3039 553 3068 sunt
587 3037 631 3068 ad
660 3037 799 3069 titulum
832 3040 866 3069 et
898 3039 1032 3070 initium
1065 3037 1142 3070 libri
1167 3037 1452 3079 exprimendum,
1491 3037 1589 3069 cuius
1615 3037 1744 3070 desunt
1768 3039 1832 3070 tria
1857 3038 1967 3071 verba

189 3086 301 3127 prima
325 3094 400 3117 cum
422 3086 534 3117 multis
557 3086 646 3117 locis.
676 3105 711 3109 —
736 3087 767 3118 Ξ.
794 3087 827 3118 in
851 3087 899 3117 his
924 3088 948 3118 C
964 3088 988 3118 O
1016 3104 1051 3109 —
1085 3087 1117 3119 4.
1142 3089 1242 3128 reyiis
1266 3096 1356 3119 corr.
1385 3095 1426 3118 ex
1452 3087 1598 3127 9ra09iis
1622 3088 1648 3119 R
1674 3105 1709 3110 —
1741 3090 1772 3120 5.
1799 3089 1968 3129 discriptio

191 3136 273 3166 GR:
301 3135 474 3174 descriptio
499 3135 536 3166 Ο.
565 3134 615 3166 Cf.
642 3136 694 3166 Fr.
720 3135 916 3167 Buecheler
941 3137 1028 3168 Mus.
1054 3137 1164 3168 Rhen.
1191 3138 1229 3168 N.
1257 3137 1289 3167 S.
1316 3137 1390 3168 xiii
1414 3146 1448 3177 p.
1475 3136 1537 3168 600
1561 3145 1640 3178 sqq.
1663 3156 1698 3161 —
1726 3139 1756 3170 6.
1783 3147 1849 3171 esse
1873 3147 1964 3171 corr.

190 3183 225 3214 in
255 3188 332 3216 esset
362 3185 388 3216 R
421 3201 456 3205 —-
494 3188 570 3215 tunc
601 3185 624 3215 B
659 3202 693 3206 —
732 3185 762 3217 8.
788 3193 840 3216 res
868 3194 901 3224 p.
929 3185 953 3217 C
982 3203 1018 3207 —
1056 3186 1108 3217 40.
1135 3186 1168 3216 in
1192 3186 1240 3217 his
1265 3187 1288 3218 C
1326 3203 1360 3208 —
1395 3186 1447 3216 42.
1473 3194 1577 3218 sanae
1607 3184 1685 3218 GR¹
1718 3205 1753 3210 —
1787 3188 1839 3220 44.
1863 3195 1968 3228 paene

191 3240 282 3264 corr.
300 3234 333 3264 in
355 3242 437 3273 pene
459 3234 486 3265 R
512 3251 547 3256 —
574 3235 755 3274 sapientiae
778 3234 949 3266 nobilitate
971 3235 1175 3276 Madvigius.
1199 3253 1233 3257 —-
1262 3234 1313 3266 49.
1340 3236 1494 3275 yraeciae
1519 3235 1543 3267 C
1562 3252 1598 3258 —
1625 3236 1679 3268 ΞΟ.
1705 3237 1818 3279 hisque
1843 3237 1867 3269 C
1883 3238 1908 3270 O
1929 3253 1964 3260 ——

190 3281 244 3313 2⁴.
267 3284 552 3324 pytayoraeorum
576 3284 603 3315 G
627 3299 663 3306 -
690 3283 743 3316 25.
769 3288 799 3316 et
822 3285 998 3317 constituta
1023 3286 1047 3318 C
1076 3301 1110 3309 —-
1136 3285 1189 3318 26.
1216 3287 1308 3317 aetas
1331 3285 1389 3318 w.
