2249 3624
511 185 598 224 Lm.
630 185 659 223 1.
701 184 794 223 cst.
827 184 1191 222 xxm-xxiv.
1227 181 1285 234 §§
1318 180 1508 221 40-50.
1810 181 1889 222 497

132 291 181 332 ad
214 290 563 344 septuagesimum
597 289 804 341 pervenit,
844 302 935 326 cum
969 288 1242 340 quadranginta
1276 295 1395 326 natus
1428 301 1561 326 annos
1594 300 1765 337 regnare
1798 301 1890 326 coe-

134 355 275 406 pisset.
327 350 392 391 47.
425 352 495 390 Est
528 351 715 402 profecto
747 350 944 403 quiddam
975 351 1096 388 etiam
1122 351 1159 388 in
1186 351 1369 388 barbaris
1391 350 1580 400 gentibus
1604 351 1890 402 praesentiens

130 421 254 467 atque
287 414 496 459 divinans,
538 414 570 452 si
603 414 772 466 quidem
805 413 854 452 ad
889 419 1060 451 mortem
1096 412 1361 463 proticisci-ns
1395 413 1587 451 Callanus
1621 413 1765 457 ludus,
1798 428 1888 452 rum

131 476 392 516 inscenderet
423 476 463 514 in
489 489 632 527 rogum
658 476 886 518 ardentem,
922 477 979 510 «tl
1004 474 1260 526 praeclarum
1285 475 1539 513 discessum»
1565 475 1699 527 inquit
1725 489 1770 513 «e
1795 476 1889 522 vita,

129 552 242 584 cum,
275 544 319 577 ut
351 538 516 578 Herculi
549 539 741 589 contigit,
775 537 935 575 mortali
968 550 1141 588 corpore
1173 544 1352 575 cremato
1385 538 1425 575 in
1458 537 1590 575 lucem
1624 538 1786 576 animus
1819 546 1920 576 eir-5

130 600 356 640 cesseritl»
405 600 592 650 Cumque
636 600 870 638 Alexander
912 613 1004 637 eum
1039 605 1220 648 rogaret,
1263 599 1294 636 si
1330 599 1428 651 quid
1465 599 1606 644 vellet,
1647 606 1689 637 ut
1721 600 1889 646 diceret,

131 662 348 715 «Optime»
382 662 542 714 inquit:
579 661 819 713 propediem
853 667 890 699 te
923 661 1111 700 videbo.»
1163 661 1283 707 Quod
1318 661 1371 699 ita
1404 662 1599 711 contigit:
1634 674 1725 699 nam
1759 662 1891 715 Baby-

130 723 223 762 lone
264 724 403 776 paucis
444 729 535 775 post
576 722 724 762 diebus
763 722 1000 761 Alexander
1039 728 1099 761 est
1143 728 1342 763 mortuus.
1405 723 1582 761 Discedo
1616 737 1836 775 parumper
1867 738 1890 763 a

128 786 319 831 somniis,
360 784 409 824 ad
450 798 557 838 quae
597 798 692 823 mox
735 790 930 822 revertar.
985 785 1077 831 Qua
1115 790 1231 822 nocte
1269 784 1466 835 templum
1500 784 1704 836 Ephesiae
1737 785 1889 824 Dianae

128 847 388 899 deflagravit,
421 847 564 885 eadem
598 852 761 886 constat
792 860 842 884 ex
867 845 1114 900 Olympiade
1148 852 1287 884 natum
1320 858 1410 884 esse
1434 846 1716 885 Alexandrum
1749 853 1889 900 atque,
1904 857 1940 886 ⁴0

128 910 197 949 ubi
230 910 366 950 lucere
399 911 626 962 coepisset,
665 909 898 948 clamitasse
931 922 1073 959 magos
1110 914 1268 960 pestem
1300 921 1347 946 ac
1387 909 1610 960 perniciem
1643 910 1764 948 Asiae
1798 923 1890 962 pro-

128 985 252 1011 xuma
284 978 405 1011 nocte
439 978 588 1010 natam.
632 971 743 1010 Haec
774 970 823 1008 de
856 970 969 1009 ludis
1002 976 1041 1008 et
1074 971 1214 1021 magis.

239 1035 388 1073 xxiv,
420 1030 485 1072 48.
518 1033 750 1072 Redeamus
781 1032 831 1072 ad
864 1034 1035 1072 somnia.
1081 1032 1355 1071 Hannibalem
1390 1032 1555 1072 Caelius
1587 1034 1754 1081 scribit,
1795 1049 1889 1074 cum

127 1098 360 1137 columnam
392 1109 578 1141 auream,
623 1108 731 1148 quae
763 1101 873 1134 esset
905 1096 944 1134 in
978 1095 1073 1134 fano
1113 1095 1285 1134 lunonis
1318 1095 1531 1140 Laciniae,
1574 1095 1734 1134 auferre
1767 1097 1891 1137 vellet

126 1160 436 1211 dubitaretque‚
470 1165 609 1197 utrum
642 1171 690 1197 ea
721 1158 850 1197 solida
883 1164 992 1197 esset
1023 1171 1074 1197 an
1103 1157 1363 1196 extrinsecus
1395 1157 1600 1203 inaurata,
1634 1159 1939 1210 perterebra-ifi

126 1223 255 1268 visse,
287 1234 466 1273 cumque
498 1220 672 1259 solidam
706 1220 933 1259 invenisset
963 1221 1158 1260 statuisse
1188 1219 1358 1265 tollere3
1394 1220 1431 1258 ei
1455 1219 1682 1259 secundum
1707 1222 1888 1273 quietem

126 1285 255 1324 visam
288 1296 378 1322 esse
412 1283 611 1322 Iunonem
644 1281 883 1335 praedicere
916 1297 966 1321 ne
999 1282 1041 1322 id
1074 1282 1227 1321 faceret
1259 1282 1510 1334 minarique,
1553 1283 1586 1321 si
1617 1283 1803 1329 fecisset,
1846 1296 1889 1323 se

126 1353 360 1387 curaturam
393 1351 437 1384 ut
468 1358 560 1384 eum
592 1358 760 1399 quoque
793 1345 980 1391 oculum,
1022 1358 1104 1398 quo
1136 1344 1242 1383 bene
1274 1344 1456 1391 videret,
1497 1346 1722 1392 amitteret,
1765 1346 1889 1399 idque

127 1408 177 1446 ab
208 1408 375 1447 homine
406 1413 530 1446 acuto
562 1419 646 1445 non
678 1420 769 1445 esse
800 1406 1049 1458 neglectum.
1094 1407 1238 1460 ltaque
1270 1421 1322 1447 ex
1354 1420 1403 1446 eo
1429 1420 1550 1454 auro,
1583 1407 1696 1460 quod
1729 1414 1890 1448 extere-

127 1470 286 1508 bratum
318 1475 450 1515 esset,
483 1469 675 1508 buculam
709 1483 876 1508 curasse
900 1469 1132 1508 faciendam
1156 1476 1196 1509 et
1217 1483 1307 1509 eam
1329 1470 1370 1509 in
1395 1483 1555 1509 summa
1577 1470 1769 1510 columna
1793 1484 1890 1510 con·
1903 1478 1940 1508 20

126 1532 343 1572 locavisse.
396 1528 463 1569 49.
496 1531 584 1570 Hoc
616 1531 713 1571 item
742 1532 784 1570 in
808 1531 950 1577 Sileni,
985 1545 1108 1584 quem
1133 1532 1296 1572 Caelius
1318 1533 1520 1586 sequitur,
1544 1532 1699 1572 Graeca
1719 1532 1890 1572 historia

125 1600 208 1640 est3
240 1593 274 1633 is
306 1599 443 1634 autem
477 1594 808 1646 diligentissume
842 1608 906 1634 res
938 1594 1182 1634 Hannibalis
1215 1601 1460 1647 persecutus
1486 1600 1566 1634 est:
1599 1595 1889 1642 Hannibalem,

125 1669 218 1696 cum
251 1657 429 1709 cepisset
460 1657 711 1708 Saguntum,
743 1657 876 1696 visum
908 1670 1000 1696 esse
1033 1657 1074 1695 in
1106 1657 1263 1696 somnis
1294 1670 1317 1696 a
1350 1658 1447 1697 Iove
1479 1658 1521 1696 in
1544 1656 1719 1696 deorum
1751 1658 1891 1697 conci-

125 1718 226 1757 lium
259 1719 425 1757 vocari:
457 1731 541 1771 quo
573 1732 666 1758 cum
697 1719 899 1765 venisset,
933 1719 1071 1758 Iovem
1104 1719 1372 1772 imperavisse
1404 1725 1449 1758 ut
1479 1719 1621 1759 Italiae
1648 1719 1804 1758 bellum
1827 1720 1890 1759 in-

124 1780 251 1820 ferret
292 1781 526 1834 ducemque
563 1781 601 1821 ei
647 1795 774 1821 unum
816 1794 837 1820 e
878 1780 1056 1820 cOncilio
1096 1781 1258 1828 datum,
1304 1796 1388 1834 quo
1427 1781 1546 1821 illum
1577 1786 1762 1821 utentem
1795 1790 1938 1821 cum25

126 1843 312 1883 exercitu
345 1843 539 1895 progredi
571 1845 778 1897 coepisse:
810 1850 896 1883 tum
919 1844 954 1882 ei
977 1843 1124 1883 ducem
1148 1844 1264 1883 illum
1286 1844 1552 1896 praecepisse
1575 1856 1626 1882 ne
1650 1844 1889 1896 respiceret,

124 1904 242 1943 illum
274 1911 411 1944 autem
453 1905 494 1944 id
529 1905 685 1945 diutius
717 1906 851 1945 faeere
883 1919 968 1945 non
999 1907 1185 1959 potuisse
1217 1905 1456 1958 elatumque
1487 1903 1717 1958 cupiditate
1749 1919 1890 1958 respe-

123 1967 258 2006 xisse:
291 1972 376 2006 tum
408 1968 538 2007 visam
568 1968 735 2008 heluam
759 1974 914 2008 vastam
938 1974 979 2008 et
1006 1970 1228 2008 immanem
1251 1968 1602 2020 circumplicatam
1625 1968 1888 2020 serpentibus

124 2041 387 2082 quacumque
419 2030 632 2070 incederet
664 2030 803 2069 omnia
834 2031 1018 2078 arbusta,
1051 2031 1249 2083 virgulta,
1291 2036 1400 2070 tecta
1432 2036 1689 2084 pervertere,
1721 2036 1761 2069 et
1793 2043 1888 2069 eum

124 2090 373 2131 admiratum
416 2093 631 2145 quaesisse
671 2093 721 2132 de
760 2092 857 2140 deo,
899 2093 1111 2147 quodnam
1153 2092 1255 2131 illud
1287 2097 1397 2132 esset
1435 2092 1517 2131 tale
1548 2098 1806 2131 monstrum:
1848 2097 1937 2131 etse

124 2153 247 2192 deum
279 2154 547 2207 respondisse
580 2156 821 2195 Vastitatem
853 2168 943 2195 esse
975 2156 1118 2195 Italiae
1144 2155 1491 2208 praecepisseque
1514 2159 1559 2193 ut
1579 2159 1771 2206 pergeret
1792 2167 1889 2206 pro-

124 2216 257 2263 tinus;
289 2216 388 2269 quid
413 2224 523 2257 retro
549 2224 676 2271 atque
698 2231 721 2258 a
743 2224 859 2271 tergo
883 2217 999 2258 fieret
1030 2232 1081 2257 ne
1104 2217 1322 2257 laboraret.
1381 2215 1448 2257 50.
1476 2216 1597 2270 Apud
1618 2216 1887 2269 Agathoclem

211 2402 240 2432 4.
271 2402 515 2443 quadrinyenta
538 2404 562 2434 B
599 2420 633 2425 —
671 2405 701 2435 Ξ.
728 2404 786 2435 Est
809 2407 917 2435 autem
942 2404 1098 2443 quiddam
1123 2403 1150 2434 H
1185 2421 1220 2425 —
1260 2402 1290 2434 3.
1317 2402 1466 2434 callarius
1491 2402 1539 2434 C:
1574 2402 1718 2433 Calanus
1741 2402 1779 2433 O.
1828 2400 1886 2433 Illa

125 2450 235 2483 forma
259 2453 390 2492 origine
416 2454 512 2484 vocis
539 2453 755 2486 defenditur:
784 2455 901 2485 Latina
927 2455 1020 2485 enim
1046 2452 1237 2493 respondet
1263 2453 1487 2483 sanseriticae
1505 2452 1657 2490 kaljanas
1673 2452 1889 2491 :formosus

129 2518 161 2523 —-
188 2500 218 2532 4.
242 2502 443 2534 inscenderet
458 2505 484 2534 A
495 2503 539 2533 V:
566 2504 729 2534 scenderet
754 2502 802 2541 13¹,
829 2504 1016 2534 ascenderet
1039 2501 1088 2539 B'2,
1115 2504 1340 2534 conscenderet
1366 2504 1390 2534 H
1421 2521 1454 2525 —
1483 2503 1588 2542 inquit
1611 2504 1784 2534 discessum
1804 2504 1827 2534 B
1845 2520 1888 2526 —

124 2550 238 2590 inquid
260 2551 332 2582 uita
356 2550 393 2582 13¹
419 2569 453 2573 —
481 2561 497 2583 e
520 2552 592 2583 uita
617 2560 687 2583 om.
707 2554 733 2583 Α
759 2553 792 2583 in
818 2556 976 2584 extremo
1001 2561 1106 2584 versu
1134 2571 1163 2575 —
1202 2554 1233 2585 5.
1260 2552 1307 2593 ul]
1332 2556 1361 2584 et
1378 2553 1422 2590 H,
1449 2553 1483 2583 in
1499 2555 1524 2583 A
1549 2570 1591 2574 —
1616 2553 1645 2583 7.
1672 2553 1830 2592 contingit
1850 2553 1888 2583 Β1

126 2615 160 2620 ·—
187 2598 346 2632 habitione
369 2601 413 2639 B,
439 2601 587 2633 babilone
611 2603 638 2633 H
666 2621 701 2624 —
733 2603 764 2634 8.
787 2606 860 2642 post
884 2603 993 2634 diebus
1013 2604 1129 2642 paucis
1153 2603 1180 2634 H
1210 2621 1243 2625 —
1276 2603 1342 2633 dies
1367 2605 1411 2633 est
1435 2602 1618 2633 alexander
1642 2602 1665 2633 B
1694 2620 1727 2624 —
1762 2603 1888 2633 discedo

122 2658 305 2690 parumper
327 2659 348 2681 a
371 2653 505 2683 somniis
528 2652 670 2685 Frenzel
695 2652 715 2683 l.
733 2662 762 2683 c.
784 2662 815 2694 p.
832 2653 873 2684 ⁴9
897 2655 955 2684 aut
974 2652 1132 2684 eicienda
1150 2656 1209 2684 aut
1226 2652 1342 2684 serbis
1367 2656 1414 2684 est
1433 2652 1579 2691 profecto
1604 2651 1760 2691 quiddam
1784 2660 1889 2692 prae-

125 2700 285 2740 ponenda
311 2702 456 2733 censuit.
485 2719 519 2724 -
554 2702 584 2733 9.
610 2703 731 2733 somnis
754 2702 781 2733 H
818 2720 849 2723 —
889 2703 933 2733 ad
957 2701 1051 2742 quae]
1077 2706 1175 2740 atque
1198 2702 1296 2734 ABV
1337 2719 1371 2722 —
1410 2702 1460 2732 41.
1487 2701 1530 2731 ibi
1553 2700 1639 2732 ΑῑΒι
1668 2718 1700 2722 -
1735 2702 1890 2740 caepisset

126 2750 282 2782 clamasse
305 2752 332 2783 H
370 2769 402 2774 -
438 2752 489 2783 42.
516 2752 595 2784 haec
619 2761 695 2793 sup.
723 2751 780 2783 lin.
808 2752 831 2782 B
865 2768 899 2773 —
935 2752 1072 2782 deindiis
1095 2752 1118 2782 B
1155 2769 1190 2774 -—
1224 2751 1276 2782 43.
1302 2750 1494 2782 Annibalem
1518 2750 1580 2780 ΒΟ
1609 2768 1641 2771 -
1669 2750 1788 2781 coelius
1811 2753 1835 2781 Α
1847 2751 1886 2789 V,

127 2807 232 2839 quam
262 2801 473 2841 scripturam
504 2810 574 2834 uno
605 2811 781 2834 consensu
812 2801 915 2833 codd.
948 2801 1115 2833 exhibent
1147 2801 1186 2841 ,ξὲ
1205 2802 1245 2832 55
1271 2803 1304 2831 et
1328 2801 1369 2831 56
1407 2817 1441 2821 —
1484 2799 1535 2831 44.
1569 2800 1726 2831 Laciniae
1755 2801 1889 2831 Marsus

129 2850 171 2887 (v,
189 2850 258 2880 Liv.
279 2850 398 2888 24‚3J:
425 2851 532 2883 lucine
555 2853 598 2890 Β,
625 2852 688 2884 sed
714 2862 753 2883 ne
777 2861 818 2883 ex
844 2861 955 2887 corr.,
983 2852 1090 2883 luciae
1114 2851 1215 2882 Allv
1242 2868 1277 2872 —
1306 2851 1357 2881 46.
1383 2850 1536 2881 statuisse
1558 2849 1675 2880 ABH:
1708 2849 1890 2880 statuisset-

127 2907 188 2936 (μισ
211 2899 238 2929 V
263 2908 304 2931 ex
329 2908 419 2932 corr.
447 2903 481 2932 et
505 2902 530 2932 O
558 2919 591 2924 —
620 2911 693 2933 eum
717 2901 756 2933 13ι
793 2919 827 2923 -
870 2901 921 2932 47.
949 2910 1098 2931 umonem
1123 2901 1149 2931 H
1179 2916 1212 2922 —
1239 2900 1438 2939 manarique
1461 2900 1512 2935 Αἱ,
1545 2899 1760 2937 minitat-ique
1783 2898 1885 2931 codd.

128 2946 212 2979 dett.
238 2949 263 2979 O
291 2966 324 2971 —
353 2950 403 2982 ⁴7.
431 2951 457 2981 si
480 2951 513 2981 id
535 2951 659 2990 fecisset
683 2951 767 2983 dett.
795 2952 896 2992 pauci
925 2967 959 2973 —
988 2951 1039 2982 48.
1065 2954 1264 2982 curaturum
1287 2953 1326 2987 A,
1354 2950 1416 2981 sed
1440 2958 1516 2979 rum
1540 2949 1572 2979 in
1597 2956 1665 2979 ras.
1695 2966 1728 2970 —
1755 2957 1827 2979 eam
1851 2949 1890 2980 Bl

131 3014 165 3021 —
191 2999 247 3037 qui
270 2998 351 3031 bono
369 3000 410 3030 Ψ
436 3018 471 3023 -
500 3001 551 3032 49.
578 3005 674 3032 acuto
699 3002 742 3032 C:
768 3005 865 3032 cauto
883 3000 1010 3033 Alanus
1038 3018 1072 3023 —
1101 3009 1163 3031 non
1188 3009 1257 3031 om.
1279 3000 1305 3030 H
1334 3016 1367 3021 --
1397 2998 1448 3028 49.
1475 3001 1503 3028 et
1528 2997 1726 3028 terebratum
1744 2998 1782 3035 Η,
1810 2998 1887 3028 lort-

129 3054 169 3076 ex
193 3048 426 3080 ecterebralum
451 3067 485 3072 -
513 3050 565 3082 ΞΟ.
592 3051 762 3082 columnae
787 3051 863 3088 HV,
889 3051 1037 3082 columne
1059 3052 1086 3081 A
1114 3067 1148 3072 -
1182 3051 1234 3080 ⁶24.
1262 3051 1337 3080 item
1362 3047 1569 3079 Lambinus:
1607 3047 1691 3077 idem
1717 3048 1740 3078 C
1756 3048 1800 3084 Ο,
1825 3046 1890 3078 sed

129 3094 203 3127 A¹H
229 3097 328 3129 isdem
355 3115 388 3120 —
415 3099 468 3131 ΞΛ.
488 3108 589 3140 quam
604 3103 628 3132 A
659 3118 692 3123 -
720 3101 771 3131 Ἥ.
799 3101 918 3132 coelius
942 3101 1007 3132 AV
1035 3119 1068 3123 —
1096 3100 1209 3140 yraeci
1228 3099 1253 3128 V
1280 3115 1315 3120 —
1342 3098 1394 3129 22.
1413 3097 1463 3127 his
1480 3097 1503 3128 B
1528 3114 1569 3119 —-
1592 3095 1763 3127 Annibalis
1780 3095 1889 3127 ΑἨΟ

131 3160 165 3166 -
183 3145 373 3178 Annibalem
390 3148 443 3179 AO
463 3166 498 3171 —
525 3150 576 3181 23.
595 3150 732 3181 concilio
750 3150 776 3180 H
798 3167 832 3171 —
859 3150 911 3182 24.
938 3151 1054 3189 inferet
1077 3151 1100 3181 B
1128 3167 1162 3171 —
1190 3150 1242 3179 25.
1261 3148 1287 3188 e]
1306 3150 1340 3179 in
1358 3148 1383 3178 H
1402 3164 1437 3169 —
1464 3147 1516 3177 26.
1543 3146 1686 3185 caepisse
1707 3153 1781 3175 cum
1805 3145 1832 3175 H
1853 3162 1888 3167 —

128 3194 297 3232 respiceret
322 3198 348 3227 A
373 3198 406 3228 in
432 3206 498 3230 ras.
528 3216 563 3222 —
591 3200 641 3230 27.
669 3203 777 3230 autem
802 3199 824 3229 B
851 3207 928 3240 sup.
953 3200 1009 3231 lin.
1039 3217 1070 3222 —
1101 3200 1133 3229 id
1159 3207 1227 3229 om.
1249 3198 1275 3228 11
1305 3215 1337 3219 —-
1366 3196 1418 3228 29.
1446 3200 1531 3227 tesca
1555 3194 1709 3227 malebat
1734 3193 1835 3225 Orelli
1852 3210 1887 3216 —

130 3240 180 3273 30.
206 3244 244 3275 de
266 3245 323 3276 deo
346 3246 370 3277 B
397 3252 489 3280 corr.
514 3257 554 3279 ex
580 3249 655 3279 deeo
684 3266 715 3271 —
743 3248 797 3280 31.
820 3250 1086 3288 praecepisseque
1110 3248 1188 3279 cod.
1215 3246 1359 3279 salisb:
1389 3246 1670 3286 praecepissetque
1695 3244 1718 3275 C
1751 3260 1781 3265 -—
1806 3252 1891 3283 pro-

129 3294 219 3323 tenus
241 3302 316 3326 exc.
343 3295 429 3327 Pith.
459 3314 494 3320 —
520 3296 573 3329 32.
599 3306 621 3329 a
645 3306 724 3339 sup.
749 3296 806 3329 lin.
832 3298 856 3329 B
884 3315 918 3320 —

183 3351 301 3384 Cimo
323 3354 357 3385 T.
372 3355 421 3386 Ν.
1546 3354 1599 3397 32
