2249 3624
900 225 1137 268 TIMAEUS.
1802 218 1901 263 4001

153 333 290 382 itaque
330 330 381 369 ab
423 331 528 368 omni
571 330 771 368 erratione
815 342 906 368 eum
943 329 1142 368 liberavit.
1199 329 1258 368 Ad
1299 330 1401 367 lianc
1431 330 1549 377 igitur
1583 329 1907 374 conversionem,

152 406 258 446 quae
285 394 462 445 pedibus
491 400 530 431 et
559 393 688 441 gradu
716 406 796 432 nou
825 400 986 443 egeret,
1017 392 1271 442 ingrediendi
1303 392 1484 431 membra
1514 405 1591 430 nou
1625 390 1750 428 ‹if-dit.

250 457 357 495 Haec
385 455 487 494 deus
514 456 568 503 is,
600 457 666 507 qui
697 461 797 501 erat,
827 454 878 493 de
908 455 1129 506 aliquando
1158 456 1288 494 futuro
1320 455 1396 492 (leo
1424 455 1604 504 cogitans
1634 453 1763 493 levem
1796 451 1906 490 illum

151 519 282 558 effecit
309 524 349 557 et
376 518 558 568 undique
587 517 844 568 aequabilem
875 524 914 555 et
943 532 962 556 a
991 517 1124 555 medio
1155 519 1203 556 ad
1235 530 1435 556 summum
1467 530 1603 568 parem
1627 523 1666 554 ct
1686 516 1906 566 perlectum

150 589 272 632 atque
313 580 546 619 absolutum
590 593 639 618 cx
678 579 876 618 absolutis
917 587 1040 630 atquc
1081 581 1284 630 perlectis.
1338 580 1524 618 Animum
1559 585 1693 617 autem
1724 578 1830 615 utin
1860 582 1940 614 005

150 642 285 682 medio
312 641 560 689 conlocavit,
590 643 641 681 ita
670 655 743 693 pcr
774 649 898 680 totum
929 643 1121 683 tetendit:
1154 642 1301 680 ‹lciutlc
1332 655 1423 680 cum
1452 641 1719 680 circumdedit
1738 651 1907 690 corpore

149 712 190 744 et
227 706 388 744 vestivit
429 706 685 744 extrinsecus
726 705 923 756 caeloque
964 705 1142 753 solivago
1181 711 1219 743 ct
1249 705 1411 743 volubili
1441 711 1480 743 et
1508 706 1543 742 in
1575 704 1714 742 orbem
1745 703 1907 740 incitato

149 767 374 819 conplexus
404 774 490 810 est.
523 768 632 818 quod
662 780 802 807 secum
832 769 965 819 ipsum
996 775 1162 819 propter
1191 769 1378 806 virtutem
1410 767 1523 805 lai-ile
1552 779 1644 804 esse
1675 771 1814 817 posset
1835 777 1909 802 nec

149 829 405 869 desideraret
447 829 637 877 alterum,
681 831 779 869 satis
819 830 894 868 sibi
936 831 1068 880 ipsum
1108 836 1244 868 notum
1283 836 1323 867 ct
1356 829 1563 867 familiare.
1619 829 1684 866 Sic
1713 827 1814 865 (leus
1844 826 1908 864 ille

151 898 344 931 aeternus
377 892 485 930 huno
522 893 701 943 perfecte
740 892 904 931 beatum
940 893 1060 930 deum
1091 893 1332 942 procreavit.
1389 891 1471 930 Sed
1500 892 1678 930 animum
1704 889 1813 929 haud
1840 889 1962 936 ita,⁴0

149 961 192 994 ut
219 953 339 993 modo
372 955 495 995 locuti
524 968 689 1004 sumus,
734 962 816 994 tum
846 955 1049 1006 denique,
1094 968 1184 993 cum
1213 967 1360 1006 corpus
1385 956 1418 992 ei
1449 955 1665 1002 efl‘cmsset,
1696 953 1909 991 inclioaxit.

147 1019 290 1068 Neque
337 1018 443 1056 enim
472 1024 583 1057 essct
609 1024 764 1057 rectum
793 1018 934 1056 minori
964 1030 1110 1069 parere
1140 1018 1345 1055 maiorem.
1403 1016 1485 1055 Sed
1514 1029 1587 1054 nos
1616 1015 1738 1054 multa
1767 1016 1910 1052 incon—

149 1081 330 1120 siderate
359 1094 406 1120 ac
435 1088 590 1120 temere
620 1081 804 1120 dicimus.
863 1082 938 1120 vll.
971 1082 1079 1119 Deus
1107 1087 1241 1120 autem
1273 1087 1312 1119 et
1340 1087 1429 1118 ortu
1459 1086 1498 1118 et
1525 1080 1670 1117 virtute
1706 1078 1910 1128 antiquio-

151 1156 236 1183 rem
279 1145 419 1194 genuit
463 1145 639 1184 animum
683 1157 860 1196 eumque
901 1151 945 1183 ut
981 1144 1187 1182 dominum
1228 1150 1349 1194 atque
1382 1144 1649 1194 imperantem
1678 1139 1911 1179 oboedienti

151 1206 349 1257 praefecit
389 1207 572 1258 corpori,
614 1206 739 1258 idque
781 1206 943 1245 molitus
978 1206 1043 1245 tali
1074 1205 1249 1257 quodam
1280 1212 1342 1244 est
1370 1204 1505 1243 modo.
1560 1205 1617 1242 Ex
1647 1216 1692 1241 ea
1726 1203 1962 1248 niateria,15

150 1280 256 1319 quae
297 1267 504 1308 individua
549 1275 612 1307 est
650 1276 689 1307 et
725 1281 830 1320 quae
861 1281 1025 1320 semper
1053 1270 1172 1307 unius
1202 1268 1307 1306 modi
1338 1268 1482 1318 suique
1511 1266 1666 1313 similis,
1697 1271 1736 1303 et
1763 1277 1811 1302 ex
1841 1276 1907 1312 ea,

150 1342 257 1381 quae
296 1331 336 1369 in
377 1331 618 1382 corporibus
660 1331 823 1371 dividua
858 1332 1055 1381 gignitur,
1096 1332 1257 1370 tertiur'n
1290 1331 1482 1368 materiae
1513 1340 1642 1379 genus
1670 1340 1719 1365 ex
1749 1326 1910 1365 duobus

147 1394 186 1431 in
215 1392 394 1432 medium
423 1395 662 1443 admiscuit,
695 1393 805 1446 quod
833 1400 945 1432 esset
973 1393 1156 1432 eiusdem
1186 1400 1354 1432 naturae
1380 1398 1420 1430 et
1438 1392 1548 1443 quod
1568 1390 1756 1436 alterius,
1785 1388 1908 1439 idque

147 1456 350 1494 interiecit
377 1457 482 1495 inter
508 1455 759 1495 individuum
791 1462 912 1508 atque
941 1455 1003 1505 id,
1035 1455 1144 1507 quod
1175 1455 1383 1494 dividuum
1415 1461 1524 1493 esset
1552 1454 1589 1491 in
1623 1464 1792 1504 corpore
1853 1452 1907 1490 Ea

148 1529 239 1556 cum
268 1518 342 1557 tria
371 1519 637 1569 sumpsisset,
670 1519 709 1557 in
739 1531 859 1557 unam
877 1519 1055 1569 speciem
1076 1519 1338 1569 temperavit,
1360 1523 1628 1566 naturamque
1648 1513 1769 1561 illam,
1787 1527 1907 1565 quam
1924 1525 1960 1554 ‘20

148 1578 314 1619 alterius
356 1579 560 1629 diximus,
591 1581 627 1618 vi
656 1593 747 1619 cum
776 1581 920 1619 eadem
951 1581 1183 1628 coniunxit,
1215 1580 1433 1629 lugientem
1462 1584 1501 1617 et
1528 1579 1614 1616 cius
1642 1576 1909 1628 copulationis

151 1641 344 1690 alienam,
386 1654 492 1693 quae
530 1644 784 1694 permiscens
819 1656 909 1681 cum
951 1644 1139 1690 materia,
1181 1655 1273 1681 cum
1303 1654 1353 1680 ex
1381 1641 1510 1680 tribus
1539 1640 1741 1679 elleeisset
1769 1653 1907 1685 uuum,

147 1704 187 1742 id
221 1704 356 1755 ipsum
391 1705 431 1742 in
460 1717 532 1754 ea,
576 1717 681 1756 quae
711 1704 871 1755 decuit,
914 1705 1095 1744 membra
1130 1706 1301 1756 partitus
1331 1710 1406 1742 est.
1460 1705 1540 1742 Iam
1570 1704 1695 1755 partis
1729 1702 1909 1753 singulas

151 1779 202 1804 ex
231 1766 376 1805 eodem
405 1773 444 1805 et
472 1779 520 1805 ex
550 1766 676 1805 altero
707 1774 746 1806 et
774 1780 823 1806 ex
845 1769 1012 1807 materia
1042 1768 1295 1818 temperavit.
1351 1767 1437 1805 Fuit
1459 1772 1592 1805 autem
1615 1765 1702 1805 talis
1725 1764 1789 1803 illa
1813 1777 1908 1816 par-

150 1829 257 1868 titio:
303 1841 423 1868 unam
462 1830 658 1881 principio
697 1836 855 1881 partem
895 1829 1072 1868 detraxit
1106 1842 1157 1868 ex
1193 1835 1302 1878 toto,
1338 1827 1561 1867 secundam
1591 1834 1724 1866 autem
1753 1828 1908 1878 primae
1923 1836 1959 1864 25

147 1892 276 1943 partis
305 1891 494 1942 duplam,
524 1891 672 1930 deinde
701 1893 886 1942 tertiam,
916 1905 1022 1944 quae
1051 1898 1163 1931 esset
1188 1891 1394 1930 secundae
1424 1890 1715 1941 sesquialtera,
1755 1890 1909 1940 primae

149 1954 297 2006 tripla,
327 1954 477 1994 deinde
506 1962 721 2006 quartam,
752 1968 858 2007 quae
887 1955 1095 1995 secundae
1124 1954 1248 2006 dupla
1279 1960 1407 1996 esset,
1439 1955 1621 2004 quintam
1650 1951 1764 2001 inde,
1803 1963 1908 2001 quae

150 2018 294 2056 tertiae
328 2016 468 2069 tripla,
510 2023 594 2056 tum
631 2024 788 2056 sextam
827 2018 1032 2069 octuplam
1069 2018 1250 2068 primae,
1294 2022 1501 2068 postremo
1531 2015 1771 2066 septimam,
1803 2025 1908 2064 quae

105 2122 112 2126 ,
148 2086 307 2131 septem
344 2087 384 2119 et
421 2081 561 2131 viginti
597 2081 784 2132 partibus
812 2080 1080 2120 antecederet
1108 2082 1277 2132 primae.
1335 2078 1490 2118 Deinde
1518 2079 1691 2116 instituit
1719 2076 1842 2128 dupla
1870 2082 1910 2114 et

145 2141 264 2193 tripla
291 2142 506 2182 intervalla
534 2143 725 2195 explere,
755 2146 882 2195 partis
912 2157 1055 2183 rursus
1084 2157 1134 2182 ex
1162 2149 1242 2182 toto
1272 2143 1490 2181 desecans:
1523 2153 1624 2192 quas
1652 2145 1688 2178 in
1714 2138 1908 2178 interval-
1922 2147 1958 2176 3ο

234 2350 264 2379 4.
290 2350 403 2390 itaque
426 2357 516 2381 corr.
544 2359 584 2382 ex
609 2351 657 2382 ita
679 2353 792 2391 ulique
815 2353 843 2382 V
871 2371 902 2375 —
931 2352 971 2384 ab
995 2352 1083 2382 omni
1106 2351 1272 2382 erratione
1304 2358 1378 2380 enm
1414 2349 1438 2380 E
1457 2350 1481 2378 G
1500 2348 1547 2377 V:
1585 2347 1628 2377 ab
1660 2355 1752 2377 omne
1783 2347 1911 2376 rationo

144 2407 218 2430 eum
241 2397 301 2433 A¹z
327 2399 369 2430 ab
393 2401 480 2431 omni
506 2401 634 2432 ratione
657 2410 730 2432 eum
755 2401 793 2433 Α2
809 2403 851 2438 Βς
878 2411 951 2433 eum
975 2402 1015 2432 ab
1040 2401 1126 2432 omni
1150 2401 1315 2431 erratione
1339 2400 1362 2429 Ο
1392 2416 1422 2419 —
1459 2398 1488 2429 3.
1515 2399 1543 2428 is
1567 2406 1655 2428 corr.
1683 2405 1723 2427 ex
1747 2395 1796 2425 his
1820 2397 1843 2425 A
1872 2411 1907 2417 —

143 2449 256 2488 futuro
280 2449 338 2479 deo
363 2448 430 2480 CE
449 2450 491 2480 G:
535 2451 592 2480 deo
615 2451 728 2487 futuro
752 2451 776 2481 O
813 2468 848 2473 —
886 2452 980 2482 illum
1009 2452 1031 2482 C
1052 2451 1075 2481 E
1096 2452 1139 2480 G:
1178 2458 1251 2480 eum
1283 2449 1307 2479 O
1347 2466 1379 2469 —
1423 2447 1452 2478 4.
1489 2448 1590 2486 effecit
1621 2446 1663 2477 E:
1703 2446 1799 2484 efficit
1833 2447 1855 2475 A
1886 2444 1908 2474 B

146 2501 174 2534 (⁶
198 2500 231 2529 ln
257 2507 324 2529 sas·
351 2500 407 2535 A),
434 2498 535 2538 effiyt't
559 2501 583 2530 G
603 2500 628 2527 V
655 2517 687 2522 —-
717 2501 748 2532 5.
774 2510 817 2532 ea:
841 2501 996 2532 absolutis
1019 2504 1118 2538 atque
1138 2499 1290 2538 perfectis
1313 2506 1381 2528 oin.
1411 2498 1451 2527 G:
1482 2506 1524 2527 ea:
1547 2496 1700 2526 absolutis
1724 2502 1793 2524 om.
1821 2493 1846 2521 V
1874 2511 1906 2515 -

146 2549 177 2579 7.
202 2551 233 2579 et
256 2549 335 2579 ante
359 2548 492 2578 volubili
516 2557 691 2589 superscr.
720 2549 827 2581 habet
851 2554 888 2587 A,
916 2559 987 2581 om.
1014 2551 1037 2581 B
1056 2552 1081 2581 G
1111 2567 1142 2571 —
1170 2551 1200 2580 8.
1225 2549 1324 2587 possit
1349 2550 1371 2577 A
1392 2547 1414 2577 Β
1434 2546 1457 2577 E
1477 2544 1514 2575 V¹
1533 2563 1566 2566 —
1605 2546 1652 2576 10.
1672 2544 1799 2575 beatum
1817 2545 1910 2573 deum

146 2602 170 2630 Α
191 2598 212 2628 Β
232 2598 274 2628 E:
308 2598 402 2629 deum
426 2597 555 2628 beatum
598 2599 643 2631 V:
681 2600 776 2630 deum
799 2601 928 2632 beatum
952 2602 1047 2631 deum
1079 2601 1104 2630 G
1132 2616 1174 2621 —
1209 2599 1256 2630 ¹2.
1287 2605 1408 2636 parere
1436 2604 1524 2626 corr.
1564 2604 1605 2626 e).
1639 2604 1766 2634 parare
1803 2595 1831 2623 V
1873 2612 1904 2616 —

147 2647 199 2679 44.
237 2647 415 2678 oboedienti
451 2650 473 2678 A
496 2648 535 2679 B:
573 2648 731 2680 obedienti
766 2650 896 2687 EVO,
934 2659 1004 2681 om.
1044 2651 1068 2679 G
1105 2665 1138 2671 -
1178 2649 1229 2679 45.
1263 2647 1420 2686 praefer-it
1455 2654 1534 2676 corr
1579 2654 1618 2675 ex
1649 2646 1797 2684 praeficit
1822 2646 1843 2676 Β
1877 2662 1905 2666 -

145 2697 277 2736 corpori
311 2705 381 2727 om.
420 2697 490 2726 GV
527 2713 562 2719 —
602 2699 745 2736 quodam
788 2708 878 2729 corr.
925 2709 965 2730 ex
1013 2699 1177 2738 quoddam
1218 2698 1243 2726 V
1284 2714 1325 2719 ——
1364 2695 1504 2726 materia
1539 2704 1630 2727 corr.
1670 2704 1708 2725 ex
1748 2694 1909 2725 matheria

146 2747 172 2775 V
209 2763 242 2768 —
285 2746 334 2777 16.
374 2749 404 2777 et
437 2755 480 2777 ea:
515 2747 582 2778 EG
603 2748 659 2779 V2:
696 2749 749 2779 sed
784 2758 826 2779 ea:
860 2751 884 2780 A
906 2750 928 2780 B
949 2749 986 2778 V¹
1025 2766 1059 2771 —
1102 2749 1149 2779 Π.
1186 2749 1220 2778 in
1255 2745 1444 2784 corporibus
1479 2744 1666 2775 Lambinus
1702 2746 1746 2782 (et
1774 2745 1839 2781 V³):
1867 2753 1909 2774 eti:

145 2795 336 2834 corporibus
361 2795 425 2826 CE
443 2797 480 2826 G.
508 2797 557 2828 tls.
586 2806 617 2829 ν.
646 2798 697 2829 49.
727 2815 761 2820 -
792 2799 843 2829 49.
870 2802 969 2838 alque
992 2801 1023 2830 in
1050 2799 1135 2838 quod
1159 2800 1185 2828 A
1204 2798 1227 2827 G
1247 2797 1271 2826 V
1299 2798 1343 2835 (in
1369 2795 1447 2825 cad.
1477 2803 1521 2824 m.
1550 2803 1638 2824 corr.
1668 2796 1698 2825 in
1725 2795 1757 2824 id
1791 2797 1831 2828 A>
1868 2811 1901 2815 —

144 2847 197 2878 ⁴20.
235 2846 323 2875 sisset
355 2846 390 2875 in
427 2854 529 2876 unam
567 2848 599 2878 in
639 2856 758 2878 rasura
801 2847 905 2878 habet
940 2848 966 2878 V
1005 2865 1038 2870 —
1076 2849 1111 2878 in
1148 2855 1248 2877 unam
1284 2845 1405 2876 CEG:
1442 2852 1543 2873 unam
1568 2844 1599 2873 in
1625 2845 1649 2873 O
1680 2862 1708 2865 --
1753 2848 1909 2874 naturam

146 2895 237 2926 illam
260 2893 301 2923 V¹
331 2911 359 2916 —
389 2894 444 2926 2⁴.
468 2896 501 2926 vi
525 2897 726 2927 Perionius:
751 2898 804 2927 uel
828 2898 851 2928 C
871 2897 894 2928 E
914 2899 938 2927 G
974 2915 1009 2920 -—
1047 2898 1236 2928 coniuncta
1270 2897 1293 2926 A
1314 2896 1336 2926 B
1364 2912 1397 2916 —
1436 2894 1488 2925 22.
1527 2894 1680 2924 alienam.
1719 2903 1803 2934 quae
1836 2904 1910 2933 per-

145 2945 281 2975 miscens
304 2941 470 2975 Orellius:
497 2946 705 2984 alienamque
722 2947 921 2985 permiscens
947 2950 968 2978 A
988 2947 1032 2981 V:
1059 2948 1231 2985 alienaque
1252 2945 1449 2984 permiscens
1473 2944 1517 2978 G;
1544 2945 1686 2974 alienam
1714 2945 1911 2983 permiscens

146 2994 170 3024 B
190 2993 213 3024 E
240 3010 274 3015 —
301 2992 342 3023 23
380 2992 513 3034 iamque
537 2997 562 3026 G
583 2994 621 3025 Ψ
643 3013 685 3018 -
705 2996 814 3034 partis
839 2997 878 3026 B:
914 3001 1026 3034 partes
1061 3000 1083 3028 A
1104 2997 1128 3028 E
1146 2998 1169 3027 G
1188 2997 1232 3027 0:
1273 2994 1315 3025 cf.
1350 3002 1381 3023 v.
1413 2994 1465 3023 30.
1507 3010 1540 3014 —
1576 2992 1628 3023 24.
1661 2995 1805 3032 particio
1841 2996 1862 3023 A
1884 2995 1909 3023 G

148 3059 182 3064 —
210 3044 261 3073 ΞΒ.
289 3046 354 3073 toto
377 3050 458 3074 corr
497 3053 536 3075 ex
563 3048 631 3075 tota
666 3045 689 3076 B
723 3062 753 3068 -
795 3046 935 3076 secunda
970 3047 994 3076 G
1015 3045 1040 3075 V
1086 3063 1120 3067 -
1157 3045 1209 3075 26.
1251 3044 1344 3080 sique
1379 3043 1487 3073 altera
1520 3043 1624 3078 A1V1,
1661 3044 1770 3081 sicque
1803 3042 1910 3072 altera

146 3090 240 3129 GV2.
275 3093 479 3130 sesqualtera
512 3092 551 3124 Α2
567 3094 604 3125 Ε.
641 3095 692 3126 Cf.
733 3103 766 3134 p.
804 3095 898 3131 ⁴002,
935 3096 954 3126 5
989 3103 1068 3135 sqq.
1107 3111 1141 3116 —
1180 3094 1310 3132 primae
1343 3092 1444 3131 tripla
1486 3092 1620 3123 A2BE:
1660 3094 1769 3131 prima
1809 3097 1909 3123 tetro-

143 3141 202 3180 pla
235 3139 274 3172 ΑΙ
295 3141 350 3179 V¹3
388 3143 501 3182 prima
532 3144 677 3182 cecropla
713 3146 754 3179 ῦς
789 3144 902 3182 prima
935 3145 1036 3183 tripla
1073 3144 1112 3172 Ψ
1147 3160 1180 3164 -
1219 3143 1268 3173 28.
1303 3142 1470 3180 octuplam
1495 3142 1552 3172 A'2:
1580 3142 1742 3180 octoplam
1773 3145 1810 3172 A¹
1831 3142 1851 3171 Β
1870 3142 1906 3177 V,

145 3191 326 3229 octroplam
361 3192 400 3231 G,
436 3193 567 3231 octupla
610 3192 633 3222 E
680 3210 714 3213 —
751 3193 1030 3231 primeicostremo
1066 3190 1199 3229 (deletis
1239 3190 1359 3222 litteris
1393 3190 1404 3220 i
1440 3200 1457 3221 c
1493 3194 1525 3221 et
1562 3199 1766 3231 supersop)
1806 3190 1828 3218 V
1871 3207 1904 3211 -

145 3239 199 3270 29.
229 3240 329 3279 dupla
350 3244 381 3272 et
396 3250 488 3273 corr.
512 3250 551 3272 ex
578 3240 675 3280 duplo
699 3241 722 3272 B
747 3259 790 3264 —
813 3241 866 3273 30.
888 3243 997 3281 partis
1018 3243 1042 3272 (Σ
1060 3243 1081 3273 Ε
1097 3242 1139 3273 G:
1160 3244 1274 3281 partes
1297 3242 1321 3271 O
1350 3257 1384 3262 —
1411 3241 1562 3272 desecans
1585 3249 1674 3272 corr.
1703 3249 1742 3271 ex
1765 3240 1910 3270 desimus

145 3288 170 3320 B
198 3290 286 3319 -in
302 3289 340 3322 C.
359 3290 395 3322 F.
413 3290 469 3323 W.
490 3289 624 3322 Muller:
645 3299 716 3323 om.
735 3291 759 3322 C
776 3291 799 3321 E
815 3292 840 3322 G
856 3292 894 3324 O.
