2249 3624
281 141 334 186 ’14
815 145 1242 190 ACADEMICORUM
1270 143 1511 186 PRIORUM

279 263 500 313 propterea
538 259 651 314 quod
690 273 739 301 ea
767 272 851 299 non
886 262 1063 312 possunt
1091 257 1342 305 internosci,
1383 256 1543 297 nullam
1572 254 1812 296 habemus?
1869 255 1973 296 Nam
2003 255 2039 296 si

278 322 501 370 habemus,
541 322 743 362 interesse
774 326 939 374 oportet
966 326 1015 361 ut
1042 321 1152 360 inter
1180 324 1339 360 rectum
1371 324 1412 359 et
1441 331 1631 372 pravum,
1670 317 1727 357 sic
1756 317 1866 358 inter
1894 331 2039 358 verum

279 390 320 424 et
347 384 513 425 falsum.
564 384 606 424 Si
637 384 742 424 nihil
772 384 960 430 interest,
991 382 1110 422 nulla
1138 381 1280 434 regula
1302 385 1383 428 est,
1414 393 1492 421 nec
1513 384 1653 433 potest
1673 381 1729 428 is,
1761 380 1827 420 cui
1850 384 1914 420 est
1932 380 2038 421 visio

276 447 363 487 veri
393 446 573 500 falsique
605 445 860 492 communis,
890 445 1022 484 ullum
1052 443 1206 483 habere
1236 442 1438 482 iudicium
1470 446 1541 482 aut
1569 441 1697 482 ullam
1730 441 1900 482 omnino
1931 441 2039 481 veri-

245 509 372 549 citatis
403 513 556 548 notam.
603 509 706 546 Nam
737 520 830 545 cum
862 505 1009 545 dicunt
1037 506 1116 546 hoc
1149 519 1192 546 se
1221 518 1353 544 unum
1383 504 1549 552 tollere,
1580 509 1627 544 ut
1649 505 1873 558 quicquam
1904 504 2039 558 possit

276 572 333 612 ita
364 571 510 617 videri,
542 574 586 609 ut
615 582 699 609 non
730 568 879 608 eodem
910 567 1034 608 modo
1064 567 1214 608 falsum
1246 568 1371 608 etiam
1402 567 1534 620 possit
1563 567 1711 615 videri,
1743 570 1880 606 cetera
1901 571 2039 606 autem

277 633 529 680 concedere,
560 631 719 671 faciunt
748 631 976 685 pueriliter.
1027 631 1120 680 Quo
1151 631 1261 671 enim
1293 630 1432 670 omnia
1462 629 1700 670 iudicantur
1729 629 1911 677 sublato,
1943 628 2040 669 reli-

277 709 360 748 qua
390 708 433 735 se
464 699 616 746 negant
646 694 812 734 tollere:
844 699 889 734 ut
919 694 953 734 si
985 695 1076 747 quis
1099 709 1225 748 quem
1255 693 1388 734 oculis
1418 693 1664 746 privaverit,
1697 692 1807 732 dicat
1829 705 1898 740 ea,
1931 704 2039 746 quae

277 757 389 798 cerni
421 761 614 810 possent,
645 770 689 796 se
721 757 758 796 ei
789 770 875 796 non
906 756 1128 796 ademisse.
1178 757 1230 796 Ut
1261 755 1372 796 enim
1401 755 1473 795 illa
1504 755 1638 795 oculis
1660 754 1785 795 modo
1808 767 2041 808 agnoscun-

227 824 364 866 40tur,
396 819 452 857 sic
481 818 644 872 reliqua
673 819 794 867 visis,
828 818 899 859 sed
930 819 1096 872 propria
1125 820 1229 866 veri,
1260 831 1345 858 non
1375 818 1587 858 communi
1614 818 1702 858 veri
1734 823 1775 857 et
1803 816 1899 857 falsi
1929 821 2039 857 nota.

277 882 409 930 Quam
452 880 504 919 ob
546 894 652 929 rem,
696 883 779 922 sive
820 886 865 921 tu
894 881 1154 934 prohabilem
1184 881 1408 928 visionem,
1452 880 1540 920 sive
1571 879 1829 932 probabilem
1862 883 1901 919 et
1932 891 2040 932 quae

274 957 359 983 non
398 943 654 996 inpediatur,
691 948 737 984 ut
775 943 1010 984 Carneades
1051 943 1239 991 volebat,
1277 944 1364 984 sive
1401 942 1517 983 aliud
1559 942 1662 996 quid
1703 941 1895 995 proferes
1927 940 2040 995 quod

275 1019 475 1059 sequare,
507 1005 559 1046 ad
589 1007 725 1047 visum
756 1007 884 1055 illud,
917 1007 967 1046 de
999 1021 1082 1060 quo
1114 1007 1288 1059 agimus,
1320 1007 1395 1046 tihi
1428 1007 1507 1046 erit
1536 1007 1843 1046 revertendum.
1896 1002 1962 1044 34.
1993 1004 2040 1044 In

275 1081 324 1108 eo
355 1072 493 1108 autem
530 1068 564 1108 si
605 1069 684 1109 erit
714 1069 989 1109 communitas
1021 1082 1115 1108 cum
1141 1069 1265 1117 falso,
1297 1069 1458 1108 nullum
1482 1068 1560 1108 erit
1583 1068 1794 1115 iudicium,
1827 1067 1925 1121 quia
1945 1079 2041 1119 pro-

226 1138 260 1167 45
273 1130 408 1184 prium
441 1127 516 1184 [in]
551 1132 761 1171 communi
793 1132 910 1183 signo
942 1131 1078 1171 notari
1108 1145 1193 1172 non
1223 1136 1374 1184 potest.
1426 1131 1498 1170 Sin
1531 1136 1668 1171 autem
1691 1143 1909 1171 commune
1935 1128 2041 1169 nihil

274 1192 371 1240 erit,
400 1191 535 1232 habeo
567 1193 681 1246 quod
712 1193 831 1233 volo:
872 1193 914 1232 id
946 1193 1057 1233 enim
1090 1207 1264 1247 quaero,
1295 1193 1406 1247 quod
1439 1193 1496 1232 ita
1526 1193 1627 1233 mihi
1657 1193 1850 1234 videatur
1879 1204 2039 1237 verum,

272 1261 318 1295 ut
347 1268 431 1294 non
461 1255 595 1308 possit
625 1256 723 1295 item
754 1255 905 1296 falsum
935 1255 1080 1296 videri.
1132 1255 1265 1295 Simili
1296 1256 1339 1295 in
1371 1269 1511 1295 errore
1543 1261 1780 1303 versantur,
1817 1268 1911 1295 cum
1942 1267 2041 1293 con-

272 1317 375 1357 vitio
405 1317 589 1356 veritatis
621 1318 753 1357 coacti
784 1318 1007 1371 perspicua
1037 1331 1061 1358 a
1091 1318 1298 1371 perceptis
1329 1318 1473 1358 volunt
1495 1317 1752 1371 distinguere
1774 1323 1815 1358 et
1839 1321 2041 1357 conantur

274 1378 497 1420 ostendere
529 1392 621 1419 esse
652 1380 812 1434 aliquid
833 1380 1070 1433 perspicui,
1100 1394 1243 1420 verum
1263 1380 1366 1421 illud
1388 1381 1557 1434 quidem
1579 1381 1816 1434 inpressum
1836 1380 1879 1419 in
1900 1380 2040 1419 animo

222 1450 258 1479 20
273 1446 399 1496 atque
439 1447 602 1490 mente,
646 1455 785 1496 neque
827 1447 965 1483 tamen
1002 1443 1044 1483 id
1086 1443 1247 1496 percipi
1278 1455 1324 1482 ac
1355 1443 1583 1496 conprendi
1614 1456 1752 1496 posse.
1803 1442 1897 1490 Quo
1929 1441 2039 1481 enim

272 1505 398 1544 modo
435 1505 654 1558 perspicue
689 1505 845 1545 dixeris
887 1505 1027 1545 album
1057 1518 1148 1545 esse
1180 1505 1360 1558 aliquid,
1402 1519 1496 1545 cum
1526 1506 1658 1559 possit
1689 1505 1878 1545 accidere
1908 1510 1954 1544 ut
1982 1503 2039 1551 id,

273 1566 388 1619 quod
420 1568 586 1620 nigrum
617 1567 691 1614 sit,
722 1567 861 1607 album
895 1581 986 1608 esse
1017 1567 1241 1608 videatur?
1273 1573 1341 1608 aut
1364 1581 1447 1622 quo
1479 1569 1602 1607 modo
1623 1568 1703 1608 ista
1723 1572 1795 1607 aut
1820 1566 2041 1620 perspicua

274 1629 461 1670 dicemus
492 1634 563 1670 aut
594 1629 784 1682 inpressa
816 1630 1044 1678 subtiliter,
1086 1644 1179 1670 cum
1212 1630 1264 1669 sit
1294 1631 1523 1678 incertum,
1555 1644 1652 1671 vere
1684 1630 1919 1670 inaniterne
1951 1642 2040 1668 mo-

272 1694 471 1732 veamur?
510 1693 571 1732 Ita
601 1706 740 1745 neque
772 1693 887 1733 color
915 1706 1052 1746 neque
1085 1706 1235 1746 corpus
1266 1707 1343 1732 nec
1373 1693 1527 1733 veritas
1549 1706 1626 1732 neo
1646 1697 1935 1745 argumentum
1962 1704 2040 1731 nec

223 1763 260 1792 25
274 1768 420 1795 sensus
461 1767 602 1808 neque
643 1755 911 1808 perspicuum
952 1755 1083 1795 ullum
1121 1755 1382 1808 relinquitur.
1443 1753 1509 1794 35.
1540 1756 1604 1795 Ex
1634 1755 1712 1794 hoc
1743 1754 1846 1794 illud
1878 1754 1928 1793 iis
1959 1767 2039 1793 usu

272 1818 416 1857 venire
449 1818 573 1864 solet,
616 1822 682 1864 ut,
728 1816 934 1870 quidquid
967 1817 1167 1864 dixerint,
1204 1830 1226 1856 a
1259 1817 1505 1870 quibusdam
1537 1817 1868 1870 interrogentur:
1912 1829 2038 1869 «ergo

271 1879 380 1920 istuc
412 1880 582 1933 quidem
612 1880 856 1933 percipis?›>
904 1879 985 1920 Sed
1018 1881 1089 1934 qui
1120 1881 1179 1920 ita
1209 1880 1485 1933 interrogant,
1517 1881 1567 1920 ab
1590 1881 1640 1920 iis
1662 1881 1898 1920 irridentur.
1947 1880 2039 1919 Non

273 1942 382 1982 enim
414 1947 615 1995 urguent,
648 1948 692 1983 ut
723 1948 973 1996 coarguant,
1004 1944 1215 1983 neminem
1246 1943 1331 1982 ulla
1364 1943 1414 1983 de
1445 1957 1488 1983 re
1520 1957 1645 1996 posse
1677 1943 1931 1982 contendere
1961 1954 2039 1981 nec

272 2005 519 2045 adseverare
560 2006 647 2045 sine
685 2005 827 2058 aliqua
857 2006 945 2045 eius
976 2006 1056 2053 rei,
1096 2019 1222 2059 quam
1254 2006 1332 2046 sibi
1363 2007 1541 2061 quisque
1575 2007 1737 2061 placere
1770 2006 1891 2055 dicit,
1929 2010 2040 2046 certa

358 2168 388 2199 i.
413 2168 499 2198 inter
526 2176 585 2198 nos
613 2167 716 2198 ullam
743 2167 780 2199 Bi
810 2185 844 2190 -
881 2167 910 2199 3.
938 2168 986 2199 his
1010 2164 1050 2198 V¹
1077 2184 1112 2188 —
1145 2166 1176 2199 4.
1202 2176 1284 2198 uera
1308 2165 1347 2198 A¹
1375 2185 1408 2189 -
1441 2168 1471 2199 5.
1499 2176 1576 2207 qum
1598 2168 1623 2199 B
1651 2184 1686 2190 —
1723 2168 1904 2207 quidquam
1925 2176 2041 2199 verum

265 2218 367 2256 possit
389 2218 561 2250 Manutius
587 2226 628 2249 ex
644 2219 778 2256 vetere,
805 2218 841 2248 ut
860 2217 954 2256 dicit,
982 2215 1081 2249 libro.
1102 2234 1136 2238 —
1166 2217 1197 2248 6.
1220 2217 1322 2256 possit
1344 2218 1450 2248 videri
1475 2217 1682 2249 Lambinus:
1710 2219 1810 2258 possit
1827 2219 1875 2249 ita
1889 2218 1996 2249 uideri
2014 2218 2038 2249 C

272 2285 307 2290 —-
326 2268 356 2299 7.
376 2269 549 2300 concedere
566 2269 590 2299 C
609 2275 699 2299 corr.
720 2277 761 2299 ex
785 2268 954 2299 concidere
972 2285 1006 2289 —
1035 2267 1066 2299 8.
1092 2270 1148 2305 ut,
1174 2267 1202 2298 si
1225 2268 1298 2307 quis
1321 2277 1416 2307 quem
1433 2277 1463 2299 o.
1482 2268 1551 2309 pr]
1575 2277 1607 2299 v.
1626 2266 1763 2307 Madvig
1787 2267 1830 2298 ad
1854 2266 1875 2300 1.
1893 2267 1935 2299 de
1953 2267 2037 2300 finn.

268 2326 302 2358 p.
329 2317 403 2349 530.
433 2336 468 2340 —
495 2319 526 2351 9.
552 2328 584 2351 se
606 2320 635 2350 ei
657 2329 722 2351 non
746 2321 771 2350 Α
787 2320 809 2350 Β
826 2328 861 2350 r:
888 2328 953 2350 non
978 2327 1047 2350 om.
1069 2319 1114 2356 V?
1142 2327 1207 2349 non
1230 2328 1262 2350 se
1286 2319 1313 2350 ei
1338 2318 1362 2348 G
1378 2318 1402 2348 O
1424 2335 1458 2340 —
1485 2321 1711 2358 agnoscuntur
1728 2318 1774 2349 C:
1800 2321 2041 2358 cognoscuntur

270 2367 295 2397 O
323 2385 357 2389 —
386 2368 438 2399 Μ.
463 2369 529 2400 sive
551 2369 797 2408 improbabilem
821 2372 850 2400 et
873 2377 957 2408 (luae
982 2370 1026 2406 C3
1053 2369 1120 2400 sice
1139 2369 1232 2408 prob.
1260 2372 1289 2400 cl
1313 2376 1396 2407 quae
1421 2376 1490 2399 em.
1517 2367 1629 2399 Faber
1654 2377 1695 2399 ex
1720 2368 1823 2399 Sexto
1847 2368 1947 2408 Emp.
1967 2367 2038 2407 vll,

269 2415 287 2456 ἓ
314 2417 393 2448 466;
431 2412 710 2460 ἀπαιτούμενος
742 2417 781 2449 δὲ
814 2419 874 2449 καὶ
909 2415 1027 2459 αὑτός
1054 2419 1275 2458 (Carneades)
1310 2428 1344 2450 τι
1369 2416 1562 2463 κριτήριον
1587 2416 1681 2462 πρός
1704 2428 1743 2449 τε
1766 2415 1835 2459 τὴν
1859 2416 1926 2450 τοῦ
1950 2417 2038 2457 βίον

268 2463 499 2509 διεξαγωγὴν
527 2469 592 2500 καὶ
623 2466 713 2513 19:⁸13,
750 2466 815 2510 7122)
848 2464 916 2509 ’ἧς
940 2465 1184 2509 εὐδαιμονίας
1209 2470 1444 2514 περίκτησιν,
1475 2465 1633 2509 dorcinet
1656 2466 1952 2511 ἑπαναγκάζεται
1975 2470 2039 2501 καὶ

269 2512 355 2547 καθ’
386 2514 503 2548 αὑτὸν
532 2519 614 2563 :capi
648 2518 783 2551 τούτου
809 2516 1091 2557 διατάττεσθαι,
1130 2517 1438 2564 προσλαμβάνων
1470 2516 1538 2559 τήν
1569 2529 1607 2550 τε
1634 2517 1800 2561 πιθανὴν
1822 2521 2039 2559 φαντασίαν

269 2566 334 2597 καὶ
358 2563 426 2607 τήν
450 2565 615 2609 πιθανὴν
638 2564 720 2609 ἅμα
744 2569 807 2599 καὶ
832 2566 1120 2613 ἀπερίσπαστον
1145 2570 1209 2600 καὶ
1233 2567 1540 2610 ὁιεξωόευμένηικ
1568 2569 1648 2609 (sive
1671 2573 1705 2601 tu
1719 2570 1920 2609 probabilem
1938 2572 2039 2602 visio—

268 2625 342 2647 nem
377 2619 406 2647 et
439 2626 523 2655 quae
556 2627 621 2649 uon
656 2619 873 2657 impediatur,
910 2619 976 2649 sive
1008 2619 1255 2658 improbabilem
1291 2623 1320 2650 el
1355 2628 1438 2658 quae
1468 2619 1669 2658 impediatur
1704 2621 1793 2651 coni.
1831 2620 1966 2661 Lamb.)
2001 2639 2035 2644 -

269 2666 320 2696 112.
343 2666 515 2705 proferens
537 2666 613 2699 A¹B
643 2686 676 2690 —
704 2669 757 2699 45.
783 2669 816 2699 in
841 2666 908 2700 del.
936 2668 1123 2699 videbatur
1147 2670 1299 2701 Manutio
1325 2671 1358 2700 et
1384 2668 1505 2700 Lamb.
1526 2686 1561 2691 —
1591 2670 1642 2700 46.
1668 2669 1747 2700 abeo
1763 2669 1854 2709 A¹V⁷
1881 2671 1982 2702 habeo
1999 2671 2035 2709 Β,

268 2714 332 2746 sed
355 2714 417 2745 hab
442 2716 474 2746 in
500 2725 567 2748 ras.
598 2735 633 2740 —-
660 2718 711 2750 47.
737 2721 772 2749 ul
795 2727 859 2749 non
886 2715 943 2748 W:
969 2728 1035 2749 non
1062 2719 1119 2757 V¹‚
1146 2728 1200 2754 ite.
1224 2722 1271 2757 A,
1297 2728 1337 2750 ue
1360 2719 1384 2750 B
1410 2719 1442 2750 in
1468 2727 1537 2750 ras.
1559 2736 1594 2740 —
1620 2719 1696 2750 ilem
1714 2720 1738 2750 C
1766 2720 1814 2759 (ut
1837 2729 1942 2761 supra
1966 2729 1999 2752 ν.
2020 2720 2038 2751 6

268 2765 377 2795 eodem
399 2766 524 2804 modo):
552 2766 635 2797 idem
659 2767 714 2798 ΓΟ
741 2784 776 2788 -
803 2768 948 2798 convicio
971 2768 1121 2799 veritalis
1147 2770 1178 2808 (i.
1207 2778 1237 2800 e.
1266 2768 1420 2800 clamore
1433 2769 1482 2808 v.)
1500 2768 1655 2808 Madvig:
1681 2770 1852 2801 conuincio
1869 2773 1960 2812 (sup.
1978 2769 2036 2803 lin.

267 2813 401 2854 iudicio)
425 2816 574 2846 ueritatis
596 2816 641 2853 V,
668 2818 851 2849 conuinclio
877 2818 1050 2857 (conuincti
1075 2827 1114 2849 ac
1137 2819 1241 2858 corr.)
1266 2819 1418 2849 ueritatis
1439 2819 1483 2855 B;
1510 2819 1670 2850 conuiuii..
1697 2820 1848 2856 (conuicti
1878 2829 1918 2851 ac
1942 2830 1987 2853 m.
2007 2820 2037 2859 2)

266 2864 406 2895 ueritate
423 2865 466 2903 A;
494 2867 651 2896 ceterum
678 2876 741 2897 nos
765 2868 907 2898 conuitio
925 2869 1142 2909 scripsimus,
1169 2871 1206 2899 ut
1231 2869 1263 2899 in
1289 2867 1390 2899 simili
1416 2867 1492 2898 loco
1510 2868 1673 2899 inferiore
1692 2868 1709 2908 ἓ
1728 2870 1789 2900 425
1807 2869 1908 2901 codd.
1930 2872 2039 2903 nostri

267 2913 418 2952 liabent3
451 2923 484 2946 v.
512 2914 711 2946 Fleckeisen
743 2917 776 2947 in
809 2918 849 2948 N.
877 2918 987 2949 Rhein.
1013 2919 1098 2949 Mus.
1124 2918 1215 2956 VIII,
1248 2918 1323 2949 227.
1352 2935 1387 2939 -—
1422 2918 1473 2949 118.
1501 2919 1633 2956 quoacti
1661 2917 1699 2949 B¹
1726 2936 1760 2941 -—
1796 2921 1912 2952 nolant
1935 2920 1974 2953 A¹
2000 2939 2035 2944 —-

269 2963 321 2994 49.
346 2972 421 2995 vere
446 2963 584 3002 Lamb.;
620 2974 735 2997 verum
770 2967 850 2997 illud
885 2969 1014 3007 quidem
1047 2971 1077 2999 el
1109 2968 1303 3007 impressum
1338 2968 1498 2998 sublililer
1524 2969 1559 2999 in
1588 2969 1699 2999 altimo
1733 2970 1820 3000 coni.
1847 2970 1973 3004 Davies
1998 2988 2034 2994 -—

267 3013 320 3044 20.
347 3022 387 3044 ac
412 3014 457 3045 C:
490 3018 587 3053 alque
619 3014 661 3052 E,
697 3018 755 3046 auc
787 3016 908 3047 Lamb.
938 3035 972 3040 —
1006 3017 1059 3048 23.
1085 3020 1144 3047 aul
1172 3018 1272 3048 menti
1301 3018 1462 3056 impressa
1494 3018 1518 3049 O
1544 3027 1624 3049 curn
1657 3020 1794 3051 Davisio
1821 3029 1861 3051 ex
1886 3020 2036 3054 lectione

268 3061 397 3103 aliquot
421 3063 636 3095 deteriorum
661 3069 719 3096 aut
743 3066 840 3096 eliam
866 3066 930 3107 (vel
955 3068 1058 3106 enim,
1084 3069 1122 3098 ut
1145 3069 1199 3098 est
1223 3068 1256 3098 in
1282 3068 1318 3105 G)
1343 3067 1442 3107 impr.
1465 3069 1576 3107 (menti
1601 3069 1669 3100 iam
1694 3069 1801 3101 habet
1817 3071 1845 3101 V
1863 3072 1894 3102 in
1912 3073 2034 3112 marg.)

267 3130 310 3135 -—
333 3112 518 3144 inaniterne
541 3114 731 3146 Manutius:
759 3115 943 3148 inaniterue
966 3118 1048 3154 CO;
1076 3116 1118 3148 cs.
1144 3117 1281 3156 Madvig
1306 3116 1349 3147 ad
1368 3117 1438 3149 Cic.
1458 3118 1501 3148 (le
1529 3118 1611 3150 finn.
1632 3127 1666 3159 p.
1685 3119 1760 3151 604.
1781 3137 1816 3142 —
1842 3129 2037 3152 moveamur

269 3161 398 3193 Christ:
428 3166 603 3194 moueatur
620 3165 643 3194 (J
656 3164 699 3200 03
727 3165 856 3195 animus
870 3170 1042 3197 moveatur
1057 3167 1186 3198 Manut.
1207 3165 1282 3197 coll.
1299 3166 1317 3206 g
1333 3166 1367 3198 44
1380 3192 1385 3197 .
1399 3184 1433 3189 —
1450 3167 1503 3199 24.
1519 3177 1621 3207 neque
1632 3168 1722 3200 color
1738 3170 1762 3200 B
1783 3179 1829 3202 m.
1846 3172 1864 3202 2
1878 3179 1955 3211 sup.
1974 3169 2032 3201 lin.

271 3228 305 3232 —
325 3211 378 3242 25.
396 3211 522 3243 nullum
546 3212 573 3242 V
592 3229 626 3234 —-
653 3213 694 3243 iis
716 3213 761 3243 B:
787 3214 848 3244 hiis
864 3216 907 3253 Α,
933 3216 982 3246 his
997 3217 1025 3247 V
1040 3216 1064 3247 O
1087 3232 1119 3238 -
1146 3216 1199 3247 26.
1227 3217 1380 3256 quicquid
1406 3218 1429 3248 C
1452 3236 1486 3240 —
1513 3218 1635 3250 dixerit
1658 3219 1738 3250 B¹V
1759 3237 1790 3243 —
1819 3220 1872 3252 27.
1897 3222 1944 3251 set
1966 3219 1991 3250 B
2006 3219 2034 3251 V

273 3278 308 3283 -
328 3259 370 3292 ab
392 3261 454 3293 hiis
468 3262 509 3302 V,
535 3261 576 3293 ab
599 3262 647 3293 his
662 3263 687 3294 Ο
707 3277 743 3286 -
769 3263 823 3295 28.
841 3272 877 3296 co
894 3265 929 3297 in
946 3269 1131 3307 coaryuanl
1147 3265 1254 3299 habet
1269 3267 1297 3299 A
1312 3267 1348 3300 in
1363 3275 1451 3307 ras.;
1486 3272 1698 3310 quoaryuant
1714 3266 1755 3301 V¹
1775 3286 1806 3293 -
1834 3276 1938 3308 neque
1954 3269 1979 3300 G
1994 3268 2030 3300 O.
