2249 3624
317 147 399 191 2⁵20
776 155 1201 196 TUSCULANARUM
1228 157 1664 199 DISPUTATIONUM

316 266 453 301 autem
493 266 555 301 est
594 261 751 314 ingenii
791 274 988 301 sevocare
1020 267 1200 303 mentem
1232 277 1254 304 a
1286 264 1476 304 sensibus
1508 270 1547 305 et
1578 265 1870 317 cogitationem
1903 266 1953 305 ab
1985 280 2082 306 con-

317 324 536 364 suetudine
566 324 785 364 abducere.
834 324 979 377 Itaque
1011 325 1136 364 credo
1169 327 1362 378 equidem
1397 328 1521 367 etiam
1554 327 1658 367 alios
1681 332 1742 366 tot
1767 328 1963 375 saeculis,
1995 329 2081 376 sed,

317 385 429 439 quod
460 386 610 426 litteris
643 391 799 431 exstet,
831 386 1095 440 Pherecydes
1128 388 1272 440 Syrius
1304 389 1462 441 primus
1494 389 1601 428 dixit
1631 389 1793 428 animos
1826 403 1917 430 esse
1950 391 2082 430 homi-

316 461 414 487 num
446 449 743 501 sempiter1ioS‚
775 448 971 500 antiquus
1003 462 1124 496 sane;
1154 449 1234 489 fuit
1264 451 1374 490 enim
1406 465 1497 491 meo
1528 457 1730 503 regnante
1763 452 1920 504 gentili.
1966 452 2082 492 Hanc

283 509 556 562 5opinionem
606 510 837 562 discipulus
881 510 970 549 eius
1015 512 1268 565 Pythagoras
1321 514 1498 553 maxime
1546 511 1830 560 confirmavit,
1878 514 1948 566 qui
1987 528 2080 554 cum

316 572 504 624 Superbo
536 577 734 625 regnante
765 572 808 611 in
830 572 987 611 Italiam
1010 574 1215 621 venisset,
1249 576 1381 614 tenuit
1403 589 1593 627 magnam
1615 575 1727 614 illam
1752 575 1967 615 Graeciam
1988 589 2082 615 cum

317 631 505 687 [honore]
553 635 790 688 disciplina,
832 640 918 674 tum
951 635 1074 675 etiam
1106 637 1377 683 auctoritate,
1410 636 1623 689 multaque
1655 637 1819 677 saecula
1850 642 1994 690 postea
2026 639 2084 678 sic

313 696 443 748 viguit
473 697 828 750 Pythagoreorum
858 711 1030 742 nomen,
1062 703 1107 737 ut
1136 699 1240 737 nulli
1273 699 1342 738 alii
1375 699 1482 738 docti
1514 698 1772 739 viderentur.

428 759 556 797 XVII.
603 759 684 798 Sed
721 760 845 798 redeo
882 759 933 798 ad
975 761 1184 814 antiquos.
1246 762 1463 800 Rationem
1506 760 1567 799 illi
1606 761 1835 801 sententiae
1867 775 1967 802 suae
1999 776 2083 802 non

265 820 397 860 iofere
431 818 683 868 reddebant,
716 821 797 861 nisi
829 822 929 875 quid
963 828 1050 862 erat
1079 824 1264 863 numeris
1297 830 1367 863 aut
1396 823 1737 875 discriptionibus
1776 824 2083 877 explicandum.

310 881 376 923 39.
408 883 621 923 Platonem
653 883 811 930 ferunt,
856 889 901 923 ut
930 883 1211 938 Pythagoreos
1245 890 1538 937 cognosceret,
1578 884 1620 923 in
1659 885 1819 924 Italiam
1854 886 2014 925 venisse
2045 891 2085 925 et

311 945 508 985 didicisse
548 947 810 1000 Pythagorea
851 946 1011 993 omnia,
1053 947 1319 1000 primumque
1358 947 1409 985 de
1450 947 1684 985 animorum
1724 947 1968 986 aeternitate
1998 960 2083 986 non

311 1008 444 1047 solum
490 1008 668 1048 sensisse
710 1007 820 1047 idem
864 1008 974 1061 quod
1015 1009 1315 1062 Pythagoram,
1360 1008 1431 1048 sed
1473 1010 1676 1048 rationem
1709 1009 1832 1048 etiam
1877 1009 2081 1049 attulisse.

311 1070 466 1118 Quam,
499 1070 579 1110 nisi
611 1070 713 1124 quid
746 1070 874 1117 dicis,
906 1072 1284 1123 praetermittamus
1317 1076 1357 1110 et
1392 1072 1498 1111 hanc
1529 1076 1656 1110 totam
1698 1084 1812 1124 spem
1851 1072 2084 1112 inmortali-

261 1134 404 1172 istatis
441 1133 742 1186 relinquamus.
801 1132 848 1171 A.
879 1134 942 1172 An
980 1138 1047 1179 tu,
1089 1147 1181 1173 cum
1214 1147 1277 1172 me
1314 1133 1357 1172 in
1394 1146 1597 1172 summam
1639 1134 1969 1186 expectationem
2011 1134 2083 1173 ad-

311 1195 507 1242 duxeris,
539 1195 725 1235 deseris?
757 1196 909 1235 Errare
941 1209 1004 1235 me
1027 1196 1199 1235 hercule
1231 1196 1339 1235 malo
1373 1209 1464 1235 cum
1499 1196 1690 1242 Platone,
1724 1209 1849 1248 quem
1871 1201 1914 1235 tu
1938 1196 2081 1248 quanti

308 1257 436 1297 facias
477 1258 563 1298 scio
601 1264 640 1298 et
678 1272 802 1311 quem
842 1272 894 1298 ex
932 1264 1003 1298 tuo
1036 1272 1106 1298 ore
1137 1258 1338 1305 admiror,
1382 1272 1506 1311 quam
1539 1272 1631 1298 cum
1663 1258 1752 1298 istis
1783 1270 1881 1297 vera
1912 1257 2081 1297 sentire.

308 1318 374 1359 40.
406 1321 461 1360 Μ.
492 1322 625 1361 Macte
657 1321 832 1360 virtute!
869 1334 945 1373 ego
979 1321 1088 1360 enim
1120 1321 1210 1373 ipse
1243 1334 1335 1360 cum
1368 1321 1516 1360 eodem
1549 1321 1629 1360 isto
1663 1334 1746 1359 non
1783 1320 1938 1360 invitus
1971 1333 2083 1360 erra-

309 1382 451 1422 verim.
508 1384 615 1422 Num
646 1383 773 1435 igitur
805 1383 1042 1422 dubitamus
1075 1384 1181 1422 sicut
1210 1383 1413 1436 pleraque
1440 1396 1767 1436 —quamquam
1800 1384 1879 1422 hoc
1912 1382 2081 1436 quidem

257 1455 294 1484 20
308 1445 498 1492 minime;
531 1445 784 1498 persuadent
815 1447 924 1485 enim
958 1445 1235 1484 mathematici
1259 1468 1324 1491 —‚
1356 1450 1506 1484 terram
1538 1446 1578 1485 in
1611 1445 1750 1484 medio
1774 1445 1930 1485 mundo
1959 1445 2082 1485 sitam

307 1507 358 1546 ad
390 1507 577 1547 universi
609 1508 713 1547 caeli
744 1508 1010 1561 complexum
1043 1507 1162 1560 quasi
1198 1507 1339 1560 puncti
1371 1509 1499 1547 instar
1529 1508 1732 1561 optinere,
1764 1507 1876 1561 quod
1907 1515 2081 1561 κέντρον

306 1568 368 1609 illi
409 1572 585 1609 vocant?
628 1583 718 1609 eam
759 1583 885 1622 porro
926 1576 1114 1610 naturam
1156 1583 1247 1609 esse
1289 1575 1487 1623 quattuor
1517 1570 1655 1609 omnia
1693 1570 1951 1623 gignentium
1992 1584 2082 1610 cor-

306 1645 472 1685 porum,
514 1637 580 1679 ut,
624 1632 740 1685 quasi
780 1632 928 1684 partita
960 1632 1142 1671 habeant
1172 1632 1278 1671 inter
1311 1645 1353 1671 se
1390 1645 1437 1671 ac
1473 1631 1607 1671 divisa
1643 1638 1875 1679 momenta,
1914 1638 2082 1672 terrena

308 1698 349 1732 et
385 1693 527 1732 umida
565 1699 714 1746 suopte
745 1700 846 1733 nutu
879 1700 919 1733 et
949 1707 1024 1733 suo
1056 1694 1243 1746 pondere
1273 1695 1323 1733 ad
1356 1694 1467 1748 paris
1499 1695 1673 1747 angulos
1705 1695 1746 1734 in
1779 1700 1930 1734 terram
1964 1700 2005 1734 et
2036 1695 2078 1734 in

257 1765 293 1794 25
308 1769 420 1795 mare
450 1755 656 1803 ferantur,
687 1756 876 1809 reliquae
909 1756 1017 1795 duae
1048 1762 1207 1809 partes,
1241 1769 1323 1795 una
1344 1757 1482 1809 ignea,
1517 1758 1648 1796 altera
1671 1756 1883 1803 animalis,
1915 1761 1962 1795 ut
1981 1756 2078 1796 illae

307 1818 545 1871 superiores
576 1820 618 1858 in
651 1818 831 1858 medium
863 1819 998 1858 locum
1023 1818 1166 1857 mundi
1189 1818 1390 1870 gravitate
1412 1818 1598 1858 ferantur
1621 1824 1661 1858 et
1682 1819 1887 1871 pondere,
1921 1819 1978 1858 sic
1998 1819 2077 1858 hae

305 1894 469 1920 rursum
502 1882 626 1920 rectis
657 1880 779 1920 lineis
810 1882 852 1920 in
884 1881 1105 1920 caelestem
1137 1880 1272 1920 locum
1305 1881 1549 1926 subvolent,
1588 1881 1675 1920 sive
1707 1881 1797 1933 ipsa
1828 1887 1975 1920 natura
2006 1895 2076 1921 su-

306 1943 471 1997 periora
516 1944 739 1996 adpetente
783 1943 868 1982 sive
911 1943 1023 1996 quod
1064 1956 1087 1982 a
1123 1943 1383 1995 gravioribus
1415 1942 1574 1982 leviora
1605 1949 1751 1982 natura
1787 1943 2077 1995 repellantur?

308 2005 426 2053 Quae
457 2019 549 2045 cum
581 2011 793 2052 constent,
826 2006 1095 2058 perspicuum
1129 2005 1253 2044 debet
1284 2017 1374 2045 esse
1406 2006 1596 2052 animos,
1624 2019 1716 2045 cum
1749 2019 1770 2045 e
1803 2018 1982 2058 corpore
2005 2019 2076 2045 ex-

397 2234 423 2263 i.
452 2242 608 2264 revocare
632 2234 668 2265 C.
698 2234 800 2273 uligo,
827 2235 862 2264 ut
888 2232 1047 2266 Orellius.
1075 2243 1115 2264 ex
1142 2235 1331 2273 Augustino
1360 2233 1409 2274 ‘ad
1437 2232 1553 2264 Volus.
1583 2241 1637 2273 ep.
1662 2233 1711 2270 3¹1,
1740 2234 1792 2264 cui
1819 2232 1880 2264 soli
1907 2233 1924 2273 S
1950 2233 1990 2264 ⁶29
2015 2234 2079 2265 de-

309 2283 410 2314 betur
433 2284 636 2314 verissimae
661 2284 855 2323 scripturae
881 2284 1144 2314 clemonem-entur
1164 2285 1364 2315 auctoritas.
1393 2283 1552 2323 praefero
1571 2291 1723 2313 set-ocare
1740 2283 1948 2322 (abzurustn,
1974 2284 2079 2315 absu-

305 2332 447 2371 ziehfflrl,
481 2332 575 2372 quod
607 2334 639 2363 et
671 2334 831 2372 sequenti
857 2333 1016 2363 abducere
1041 2332 1166 2363 melius
1194 2334 1385 2373 respondet
1412 2335 1442 2363 et
1469 2332 1557 2363 solet
1582 2341 1599 2362 a
1627 2333 1797 2364 Cicerone
1823 2333 1866 2363 de
1892 2335 2009 2365 mente
2034 2333 2077 2365 ab

306 2382 360 2419 iis,
388 2390 478 2422 quae
504 2381 666 2414 sensibus
692 2383 943 2422 percipiuntur.
972 2382 1209 2414 abstrahenda
1236 2385 1327 2423 poni,
1357 2385 1390 2413 ut
1410 2384 1484 2413 Nat,
1508 2384 1607 2413 Deor.
1631 2383 1683 2419 ΙΙῙ,
1706 2384 1738 2413 Ἡ
1769 2386 1906 2413 mentem
1923 2383 1963 2413 ab
1979 2384 2081 2415 oculis

305 2440 472 2466 set-ocare‘.
500 2431 542 2462 cf.
572 2433 680 2463 Divin.
710 2433 732 2469 1,
761 2431 812 2462 63.
846 2433 946 2463 Tusc.
977 2433 1069 2472 Disp.
1097 2434 1120 2469 Ι,
1149 2433 1200 2463 72.
1228 2434 1280 2462 75.
1321 2434 1494 2468 Rei-ocare,
1523 2433 1542 2462 i.
1564 2442 1593 2463 e.
1615 2432 1657 2462 ab
1684 2434 1823 2472 incepto
1848 2432 1962 2472 aliquo
1987 2436 2077 2465 statu

308 2482 520 2521 (actionem)
547 2482 589 2512 ad
623 2483 807 2522 pristinum
836 2483 975 2521 [iustum
1002 2482 1279 2521 legitimumque)
1304 2482 1495 2512 reducere.
1532 2482 1562 2512 in
1591 2481 1674 2513 tales
1700 2481 1794 2512 locos
1820 2482 1927 2517 cadit,
1956 2482 2077 2523 quales

305 2532 385 2561 sunt
410 2531 465 2561 hi:
503 2532 562 2567 ΙΙΙ,
589 2531 629 2563 46
659 2531 695 2571 (a
727 2541 877 2562 maerore
900 2534 944 2563 ad
971 2534 1201 2572 cosyitaiionenz
1225 2531 1409 2571 bonorum)
1441 2532 1458 2571 ἓ
1485 2532 1536 2562 33.
1564 2531 1606 2562 de
1634 2533 1669 2563 R.
1697 2534 1731 2563 P.
1761 2533 1798 2569 ΙΙ,
1821 2533 1870 2563 25,
1900 2532 1952 2572 (Cf.
1979 2533 1997 2572 S
2022 2532 2075 2563 ⁵27.

304 2588 338 2621 p.
365 2579 453 2611 Sulla
481 2581 498 2621 S
523 2581 574 2613 46.
603 2581 646 2612 ad
672 2584 737 2613 Att.
765 2582 849 2618 Xlll,
882 2582 906 2618 1,
936 2582 977 2621 Ξ.)
1005 2583 1105 2613 Caes.
1132 2583 1168 2613 B.
1197 2584 1232 2611 G.
1262 2583 1322 2619 111,
1354 2582 1400 2611 17.
1434 2580 1593 2618 Quinctil.
1621 2582 1659 2619 ll.
1687 2582 1718 2618 6,
1746 2581 1776 2612 2.
1809 2581 1945 2612 Scilicet
1969 2581 2077 2613 libra-

304 2630 376 2661 rius
406 2630 510 2667 facili,
549 2633 756 2671 praesertim
793 2633 869 2671 post
899 2632 1099 2669 referebant,
1138 2641 1257 2662 errore
1291 2634 1403 2663 rarius
1435 2631 1645 2662 vocabulum
1678 2631 1917 2671 depravavit.»
1951 2633 2006 2663 W.
2037 2650 2071 2654 —

309 2696 343 2700 —
379 2679 408 2710 3.
436 2683 514 2718 quot
545 2682 569 2711 G
598 2699 631 2703 —
667 2682 752 2721 quod
786 2683 821 2712 in
852 2682 967 2712 litteris
991 2681 1268 2721 Wesenbergius
1294 2681 1368 2712 coll.
1397 2681 1440 2712 de
1466 2682 1536 2712 lov.
1564 2682 1595 2717 Ι,
1623 2680 1676 2712 39.
1706 2699 1740 2703 —-
1774 2685 1874 2712 exstet
1900 2682 1944 2712 C:
1976 2684 2079 2712 exstet

305 2729 493 2770 [prodilum]
520 2732 544 2761 O
576 2749 600 2754 -
634 2741 730 2770 syrus
750 2734 897 2771 primum
923 2733 945 2763 C
976 2750 1009 2754 —
1038 2731 1066 2762 4..
1096 2733 1248 2770 antiquos
1273 2731 1417 2770 (litterae
1443 2740 1462 2761 o
1487 2739 1664 2771 superscr.
1683 2740 1702 2761 υ
1720 2731 1739 2760 i.
1761 2739 1791 2761 e.
1811 2732 1841 2768 u)
1862 2731 1886 2761 R
1907 2747 1942 2752 —
1969 2731 1999 2762 7.
2019 2732 2079 2762 ho-

304 2788 392 2810 nore.
420 2780 592 2819 disciplina
618 2784 660 2815 C:
687 2783 807 2812 honore
832 2782 1024 2821 disciplinae
1042 2780 1243 2819 Lambinus,
1271 2782 1307 2812 O.
1337 2780 1555 2820 «Tregderus
1580 2781 1701 2811 honore
1718 2783 1814 2811 recte
1833 2779 1941 2811 deleri
1958 2779 2076 2819 voluit,

305 2837 507 2869 quanquam
526 2829 615 2861 aliud
635 2840 713 2862 esse
731 2832 897 2862 iudicium
916 2831 1017 2862 video
1034 2832 1298 2871 Wesenbergii,
1325 2831 1388 2862 sed
1407 2831 1518 2861 honor
1534 2829 1577 2861 ab
1596 2830 1814 2865 auctoritate,
1842 2839 1932 2870 quae
1950 2830 2078 2862 deinde

304 2878 506 2919 disciplinae
533 2882 729 2920 opponitur,
757 2890 825 2912 non
851 2881 1013 2912 diversus
1039 2883 1125 2912 est.»
1155 2882 1259 2912 [lami.
1288 2882 1423 2912 SAUPPE.
1447 2899 1480 2903 —
1507 2882 1676 2920 multaque
1698 2882 1834 2912 saecula
1855 2884 1970 2920 postea
1987 2882 2077 2912 revi-

302 2930 375 2970 guit
396 2930 676 2970 Pythagoreorum
698 2939 815 2962 nomen
840 2931 970 2962 Nonius
996 2939 1028 2971 p.
1055 2932 1129 2962 500.
1159 2948 1193 2952 —-
1230 2932 1280 2961 io.
1308 2931 1575 2970 descripsionibus
1599 2932 1661 2962 Bo
1691 2949 1723 2954 -
1757 2933 1809 2963 42.
1837 2932 1990 2963 dedicisse
2014 2933 2078 2963 GR

308 2997 340 3001 —
370 2980 421 3010 ⁴5,
448 2979 519 3009 Ain'
556 2983 591 3010 {a
625 2980 800 3017 Davisius,
828 2981 864 3011 O.
903 2980 974 3011 «Cf.
1000 2981 1041 3018 V,
1069 2980 1119 3011 35.
1148 2981 1200 3011 73.
1235 2981 1277 3012 de
1304 2982 1387 3021 Rep.
1417 2982 1445 3017 Ι,
1478 2981 1524 3012 19.
1553 2981 1666 3012 Madv.
1695 2982 1764 3012 Fin.
1792 2990 1826 3022 p.
1855 2981 1930 3012 61.»
1955 2982 2009 3013 W.
2040 2998 2075 3004 —

305 3029 355 3060 48.
383 3030 491 3060 Macte
522 3030 639 3059 virtute
670 3030 800 3061 Nonius
829 3039 862 3070 p.
891 3029 965 3061 34¹.
1002 3047 1036 3052 —
1075 3030 1135 3060 isto
1161 3030 1203 3061 W
1229 3029 1323 3069 (coll.
1351 3030 1431 3061 Obs.
1459 3031 1491 3062 in
1523 3032 1609 3062 Sest.
1638 3040 1670 3071 p.
1697 3031 1716 3061 9
1747 3033 1781 3062 et
1808 3030 1922 3062 Madv.
1949 3031 2074 3071 Opusc.

304 3088 337 3120 p.
366 3079 459 3116 13ί);
486 3080 555 3118 ipso
581 3079 656 3110 CO.
692 3079 739 3110 Cf.
769 3081 881 3120 Reisig
906 3079 1018 3111 Schol.
1047 3081 1116 3110 Lat.
1145 3080 1242 3119 §216
1269 3089 1349 3111 cum
1376 3081 1488 3111 Haasii
1508 3081 1625 3111 adnot.
1646 3081 1720 3112 378.
1744 3099 1778 3103 —
1807 3081 1857 3111 49.
1876 3081 1961 3111 sicut
1978 3081 2078 3112 Bent-

304 3129 376 3169 ley:
407 3138 449 3160 an
474 3130 556 3160 sicut
581 3130 624 3159 C:
654 3128 735 3170 [am]
761 3131 843 3161 sicut
868 3132 892 3161 Ο
920 3148 955 3153 —
976 3131 1138 3170 pleraque
1162 3130 1209 3160 C:
1240 3129 1410 3168 pleraque,
1442 3129 1498 3169 [sic
1521 3134 1550 3161 el
1573 3131 1631 3160 hoc
1643 3130 1670 3171 5²]
1698 3131 1722 3162 O
1751 3148 1783 3153 -—
1812 3132 1865 3161 Ἥ.
1892 3133 2025 3161 centron
2051 3131 2075 3162 C

307 3196 342 3201 -
368 3178 420 3209 23.
448 3181 579 3209 terrena
606 3180 646 3208 ¹3:
677 3182 711 3209 ut
735 3182 866 3210 terrena
891 3181 915 3211 O
944 3197 976 3202 --
1012 3180 1063 3212 274.
1089 3180 1203 3209 umida
1228 3188 1405 3220 superscr.
1433 3180 1449 3210 h
1477 3181 1512 3216 G„
1544 3180 1679 3210 humida
1705 3181 1730 3211 O
1759 3198 1792 3202 -
1820 3181 1872 3211 25.
1899 3181 1987 3210 mari
2011 3181 2075 3212 GR

308 3245 342 3251 -
369 3227 421 3258 ille
446 3229 471 3259 G
497 3245 532 3249 —
560 3228 612 3258 26.
639 3229 819 3267 superioris
843 3231 904 3260 GR
933 3248 967 3252 —
995 3230 1047 3260 Ξῖ.
1074 3238 1204 3260 sursum
1229 3229 1253 3259 O
1282 3246 1315 3250 —
1349 3229 1500 3260 calestem
1525 3231 1549 3260 G
1578 3248 1611 3253 —
1638 3231 1876 3270 superiora--
1893 3234 2018 3262 natura
2041 3231 2075 3263 in

306 3277 462 3317 margine
487 3286 506 3308 a
530 3286 577 3309 m.
604 3278 737 3309 recenti
766 3278 872 3310 habet
896 3280 920 3310 R
949 3297 983 3302 —-
1010 3279 1063 3311 ⁶28.
1088 3280 1155 3310 sive
1179 3279 1265 3318 quod
1281 3296 1326 3301 —-
1343 3288 1428 3319 quae
1450 3289 1525 3311 cum
1548 3284 1668 3312 constet
1692 3281 1822 3313 Nonius
1851 3289 1884 3322 p.
1911 3280 1985 3313 273.
