2249 3624
513 148 602 187 Lm.
632 147 702 185 111.
744 145 840 186 οη».
870 145 1301 186 xxxa—xxxiv.
1336 144 1395 198 §5
1426 144 1616 185 77-802.
1870 145 1943 187 304

184 260 317 296 crates
347 253 550 294 Alcibiadi
583 253 877 306 persuasisset,
912 257 955 291 ut
986 253 1245 305 accepimus,
1278 266 1372 291 eum
1404 250 1507 291 nihil
1539 252 1720 291 hominis
1752 266 1843 293 esse
1876 268 1949 294 nec

183 318 404 372 quicquam
444 316 551 355 inter
582 314 840 354 Alcibiadem
884 329 1046 355 summo
1081 316 1171 355 loco
1205 321 1345 354 natum
1379 321 1418 354 ct
1450 314 1640 367 quemvis
1671 314 1856 356 baiulum
1889 317 1951 356 in-

181 386 357 426 teresse,
389 392 481 418 cum
514 391 557 418 se
589 377 826 416 Alcibiades
859 378 1091 417 adtlictaret
1114 378 1417 430 lacrimansque
1442 377 1602 416 Socrati
1627 378 1803 430 supplex
1827 386 1950 426 esset,

183 448 226 481 ut
255 441 333 481 sibi
364 441 558 481 virtutem
593 440 776 480 traderet
808 440 1198 493 turpitudincmque
1223 440 1469 493 depelleret,
1503 440 1603 492 quid
1626 439 1826 488 dicemus,
1860 442 1951 481 Cle-

179 503 333 544 anthe‘l
364 517 462 543 num
494 504 534 542 in
566 503 637 542 illa
669 517 730 549 re,
765 517 872 555 quae
895 502 1156 551 aegritudine
1180 503 1436 541 Alcibiadem
1460 500 1697 550 adiiciebat,
1730 504 1826 543 mali
1851 505 1982 545 nihils

178 566 335 607 fuisse?
383 564 449 604 78.
483 565 623 613 Quid?
656 565 726 603 illa
759 565 938 617 Lyconis
962 564 1102 616 qualia
1134 567 1260 603 sunt?
1292 565 1362 617 qui
1386 565 1689 615 aegritudinem
1719 571 1952 607 extenuans

179 630 315 683 parvis
347 629 403 668 ait
431 641 520 667 eam
546 628 669 667 rebus
693 627 868 673 moveri,
902 627 1094 665 fortunae
1118 633 1156 665 et
1179 628 1368 679 corporis
1391 627 1687 675 incommodis,
1720 642 1802 668 non
1825 629 1951 669 animi

179 692 312 733 malis.
359 690 469 739 Quid
501 692 630 742 ergo?
672 689 794 735 illud,
837 689 949 741 qnod
981 688 1217 728 Alcibiades
1251 689 1439 736 dolebat,
1478 704 1557 729 non
1591 704 1642 729 ex
1674 691 1800 730 animi
1833 692 1952 732 malis

178 755 375 807 vitiisque
407 753 652 793 constabat?
694 751 755 791 Ad
786 752 953 806 Epicuri
986 751 1315 791 consolationem
1347 752 1445 791 satis
1478 758 1540 792 est
1570 758 1665 792 ante
1697 754 1866 794 dictum.

292 817 486 857 XXXIII.
518 814 584 855 79.
626 816 686 854 Ne
726 815 796 854 illa
837 814 1005 867 quidem
1039 812 1275 853 firmissima
1306 814 1538 855 consolatio
1571 821 1653 863 est,
1697 830 2004 872 quamquamto

180 885 221 921 et
249 880 403 920 usitata
435 883 498 919 est
528 884 567 918 et
599 891 722 932 saepe
755 878 943 931 prodest:
990 878 1111 916 «Non
1145 876 1217 916 tibi
1251 878 1329 916 lioc
1359 876 1475 915 soli.»
1524 878 1698 919 Prodest
1729 881 1829 919 haec
1863 880 1954 933 qui-

180 943 292 990 dem,
335 947 382 982 ut
421 941 527 988 dixi,
569 941 641 982 sed
684 954 759 980 nec
801 953 966 993 semper
1000 953 1075 978 nec
1107 939 1322 986 omnibns;
1369 945 1464 979 sunt
1495 941 1606 979 enim
1640 943 1710 994 qui
1743 949 1953 996 respuant,

179 1006 253 1046 sed
293 1004 419 1044 refert
461 1017 545 1057 quo
587 1003 711 1044 modo
752 1003 1015 1043 adhibeatur.
1073 1003 1120 1041 Ut
1152 1003 1261 1041 enim
1296 1002 1436 1042 tulerit
1468 1003 1648 1057 quisque
1681 1017 1850 1053 eorum,
1883 1007 1954 1060 qui

180 1068 392 1120 sapienter
422 1066 622 1114 tulerunt,
655 1079 737 1105 non
771 1080 855 1119 quo
889 1066 1067 1118 quisque
1100 1064 1366 1104 incommodo
1398 1065 1582 1105 adfectus
1615 1068 1678 1114 sit,
1710 1068 1956 1120 praedican-

180 1131 278 1170 dum
311 1135 386 1169 est.
435 1129 659 1183 Chrysippi
692 1128 743 1169 ad
777 1128 992 1168 veritatem
1026 1126 1260 1168 firmissima
1293 1133 1375 1175 est,
1408 1128 1458 1168 ad
1493 1134 1655 1182 tempus
1683 1131 2006 1184 aegritudinis&

180 1191 374 1233 difficilis.
420 1193 614 1245 Magnum
649 1205 755 1245 opus
788 1196 850 1230 est
883 1191 1058 1244 probare
1092 1191 1292 1230 maerenti
1324 1191 1440 1230 illum
1472 1204 1548 1231 suo
1571 1192 1726 1232 iudicio
1749 1199 1808 1241 et,
1842 1194 1956 1248 quod

180 1270 223 1298 se
254 1258 310 1296 ita
341 1260 458 1308 putet
489 1260 680 1308 oportere
714 1254 872 1300 facere,
906 1267 1105 1293 maerere.
1150 1254 1355 1294 Nimirum
1389 1254 1533 1306 igitur,
1567 1259 1611 1294 ut
1642 1254 1683 1295 in
1715 1257 1850 1296 causis
1873 1271 1957 1297 non

180 1331 346 1371 semper
375 1317 533 1357 utimur
563 1317 710 1356 eodem
744 1322 850 1356 statu
880 1340 932 1346 -—
956 1317 1013 1355 sic
1045 1317 1153 1356 enim
1187 1316 1446 1369 appellamus
1478 1319 1854 1359 controversiarum
1888 1334 1957 1371 ge-

180 1394 281 1422 nera
312 1403 386 1427 -—‚
418 1379 490 1419 sed
522 1379 572 1419 ad
607 1385 791 1432 tempus,
823 1379 873 1419 ad
900 1379 1209 1419 controversiae
1235 1384 1447 1426 naturam,
1480 1379 1530 1419 ad
1555 1393 1773 1433 personam
1796 1395 1958 1421 accom-

180 1444 421 1490 modamus,
454 1443 511 1482 sic
542 1444 583 1482 in
615 1443 873 1495 aegritudine
907 1443 1100 1482 lenienda
1125 1455 1247 1495 quam
1273 1442 1456 1496 quisque
1479 1444 1738 1483 curationem
1771 1445 2008 1498 reciperem

181 1507 315 1561 possit
344 1505 573 1546 videndum
607 1512 680 1545 est.
728 1504 795 1544 80.
820 1505 899 1544 Sed
924 1506 1064 1544 nescio
1089 1518 1172 1558 qno
1196 1510 1317 1557 paeto
1340 1505 1390 1544 al)
1413 1518 1475 1552 eo,
1509 1505 1622 1559 quod
1646 1513 1734 1546 erat
1755 1521 1777 1547 a
1801 1513 1838 1548 te
1861 1522 1958 1561 pro-

180 1570 385 1623 positum,
417 1569 624 1608 aberravit
647 1569 793 1607 oratio.
832 1568 893 1606 Tu
917 1569 1026 1607 enim
1051 1568 1101 1607 de
1125 1569 1310 1620 sapiente
1334 1569 1588 1621 quaesieras,
1623 1568 1687 1608 cui
1711 1575 1781 1609 aut
1804 1571 1958 1610 malum

180 1632 312 1671 videri
344 1631 505 1671 nullum
541 1636 702 1684 potest,
736 1629 846 1683 quod
880 1636 997 1670 vacet
1028 1630 1311 1683 turpitudine,
1343 1636 1414 1670 aut
1436 1631 1490 1670 ita
1518 1645 1689 1684 parvum
1714 1632 1881 1681 malum,
1914 1638 1960 1673 ut

182 1695 224 1734 id
264 1695 462 1735 obruatur
499 1694 702 1746 sapientia
742 1694 897 1746 vixque
940 1699 1152 1747 appareat,
1198 1694 1268 1746 qui
1306 1691 1409 1732 nihil
1443 1693 1644 1746 opinione
1677 1692 1857 1747 adfingat
1888 1696 1960 1735 ad-

182 1762 404 1810 sumatque
437 1757 487 1796 ad
520 1756 845 1809 aegritudinem,
882 1770 955 1795 rec
986 1757 1026 1795 id
1060 1760 1178 1809 putet
1210 1768 1301 1795 esse
1334 1760 1511 1801 rectum,
1545 1770 1588 1795 se
1621 1770 1745 1809 quam
1779 1758 1958 1798 maxime
1972 1769 2010 1801 25

181 1820 411 1860 excruciari
442 1819 640 1871 luctuque
673 1817 841 1866 confici,
876 1833 959 1872 qno
992 1819 1161 1872 pravius
1194 1818 1293 1857 nihil
1320 1831 1410 1857 esse
1433 1818 1576 1871 possit.
1620 1819 1799 1859 Edocuit
1820 1825 1959 1860 tamen

179 1882 304 1928 ratio,
336 1886 380 1921 ut
409 1882 511 1921 mihi
545 1882 715 1935 quidem
748 1882 932 1929 videtur,
973 1896 1064 1921 cum
1096 1881 1175 1921 hoc
1207 1882 1343 1934 ipsum
1375 1882 1541 1934 proprie
1574 1896 1656 1921 non
1690 1890 1961 1936 quaereretur

180 1943 259 1985 hoc
291 1949 498 1997 tempore,
538 1959 635 1983 num
669 1945 769 1997 quid
802 1950 910 1983 esset
951 1944 1104 1983 malum
1139 1944 1216 1982 nisi
1250 1943 1363 1996 quod
1396 1943 1508 1982 idem
1541 1943 1623 1983 dici
1655 1950 1772 1998 turpe
1804 1952 1958 1999 posset,

180 2012 319 2046 tamen
351 2012 396 2045 ut
427 2005 685 2054 videremus,
720 2007 921 2060 quicquid
956 2011 1067 2046 esset
1097 2006 1137 2044 in
1166 2005 1427 2058 aegritudine
1452 2007 1569 2054 mali,
1602 2006 1642 2046 id
1665 2021 1748 2047 non
1770 2010 1959 2049 naturale

181 2082 294 2116 esse,
327 2068 401 2108 sed
434 2068 669 2110 voluntario
702 2070 856 2109 iudicio
890 2075 929 2109 et
961 2069 1170 2123 opinionis
1204 2082 1344 2108 errore
1377 2075 1646 2109 contractum.
1693 2068 1759 2110 81.
1793 2072 1960 2111 Tracta·
1974 2083 2012 2113 30

181 2137 268 2171 tum
311 2137 372 2171 est
412 2138 549 2172 autem
592 2145 615 2171 a
646 2132 764 2172 nobis
803 2133 843 2171 id
878 2146 1009 2184 genus
1040 2131 1332 2184 aegritudinis,
1375 2131 1488 2184 quod
1520 2146 1648 2172 unum
1681 2139 1743 2173 est
1775 2135 1959 2175 omnium

180 2207 444 2241 maxumum,
476 2201 522 2234 ut
554 2208 602 2234 eo
633 2194 795 2235 sublato
827 2196 1087 2248 reliquorum
1116 2194 1299 2234 remedia
1322 2208 1373 2234 ne
1397 2208 1547 2247 niagno
1571 2209 1698 2249 opere
1721 2195 1960 2250 quaerenda

182 2256 491 2296 arbitraremur.

293 2320 488 2359 XXXIV.
530 2320 633 2359 Sunt
673 2320 780 2360 enim
820 2326 931 2360 certa
971 2334 1079 2374 qnae
1122 2321 1172 2360 de
1213 2325 1474 2373 paupertate,
1513 2327 1623 2361 certa
1655 2336 1762 2376 quae
1795 2323 1846 2363 de
1878 2325 1961 2365 vita

180 2381 430 2421 inhonorata
453 2387 493 2421 et
512 2382 690 2435 ingloria
713 2383 794 2422 dici
817 2383 1001 2431 soleant;
1031 2383 1256 2436 separatim
1281 2388 1417 2423 certae
1440 2384 1606 2424 scholae
1629 2390 1725 2424 sunt
1746 2385 1796 2425 de
1820 2387 1959 2435 exilio,
1973 2397 2010 2427 35

184 2444 235 2484 de
275 2445 445 2484 interitu
489 2445 674 2498 patriae,
717 2445 767 2485 de
804 2446 1028 2493 servitute,
1070 2447 1120 2485 de
1154 2445 1386 2491 debilitate,
1421 2446 1471 2485 de
1504 2447 1722 2494 caecitate,
1761 2448 1811 2488 de
1844 2450 1957 2489 omni

183 2520 304 2554 casu,
349 2507 391 2546 in
437 2520 521 2560 quo
560 2521 715 2548 nomen
759 2509 858 2561 poni
898 2509 1002 2548 solet
1042 2508 1303 2548 calamitatis.
1360 2509 1473 2548 Ilaec
1514 2510 1658 2550 Graeci
1700 2511 1742 2549 in
1775 2511 1960 2565 singulas

185 2569 351 2609 scholas
384 2575 424 2609 et
446 2570 488 2609 in
511 2570 700 2623 singulos
724 2571 849 2611 libros
875 2572 1150 2624 dispertiunt3
1183 2584 1288 2624 opus
1311 2571 1420 2610 enim
1448 2578 1672 2625 quaerunt;
1706 2587 1961 2628 quamquam

181 2632 332 2685 plenae
375 2631 680 2686 disputationes
725 2633 1015 2674 delectationis
1059 2639 1167 2674 sunt.
1229 2631 1295 2673 82.
1335 2635 1387 2674 Et
1423 2640 1561 2674 tamen
1598 2640 1643 2675 ut
1681 2635 1831 2675 medici
1871 2641 1959 2676 toto

270 2830 301 2860 2.
329 2829 473 2861 baiolum
498 2830 521 2861 C
552 2847 583 2852 —
619 2831 650 2862 5.
677 2831 768 2872 num]
794 2835 862 2862 tum
888 2832 911 2863 C
941 2847 974 2854 -·
1004 2832 1244 2871 aegyriluclinem
1270 2833 1334 2863 GR
1363 2850 1397 2854 —-
1424 2832 1607 2864 alcibiaden
1626 2833 1650 2863 B
1673 2851 1707 2855 —
1735 2834 1766 2866 6.
1791 2834 1918 2873 lucanis
1935 2835 1961 2866 G

189 2895 223 2902 ——
251 2880 332 2919 quia
355 2880 596 2920 aeyritudiuem
621 2881 686 2912 GR
714 2898 749 2903 —
776 2882 806 2912 7.
832 2891 897 2913 uon
923 2883 1028 2913 animi
1050 2883 1133 2913 mali
1158 2882 1181 2913 C
1212 2899 1244 2904 —
1281 2882 1333 2912 4²2.
1361 2881 1446 2912 enim
1470 2890 1539 2913 om.
1567 2879 1605 2913 G¹
1633 2900 1668 2906 —
1696 2884 1745 2915 46.
1773 2893 1854 2915 onus
1878 2884 1902 2916 C
1923 2901 1959 2906 —

185 2930 238 2962 48.
266 2930 482 2969 appellamus]
508 2929 593 2961 Vide
619 2930 663 2961 ad
689 2931 732 2961 tv
756 2930 773 2971 5
800 2932 851 2962 ⁴2.
875 2948 909 2953 —
936 2932 989 2963 ΞΟ.
1009 2932 1170 2963 lenienda.
1198 2939 1393 2970 numquam
1411 2932 1434 2962 C
1457 2948 1491 2952 —
1512 2930 1563 2963 24.
1591 2932 1730 2973 adfinyit
1753 2933 1962 2972 adsumatque

185 2982 528 3019 --putat--potest
558 2979 650 3010 Bake
688 2978 708 3010 l.
735 2978 756 3011 l.
784 2989 816 3020 p.
844 2981 895 3012 96.
925 2997 962 3003 —
996 2981 1049 3012 ΞΤ.
1073 2981 1233 3020 propriae
1263 2980 1287 3011 R
1320 2980 1353 3011 et
1386 2989 1406 3010 α
1431 2978 1546 3011 deleta
1572 2981 1596 3011 G
1623 2998 1658 3002 —
1685 2982 1738 3014 28.
1765 2991 1852 3014 nunc
1875 2983 1963 3022 quod

188 3029 233 3065 C;
259 3037 338 3059 num
362 3030 447 3068 quod
472 3030 509 3060 Ο.
547 3028 799 3061 «scribendum
832 3032 883 3061 est
915 3039 994 3061 uum
1026 3031 1114 3069 quid.
1154 3030 1273 3061 Latine
1299 3030 1425 3060 dicitur
1454 3030 1512 3060 aut
1540 3030 1650 3062 nihil
1675 3036 1719 3063 est
1745 3033 1801 3071 (est
1824 3031 1959 3073 copula)

185 3079 311 3110 malum
335 3079 397 3109 nisi
423 3078 478 3117 (id)
504 3079 590 3117 quod
623 3082 716 3118 turpe
744 3083 788 3110 est
814 3080 867 3119 (cf.
894 3081 934 3117 ΙΙ,
961 3080 1014 3110 29.
1043 3080 1094 3111 30.
1122 3079 1161 3113 V,
1189 3079 1240 3111 48.
1267 3080 1320 3111 24.
1347 3079 1400 3110 ⁶27.
1426 3078 1531 3109 Acad.
1560 3080 1598 3118 11,
1626 3080 1699 3113 430.
1727 3082 1797 3113 Fin.
1824 3082 1878 3119 IV,
1905 3080 1958 3113 54.

186 3126 227 3165 V,
253 3126 304 3166 83)
340 3129 399 3158 aut
428 3128 583 3159 nullum
613 3131 657 3159 est
691 3130 731 3166 (v.
765 3128 1036 3167 substantivum)
1061 3130 1185 3160 malum
1213 3131 1387 3168 praeter
1415 3128 1651 3167 turpitudinem
1677 3130 1732 3170 (cf.
1758 3131 1799 3168 V,
1825 3131 1878 3162 2⁴.
1905 3131 1958 3163 29.

187 3175 305 3207 Famil.
333 3176 373 3215 ll,
401 3177 454 3215 46,
482 3178 511 3208 ⁴.
539 3178 610 3209 Fin.
637 3179 676 3214 ΙΙ,
704 3179 733 3208 ’7.
760 3178 800 3215 V,
821 3178 907 3218 73).»
935 3179 989 3210 W.
1013 3197 1045 3201 —
1075 3180 1127 3210 32.
1155 3187 1207 3210 eos
1231 3181 1326 3210 G1—
1349 3180 1589 3218 maynopereC
1609 3196 1643 3201 —
1671 3180 1723 3211 35.
1750 3180 1850 3211 solent
1868 3180 1959 3211 Bake

187 3223 210 3256 l.
236 3223 258 3256 l.
284 3234 318 3266 p.
345 3226 396 3256 97.
425 3242 460 3248 —
487 3227 595 3258 scolae
618 3227 682 3258 GR
711 3245 746 3251 -
773 3227 825 3259 36.
852 3227 1010 3260 dibilitate
1034 3227 1072 3260 R¹
1093 3247 1125 3251 —
1152 3228 1205 3261 38.
1232 3229 1337 3260 scolas
1361 3229 1424 3260 GR
1444 3245 1478 3250 —
1506 3228 1558 3261 39.
1579 3229 1706 3269 planae
1729 3230 1962 3270 disputationis

189 3273 213 3305 C
242 3292 275 3296 —
302 3278 378 3306 sune
401 3275 622 3308 delectationis
646 3277 689 3310 Ο.
