2249 3624
266 140 311 181 54
322 141 347 183 2
928 143 999 180 DE
1029 142 1381 183 DIVINATIONE

379 247 523 285 XLIV.
565 245 629 286 99.
673 245 877 285 Caeciliae
911 246 960 294 Q.
992 247 1103 300 filiae
1135 248 1297 287 somnio
1329 248 1454 288 modo
1484 249 1659 288 Marsico
1689 249 1800 290 bello
1829 252 2030 303 templum
2052 238 2062 254 ⁵

267 315 328 348 est
359 322 381 347 a
412 315 557 347 senatu
580 309 729 347 Iunoni
753 308 942 360 Sospitae
975 309 1223 348 restitutum.
1267 309 1390 357 Quod
1424 310 1589 363 quidem
1621 311 1830 351 somnium
1854 312 2031 353 Sisenna

266 385 357 410 cnm
390 371 689 422 disputavisset
720 368 894 409 mirifice
925 370 976 409 ad
1010 371 1182 410 verbum
1206 386 1299 411 cum
1323 385 1365 411 re
1389 373 1656 419 convenisse,
1678 379 1766 413 tum
1789 375 2030 423 insolenter,

265 434 389 472 credo
421 433 471 471 ab
493 433 700 484 Epicureo
731 432 872 484 aliquo
904 432 1115 480 inductus,
1147 434 1332 486 disputat
1362 434 1533 474 somniis
1565 436 1679 474 credi
1713 449 1795 475 non
1824 443 2031 489 oportere.

232 496 376 534 51dem
417 501 560 533 contra
601 499 762 534 ostenta
806 495 911 533 nihil
953 495 1138 547 disputat
1178 497 1439 550 exponitque
1487 497 1606 536 initio
1647 497 1746 537 belli
1787 499 1950 539 Marsici
1993 503 2034 538 et

264 558 436 596 deorum
469 556 686 595 simulacra
718 556 936 596 sudavisse
974 564 1015 597 et
1046 558 1291 610 sanguinem
1323 556 1494 598 fluxisse
1526 564 1568 598 et
1598 559 1839 599 discessisse
1871 561 2033 600 caelum

263 626 302 658 et
334 633 386 658 ex
418 619 583 657 occulto
615 619 779 658 auditas
811 633 903 658 esse
934 634 1071 666 voces,
1105 633 1214 673 quae
1246 621 1432 674 pericula
1462 621 1562 660 belli
1596 622 1851 669 nuntiarent,
1884 628 1924 662 et
1955 623 2033 662 La—

262 682 377 720 nuvii
420 681 605 732 clipeOS,
651 680 761 733 quod
801 681 1092 735 haruspicibus
1124 681 1421 722 tristissumum
1452 684 1588 723 visum
1621 689 1759 731 esset,
1791 697 1813 723 a
1847 683 2033 724 muribus

262 758 353 783 esse
386 744 572 783 derosos.
634 740 728 782 1100.
775 743 916 791 Quid?
961 746 1071 797 quod
1103 745 1145 784 in
1176 745 1397 784 annalibus
1429 745 1662 792 habemus,
1703 746 1866 785 Veienti
1906 746 2033 794 bello,

212 815 354 846 flocum
386 807 500 845 lacus
523 806 709 845 Albanus
741 812 906 858 praeter
936 808 1105 847 modum
1137 808 1350 854 crevisset,
1382 808 1601 847 Veientem
1635 808 1846 861 quendam
1878 809 1929 848 ad
1957 822 2032 848 nos

260 869 474 908 hominem
516 868 700 907 nobilem
744 868 978 920 perfugisse
1021 883 1203 923 eumque
1244 870 1401 909 dixisse
1442 883 1495 909 ex
1525 869 1649 917 fatis,
1696 884 1805 924 quae
1836 871 2032 912 Veientes

262 931 416 983 scripta
455 930 676 977 haberent,
718 931 842 970 Veios
885 932 975 984 capi
1006 945 1089 971 non
1120 945 1266 984 posse,
1312 933 1410 971 dum
1442 932 1556 971 lacus
1588 933 1623 972 is
1654 933 1931 985 redundaret,
1979 938 2033 981 et,

261 993 294 1032 si
328 994 442 1032 lacus
474 993 650 1031 emissus
682 993 803 1045 lapsu
845 999 885 1032 et
916 1007 1039 1033 cursu
1070 1007 1148 1033 suo
1187 993 1238 1033 ad
1271 1007 1382 1033 mare
1414 995 1705 1047 profluxisset,
1746 995 2033 1047 perniciosum

262 1056 416 1108 populo
439 1055 646 1094 Romano:
680 1055 743 1094 sin
774 1061 912 1095 autem
944 1056 1001 1095 ita
1032 1061 1142 1096 esset
1174 1056 1362 1101 eductus,
1394 1062 1440 1096 ut
1469 1056 1521 1096 ad
1554 1070 1666 1097 mare
1699 1058 1918 1111 pervenire
1946 1070 2033 1096 non

215 1128 246 1156 15
262 1123 427 1171 posset,
472 1122 559 1156 tum
605 1117 787 1157 salutare
833 1119 984 1158 nostris
1028 1118 1132 1158 fore.
1191 1119 1256 1158 Ex
1294 1132 1378 1171 quo
1418 1119 1488 1158 illa
1520 1120 1720 1159 mirabilis
1751 1132 1774 1159 a
1805 1120 2033 1159 maioribus

259 1180 443 1219 Albanae
474 1192 607 1232 aquae
636 1179 745 1219 facta
776 1180 970 1221 deductio
1002 1187 1076 1220 est.
1126 1181 1230 1221 Cum
1260 1187 1400 1221 autem
1423 1182 1616 1221 Veientes
1649 1181 1760 1221 bello
1792 1180 1890 1221 fessi
1922 1181 2035 1234 lega-

260 1249 322 1282 tos
355 1242 406 1281 ad
438 1247 628 1281 senatum
660 1242 886 1289 misissent,
917 1248 1004 1283 tum
1036 1256 1089 1283 ex
1120 1244 1172 1283 iis
1204 1243 1373 1297 quidam
1409 1243 1565 1284 dixisse
1598 1244 1752 1284 dicitur
1781 1257 1866 1283 non
1892 1244 2034 1284 omnia

259 1306 376 1344 illum
409 1303 664 1357 transfugam
696 1318 844 1344 ausum
876 1318 967 1345 esse
999 1307 1162 1346 senatui
1195 1307 1359 1346 dicere:
1391 1307 1433 1345 in
1465 1307 1597 1346 isdem
1631 1307 1743 1346 enim
1774 1306 1871 1346 fatis
1899 1307 2031 1359 scrip-

261 1375 346 1408 tum
378 1368 575 1407 Veientes
606 1367 778 1413 habere,
810 1366 897 1407 fore
930 1373 974 1407 ut
1003 1369 1121 1408 brevi
1153 1382 1176 1408 a
1207 1369 1336 1408 Gallis
1368 1370 1496 1409 Roma
1529 1376 1759 1422 caperetur,
1792 1369 1906 1423 quod
1938 1368 2033 1422 qui-

209 1441 245 1471 20
260 1431 352 1470 dem
385 1430 588 1470 sexennio
620 1435 715 1483 post
744 1430 868 1470 Veios
900 1436 1042 1484 captos
1072 1430 1226 1471 factum
1259 1445 1351 1471 esse
1384 1432 1588 1471 videmus.

373 1494 496 1533 XLV.
531 1490 624 1532 401.
657 1493 790 1545 Saepe
822 1493 945 1532 etiam
978 1499 1019 1533 et
1049 1494 1092 1533 in
1123 1494 1293 1547 proeliis
1315 1494 1446 1534 Fauni
1478 1495 1610 1534 auditi
1643 1499 1684 1534 et
1714 1494 1756 1534 in
1787 1494 1912 1534 rebus
1943 1498 2030 1533 tur-

260 1557 369 1597 bidis
400 1557 607 1596 veridicae
639 1568 761 1595 voces
793 1568 845 1594 ex
876 1556 1041 1596 occulto
1074 1558 1226 1597 missae
1247 1571 1339 1597 esse
1362 1557 1579 1596 dicuntur:
1613 1557 1733 1597 cuius
1756 1556 1919 1610 generis
1945 1556 2028 1595 duo

260 1621 343 1659 sint
382 1633 435 1659 ex
476 1618 616 1657 multis
658 1618 877 1670 exempla,
925 1618 999 1658 sed
1041 1633 1250 1659 maxuma.
1311 1621 1413 1659 Nam
1454 1633 1539 1659 non
1582 1619 1712 1660 multo
1749 1625 1844 1659 ante
1879 1618 2026 1658 urbem

260 1689 420 1734 captam
460 1680 657 1720 exaudita
695 1693 778 1719 vox
810 1686 872 1720 est
901 1694 924 1720 a
955 1681 1047 1721 luco
1079 1683 1252 1729 Vestae,
1300 1682 1370 1735 qui
1402 1695 1425 1721 a
1455 1682 1600 1722 Palatii
1634 1682 1773 1722 radice
1804 1682 1846 1721 in
1878 1694 2027 1721 novam

208 1756 245 1784 ‘25
263 1746 370 1785 viam
403 1745 588 1784 devexus
620 1748 709 1789 est,
762 1749 838 1782 «ut
867 1744 975 1783 muri
1008 1750 1049 1784 et
1080 1750 1224 1797 portae
1255 1743 1550 1784 reficerentur:
1596 1744 1779 1785 futurum
1811 1756 1917 1791 esse,
1948 1742 2030 1783 nisi

260 1809 475 1862 provisum
509 1812 631 1853 esset,
663 1811 707 1845 ut
730 1807 861 1846 Roma
893 1812 1148 1858 caperetur.»
1197 1806 1317 1854 Quod
1350 1807 1608 1859 neglectum,
1640 1820 1733 1846 cum
1755 1807 1889 1847 caveri
1913 1811 2029 1859 pote-

258 1877 339 1917 rat,
383 1875 477 1923 post
507 1874 720 1921 acceptam
752 1869 865 1908 illam
898 1869 1119 1909 maximam
1152 1869 1312 1908 cladem
1343 1869 1557 1921 expiatum
1591 1875 1665 1909 est.
1705 1870 1788 1909 Ara
1819 1869 1927 1909 enim
1950 1868 2028 1908 Aio

257 1932 480 1986 Loquenti,
513 1945 636 1985 quam
668 1937 852 1983 saeptam
886 1931 1088 1979 videmus,
1122 1932 1377 1972 exadversus
1410 1945 1505 1971 eum
1528 1932 1665 1972 locum
1689 1937 1930 1972 consecrata
1952 1935 2028 1971 est.

256 1998 392 2049 Atque
425 1996 549 2034 etiam
581 1994 778 2045 scriptum
812 2007 834 2032 a
865 1994 1007 2033 multis
1040 2000 1124 2041 est,
1167 2008 1260 2033 cum
1298 2000 1431 2033 terrae
1469 2000 1608 2034 motus
1645 1994 1778 2035 factus
1811 2000 1944 2041 esset,
1981 1998 2028 2033 ut

207 2071 242 2100 30
257 2072 330 2098 sue
374 2058 495 2111 plena
536 2057 772 2109 procuratio
814 2054 953 2103 fieret,
994 2070 1139 2097 vocem
1171 2057 1221 2096 ab
1253 2055 1356 2095 aede
1386 2057 1561 2097 Iunonis
1603 2072 1657 2097 ex
1686 2071 1780 2098 arce
1813 2057 2025 2097 extitisse:

256 2121 453 2174 quocirca
484 2121 686 2158 Iunonem
717 2119 830 2158 illam
862 2118 1114 2171 appellatam
1146 2121 1368 2159 Monetam.
1418 2120 1532 2160 Haec
1562 2121 1691 2173 igitur
1721 2126 1761 2160 et
1792 2134 1815 2160 a
1846 2120 1909 2160 dis
1941 2119 2026 2172 sig-

257 2184 424 2223 nificata
455 2188 496 2222 et
526 2195 548 2221 a
580 2182 732 2221 nostris
765 2182 989 2221 maioribus
1020 2182 1202 2221 iudicata
1222 2182 1556 2222 contemnimus?
1603 2180 1697 2222 40⁶2.
1719 2184 1866 2236 Neque
1888 2182 2026 2222 solum

257 2247 430 2286 deorum
475 2258 595 2284 voces
635 2244 885 2297 Pythagorei
927 2244 1309 2291 observitaverunt‚
1351 2245 1423 2284 sed
1465 2245 1588 2285 etiam
1630 2245 1876 2291 hominum,
1917 2256 2025 2297 quae

257 2315 405 2350 vocant
436 2309 588 2348 omina.
641 2307 760 2354 Quae
791 2307 969 2346 maiores
1000 2306 1132 2346 nostri
1165 2306 1266 2359 quia
1296 2307 1434 2347 valere
1466 2307 1715 2355 censebant,
1746 2307 1905 2347 idcirco
1937 2319 2025 2346 om-

254 2522 346 2552 uiros
370 2522 414 2552 od
437 2520 536 2551 libros
559 2520 608 2550 ire
629 2519 722 2551 iussit
745 2519 879 2559 quantis
902 2519 935 2548 in
959 2517 1055 2549 rebus
1079 2527 1212 2558 quamq.
1232 2527 1326 2558 saepe
1347 2518 1511 2558 responsis
1536 2518 1726 2558 aruspicum
1739 2518 1856 2558 paruit
1870 2518 2027 2550 caeciliae

256 2574 298 2609 (33
327 2582 357 2603 x.
378 2580 480 2612 supra
507 2571 548 2600 ad
575 2579 606 2600 v.
628 2570 665 2600 46
693 2584 728 2591 --
757 2570 785 2600 4.
815 2578 844 2608 q.
864 2569 888 2607 f.
915 2569 986 2606 AB,
1015 2577 1076 2608 que
1101 2569 1165 2600 HV
1192 2586 1226 2591 —
1253 2570 1285 2600 2.
1312 2569 1442 2600 iunonis
1464 2569 1587 2608 hospite
1611 2569 1673 2600 BH
1702 2586 1737 2591 —
1763 2569 1916 2600 rescitum
1940 2568 1965 2599 B
1984 2584 2020 2590 -

255 2622 285 2653 3.
311 2623 436 2652 uenisse
458 2619 498 2652 Α1
525 2639 559 2643 -
593 2623 661 2650 tum
686 2619 730 2650 C:
757 2622 866 2649 tamen
891 2619 1032 2650 Ursinus
1060 2636 1095 2641 —-
1122 2618 1151 2650 4.
1179 2620 1312 2658 epicuro
1335 2620 1359 2650 B
1388 2637 1423 2641 ——
1449 2620 1480 2650 5.
1505 2619 1653 2657 idemque
1678 2618 1704 2649 H
1728 2635 1771 2641 —-
1795 2618 1868 2650 belli
1889 2617 2026 2649 marsici

253 2675 345 2705 initio
372 2674 396 2704 H
424 2689 457 2694 —
485 2672 515 2702 7.
542 2671 648 2701 oculto
671 2667 711 2701 A¹
733 2685 777 2692 ——
799 2670 928 2700 lanuini
952 2669 990 2704 V,
1017 2669 1122 2699 lanuii
1147 2669 1183 2705 Β,
1210 2669 1273 2700 sed
1297 2669 1321 2700 ii
1345 2670 1378 2700 in
1404 2677 1473 2700 ras.
1499 2686 1542 2691 —-
1565 2669 1595 2700 8.
1623 2668 1762 2707 clipeum
1785 2668 1824 2705 H,
1851 2667 1979 2707 clypeos
1996 2667 2022 2698 O

261 2742 294 2745 ›—
320 2724 421 2753 tristis
443 2730 571 2752 sumum
595 2722 621 2751 A
647 2736 681 2741 —
709 2719 739 2750 9.
757 2720 878 2750 ueienli
900 2716 941 2750 Α2
953 2717 1049 2749 B²v1
1075 2719 1189 2749 ueiecti
1212 2717 1264 2756 A¹‚
1289 2723 1423 2759 ueqente
1446 2718 1495 2755 13¹,
1521 2720 1670 2759 ueryenti
1690 2719 1715 2749 H
1735 2735 1770 2740 —
1800 2718 1851 2750 40.
1870 2719 2024 2749 αεὶεειθπι

254 2772 305 2811 A¹,
331 2775 511 2805 uenientem
536 2771 584 2809 B1,
610 2774 768 2801 uelenslem
793 2770 819 2801 Η
839 2787 872 2791 -
902 2770 953 2801 44,
973 2770 1116 2799 homines
1141 2765 1176 2798 Βι
1203 2784 1237 2789 —-
1261 2769 1479 2808 pet-fugissem
1504 2767 1553 2806 13¹,
1574 2768 1761 2808 profugisse
1786 2766 1866 2799 edd.
1886 2769 2020 2798 vett.—

254 2829 284 2856 et
306 2825 384 2864 fatis
401 2824 426 2852 V
453 2840 485 2844 —
514 2823 650 2853 veiensis
674 2821 712 2858 V,
739 2822 857 2851 ueieces
881 2818 932 2857 A¹‚
957 2821 1108 2859 ueyentes
1133 2818 1182 2855 13¹,
1208 2821 1351 2849 ualentes
1376 2818 1403 2848 H
1432 2836 1466 2840 —-
1501 2818 1553 2848 ⁴2.
1579 2817 1701 2849 scribta
1723 2818 1750 2849 A
1775 2835 1817 2840 —
1840 2817 1894 2848 uei
1916 2825 1969 2848 eos
1992 2816 2022 2847 V

258 2894 291 2898 -
321 2876 371 2905 42.
396 2874 433 2914 is]
459 2874 506 2902 his
530 2873 553 2902 Β
582 2889 616 2893 -
651 2871 701 2902 43.
729 2870 822 2901 cabsu
847 2871 871 2901 Α
900 2887 933 2892 —
959 2869 1107 2910 statuisset
1132 2868 1154 2898 B
1183 2883 1217 2889 —
1252 2868 1304 2899 44.
1326 2868 1487 2907 populum
1511 2868 1534 2899 B
1571 2885 1605 2890 --
1638 2871 1716 2899 esset
1740 2876 1808 2900 om.
1834 2868 1861 2898 H
1896 2885 1929 2890 —
1965 2867 2019 2898 45.

251 2926 318 2966 fere
342 2921 380 2953 V¹
411 2941 440 2944 —
469 2922 629 2952 mirabilis
653 2922 697 2951 (ῖς
726 2920 933 2951 admirabilis
956 2918 1059 2950 codd.
1086 2918 1211 2948 Moseri
1237 2919 1271 2948 et
1287 2919 1312 2949 O
1333 2934 1367 2940 —
1397 2918 1435 2949 46
1454 2920 1488 2949 et
1506 2918 1557 2949 49.
1572 2918 1709 2949 ueiectes
1724 2916 1764 2949 A¹
1779 2934 1814 2940 —
1837 2917 1920 2954 lesse
1935 2918 1962 2948 Α
1981 2932 2018 2939 -

255 2976 305 3005 47.
333 2983 375 3004 ω·
399 2974 425 3002 is
450 2970 496 3006 15¹,
524 2981 565 3001 ev
588 2971 636 3000 his
658 2973 683 3000 A
695 2967 836 3000 B²HVO
861 2987 902 2991 —
928 2969 979 2999 48.
1005 2968 1126 2999 hisdem
1150 2968 1267 3005 ΑΒΗ,
1295 2968 1408 2999 iisdem
1433 2968 1457 2999 O
1482 2985 1524 2990 -
1547 2967 1703 2998 scribtum
1720 2969 1746 3000 A
1766 2986 1800 2991 —
1827 2969 1880 3000 21.
1899 2967 2021 2998 turbidi

253 3023 294 3054 V¹
320 3041 353 3045 —
387 3024 439 3053 22.
466 3022 627 3051 uiridia-ae
650 3020 710 3051 BV
739 3038 782 3042 —-
817 3020 869 3050 23.
895 3020 960 3050 sint
984 3018 1141 3057 Madvig:
1174 3021 1247 3048 sunt
1272 3018 1345 3049 CO.
1379 3019 1436 3048 «ln
1461 3016 1596 3057 vulgata
1624 3018 1751 3049 mirum
1777 3020 1830 3049 est
1853 3015 2020 3058 loquendi

254 3083 382 3114 genus,
416 3073 484 3103 duo
516 3080 592 3101 esse
624 3069 781 3110 exempla
808 3078 849 3101 ex
876 3068 992 3100 multis
1023 3068 1088 3108 (sic
1113 3066 1301 3105 absolute).
1350 3067 1461 3098 Scrib.
1489 3067 1552 3097 duo
1575 3067 1640 3098 sint
1671 3067 1724 3107 (id
1748 3069 1818 3106 est,
1850 3066 2018 3098 hocloco

254 3122 437 3163 ponantur)
463 3130 505 3151 ex
527 3121 636 3151 multis
660 3121 823 3159 exempla,
848 3120 902 3150 sed
924 3119 1109 3153 maxima.»
1138 3134 1171 3138 —
1198 3126 1263 3147 non
1288 3126 1357 3148 om.
1379 3117 1405 3148 ΙΙ
1434 3135 1468 3139 -
1494 3117 1545 3148 25.
1565 3118 1741 3156 reficeretur
1757 3118 1783 3149 H
1808 3136 1850 3140 —
1872 3118 1925 3149 26.
1943 3123 2016 3148 cum

253 3182 322 3204 om.
351 3170 399 3209 13¹,
427 3175 493 3201 lum
517 3171 572 3200 AV
601 3188 633 3191 -
660 3170 713 3200 ⁶27.
734 3170 905 3209 erpialum
927 3168 1087 3199 Davisius
1112 3168 1165 3205 (ex
1185 3167 1255 3197 Liv.
1275 3166 1315 3204 V,
1336 3176 1366 3198 c.
1383 3165 1455 3207 50):
1482 3166 1687 3205 explicatum
1712 3167 1735 3198 C
1759 3184 1793 3189 —
1820 3166 1872 3198 28.
1899 3170 2015 3205 septem

253 3222 281 3252 V
301 3238 336 3244 —
363 3223 573 3251 consecranti·
593 3220 617 3250 ll
646 3237 679 3241 -
706 3220 759 3250 29.
786 3218 985 3249 scribcumA
1013 3235 1045 3240 -
1072 3220 1117 3248 est
1140 3219 1165 3247 A
1190 3225 1266 3256 sup.
1286 3215 1343 3247 lin.
1368 3235 1400 3239 —-
1428 3216 1480 3247 30.
1499 3225 1578 3248 suae
1595 3216 1658 3248 BH
1681 3234 1712 3238 —
1741 3216 1792 3248 34.
1816 3217 1917 3257 igitur
1940 3223 1961 3245 α
1986 3213 2015 3247 Η

256 3288 289 3293 -
319 3271 371 3302 32.
396 3270 543 3302 indicata
569 3269 608 3300 ΥΞ
634 3287 667 3291 -
702 3268 753 3300 34.
778 3269 898 3300 iccirco
922 3269 961 3300 H.
