2249 3624
690 92 778 132 Lm.
811 92 840 132 Ι.
880 90 976 131 Cn.
1008 91 1075 132 lv.
1112 88 1171 143 ἓξ
1204 87 1398 130 ll—lS.
1871 88 1916 130 61

295 206 443 255 Quae
475 219 584 245 cum
617 205 782 252 dicta,
816 206 865 245 in
899 209 1191 257 conspectu
1224 204 1571 243 consedimus
1603 216 1794 243 omnes.

166 267 230 309 15.
261 271 366 309 Tum
399 269 525 308 Varro
558 269 612 308 ita
645 282 819 307 exorsus
853 273 938 307 est:
973 268 1162 306 Socrates
1195 266 1294 306 mihi
1328 267 1514 313 videtur,
1547 266 1586 305 id
1620 266 1734 319 quod
1767 271 1927 305 constat

165 334 272 372 inter
314 344 479 377 omues,
520 332 676 383 primus
720 344 741 369 a
780 331 902 369 rebus
934 330 1107 369 occultis
1140 335 1178 369 et
1221 330 1270 369 ab
1312 330 1400 382 ipsa
1441 335 1584 369 natura
1623 329 1844 375 involutis,
1887 329 1926 368 in

168 395 317 449 quibus
355 407 499 432 omnes
538 399 632 432 aute
675 406 767 432 eum
801 392 1039 445 philosophi
1074 392 1262 444 occupati
1294 391 1482 439 suerunt,
1520 393 1759 431 avocavisse
1793 392 1930 444 philo-

169 457 357 511 sophiam
401 460 442 494 ct
481 456 530 494 ad
573 456 699 494 vitam
742 468 1003 493 communcm
1048 454 1295 501 adduxisse,
1339 461 1382 494 ut
1415 456 1464 493 de
1498 455 1716 494 virtutibus
1748 460 1788 494 et
1819 455 1960 494 vitiis5

169 520 421 570 omninoque
457 516 507 555 de
539 517 659 555 bonis
692 516 814 555 rebus
844 522 880 555 ct
906 517 1024 555 malis
1049 523 1286 569 quaereret,
1319 518 1514 557 caelestia
1537 524 1674 557 autem
1698 518 1761 557 vel
1786 517 1929 570 procul

168 595 257 620 esse
289 593 311 619 a
343 584 479 617 nostra
513 579 748 630 cognitione
781 584 994 624 censeret,
1028 579 1113 625 vel,
1155 580 1188 618 si
1231 581 1407 619 maxime
1444 581 1608 632 cognita
1641 586 1793 628 essent,
1825 580 1929 620 nihil

167 649 302 682 tamen
343 641 466 679 calere
505 640 555 679 ad
597 640 702 679 bene
736 641 974 679 vivendum.
1043 638 1100 679 tf».
1135 642 1209 680 llic
1242 643 1280 680 in
1314 643 1505 682 omnihus
1538 643 1623 682 sere
1655 643 1930 690 sermonihuS,

167 705 238 757 qui
270 704 319 743 ab
352 703 424 750 iis,
470 703 540 754 qui
587 702 699 741 illum
733 702 975 749 audieruut,
1018 704 1236 755 perscripti
1270 705 1381 743 varie
1425 706 1681 759 copioseque
1721 713 1834 753 sunt,
1875 707 1930 745 ita

165 767 372 819 disputat,
412 771 455 804 ut
487 764 589 804 nihil
623 763 812 804 adlirmet
844 765 952 817 ipse,
994 764 1155 804 refellat
1187 766 1312 804 alios:
1356 768 1458 805 nihil
1498 781 1540 807 se
1573 769 1677 807 scire
1712 769 1820 809 dicat
1853 771 1980 810 nisito

165 828 205 867 id
237 829 396 881 ipsum,
438 840 574 880 eoque
612 832 822 879 praestare
855 828 1022 873 ceteris,
1056 827 1168 880 quod
1202 828 1260 866 illi
1285 842 1392 880 quae
1425 830 1612 869 nesciant
1642 831 1747 869 scire
1780 846 1823 871 se
1855 847 1931 885 pu-

164 896 268 937 tent,
309 891 423 943 ipse,
465 903 508 928 se
541 888 644 927 nihil
677 890 801 936 scire,
844 889 882 928 id
928 904 1055 928 {inum
1088 890 1214 929 sciat:
1255 890 1306 929 ob
1339 904 1515 944 eamque
1548 906 1631 932 rem
1665 907 1709 933 se
1740 895 1930 934 arbitrari

163 953 213 992 ab
244 953 437 1006 Apolline
477 953 660 991 omnium
702 953 1052 1004 sapientissimum
1087 966 1177 992 esse
1210 952 1385 999 dictum,
1426 955 1541 1007 quod
1574 955 1674 994 haec
1707 962 1817 996 esset
1850 971 1931 997 una

164 1014 297 1054 omnis
328 1015 553 1067 sapientia,
586 1027 668 1052 non
700 1014 890 1053 arbitrari
925 1027 967 1053 se
1000 1015 1104 1054 scire
1137 1015 1251 1068 quod
1283 1016 1453 1055 nesciat.
1508 1016 1626 1064 Quae
1658 1032 1749 1059 cum
1774 1020 1932 1059 diceret

164 1082 404 1116 constanter
443 1083 483 1116 et
520 1076 560 1115 in
605 1090 653 1115 ea
684 1077 892 1116 sententia
922 1082 1205 1130 permaneret,
1247 1079 1381 1117 omnis
1414 1078 1503 1118 eius
1535 1080 1666 1120 oratio
1698 1087 1855 1122 tantum
1888 1083 1981 1122 inifi

164 1139 315 1179 virtute
355 1138 560 1178 laudanda
599 1144 640 1177 et
681 1139 722 1177 in
754 1138 995 1178 hominibus
1027 1139 1077 1178 ad
1120 1140 1284 1180 virtutis
1324 1141 1505 1181 studium
1536 1141 1803 1184 cohortandis
1835 1159 1932 1185 con-

164 1197 422 1247 sumebatur,
454 1207 499 1241 ut
530 1215 582 1241 ex
610 1201 917 1240 Socraticorum
939 1201 1054 1240 libris
1076 1202 1344 1256 maximeque
1368 1203 1550 1243 Platonis
1572 1204 1756 1258 intellegi
1781 1212 1931 1259 potest.

166 1260 230 1303 '‘l7.
262 1264 442 1303 Platonis
474 1270 612 1303 autem
644 1264 910 1310 auctoritate,
942 1263 1014 1316 qui
1048 1263 1185 1303 varius
1218 1270 1258 1303 et
1289 1265 1508 1319 multiplex
1540 1272 1581 1306 et
1611 1269 1807 1321 copiosus
1838 1269 1931 1318 fuit,

164 1340 248 1366 una
287 1332 327 1366 et
365 1327 632 1366 consentiens
674 1326 836 1366 duobus
876 1326 1093 1365 vocabulis
1130 1327 1424 1380 philosophiae
1467 1328 1601 1369 forma
1631 1330 1821 1372 instituta
1852 1338 1932 1381 est,

163 1388 506 1428 Academicorum
553 1394 593 1429 et
639 1389 1032 1442 Peripateticorum:
1082 1389 1154 1442 qui
1203 1390 1327 1429 rebus
1373 1398 1650 1444 congruentes
1692 1395 1982 1436 nominibus20

164 1451 424 1491 differebant.
474 1453 576 1491 Nam
619 1466 710 1491 cum
752 1452 1057 1505 Speusippum,
1101 1453 1257 1491 sororis
1299 1453 1452 1500 filium,
1494 1454 1609 1494 Plato
1642 1456 1932 1510 philosophiae

165 1514 282 1567 quasi
313 1514 509 1554 heredem
542 1515 801 1568 reliquisset,
834 1515 917 1553 duo
950 1520 1087 1553 autem
1119 1515 1502 1566 praestantissimos
1534 1518 1673 1557 studio
1705 1525 1832 1572 atque
1858 1520 1932 1560 do-

164 1577 316 1622 ctrina,
359 1577 635 1616 Xenocratem
671 1576 996 1616 Chalcedonium
1040 1582 1079 1615 et
1108 1577 1376 1617 Aristotelem
1410 1579 1669 1631 Stagiritem:
1711 1583 1782 1635 qui
1816 1588 1934 1622 erant

164 1652 256 1678 cum
286 1639 529 1686 Aristotele,
565 1639 827 1692 Peripatetici
861 1639 958 1677 dicti
992 1644 1109 1685 sunt,
1143 1640 1242 1692 quia
1265 1641 1535 1694 disputabant
1564 1643 1870 1685 inambulantes
1892 1649 1931 1685 in

164 1701 314 1754 Lycio,
345 1702 404 1740 illi
437 1708 596 1748 autem,
629 1703 700 1755 qui
734 1702 918 1741 Platonis
950 1702 1142 1740 instituto
1176 1703 1217 1741 in
1239 1703 1485 1751 Academia,
1518 1705 1629 1757 quod
1664 1712 1725 1746 est
1756 1707 1930 1748 alterum
1947 1716 1983 1744 ‘25

164 1765 446 1816 gymnasium,
477 1770 617 1804 coetus
650 1769 768 1803 erant
799 1771 838 1803 et
869 1777 1083 1803 sermones
1114 1765 1268 1804 habere
1300 1766 1432 1813 soliti,
1468 1779 1488 1805 e
1522 1767 1600 1806 loci
1623 1768 1826 1808 vocabulo
1859 1782 1934 1809 no-

166 1838 258 1865 men
290 1826 536 1866 habuerunt.
588 1827 668 1866 Sed
701 1827 870 1880 utrique
903 1827 1086 1866 Platonis
1117 1827 1305 1867 ubertate
1328 1830 1521 1883 completi
1545 1836 1696 1870 certam
1721 1833 1933 1885 quandam

166 1887 411 1940 disciplinae
443 1888 663 1929 formulam
696 1895 1023 1941 composuerunt
1054 1896 1095 1929 et
1125 1903 1215 1929 eam
1245 1890 1417 1944 quidem
1448 1892 1613 1945 plenam
1646 1907 1692 1933 ac
1724 1894 1932 1943 refertam,

165 1951 277 1990 illam
310 1957 448 1990 autem
482 1952 732 1991 Socraticam
767 1951 1024 1991 dubitantem
1055 1952 1105 1992 de
1139 1954 1331 1993 omnihus
1364 1955 1487 1994 rebus
1520 1961 1560 1994 et
1599 1956 1713 1997 nulla
1743 1956 1934 1998 adfirma-

166 2014 279 2053 tione
312 2013 499 2054 adhibita
530 2013 879 2053 consuetudinem
913 2013 1143 2054 disserendi
1174 2016 1449 2069 reliquerunt.
1495 2018 1555 2057 Ita
1574 2018 1684 2058 facta
1706 2025 1786 2067 est,
1819 2021 1933 2074 quod
1948 2028 1983 2056 30

166 2075 334 2114 minime
375 2076 563 2116 Socrates
600 2076 824 2129 probabat,
863 2089 928 2115 ars
962 2077 1166 2129 quaedam
1198 2078 1489 2132 philosophiae
1522 2085 1562 2119 et
1592 2095 1729 2121 rerum
1761 2084 1862 2123 ordo
1895 2088 1936 2123 et

167 2137 392 2191 descriptio
436 2139 693 2191 disciplinae.
762 2135 820 2176 18.
853 2138 970 2186 Quae
1012 2139 1181 2192 quidem
1225 2146 1312 2180 erat
1352 2142 1488 2194 primo
1521 2142 1709 2192 duobus,
1750 2151 1795 2185 ut
1826 2145 1934 2194 dixi,

165 2200 408 2239 nominibus
450 2214 556 2247 una;
597 2200 701 2240 nihil
739 2201 846 2240 enim
880 2201 988 2240 inter
1019 2202 1317 2254 Peripateticos
1349 2209 1389 2244 et
1419 2205 1533 2245 illam
1563 2213 1746 2247 veterem
1777 2208 1936 2249 Acade-

167 2263 290 2302 miam
323 2262 552 2303 differebat.
604 2262 868 2303 Abundantia
891 2264 1071 2317 quadam
1103 2265 1261 2318 ingenii
1286 2268 1545 2320 praestabat,
1575 2274 1621 2308 ut
1640 2270 1743 2309 mihi
1765 2271 1935 2324 quidem

257 2418 285 2447 l.
313 2417 399 2447 dicta
424 2415 630 2447 Guilelmus:
664 2420 765 2448 essent
788 2418 876 2448 dicta
901 2419 946 2457 G,
975 2419 1039 2450 sint
1062 2420 1149 2450 elicta
1172 2420 1310 2452 APVr
1337 2440 1370 2444 —
1408 2422 1438 2454 4.
1467 2423 1615 2455 omnibus
1638 2424 1663 2456 A
1679 2426 1773 2456 Pvr
1800 2444 1835 2449 —
1861 2431 1937 2459 ante

169 2475 242 2498 eum
267 2475 335 2498 om.
362 2467 390 2496 V
417 2485 450 2488 —
476 2466 610 2506 fuerant
635 2465 754 2498 maluit
778 2468 915 2499 Ernesti
942 2485 977 2490 —
1004 2469 1216 2502 advocat-isse
1232 2472 1257 2502 G
1278 2489 1320 2494 —-
1344 2471 1373 2502 6.
1401 2476 1510 2503 autem
1534 2476 1563 2504 et
1581 2474 1700 2513 procul
1715 2475 1745 2505 V
1764 2491 1797 2498 —
1826 2476 1857 2509 7.
1875 2486 1937 2509 ηο-

169 2516 251 2555 stra]
277 2520 395 2547 nature
419 2525 435 2546 r
462 2534 496 2539 —
523 2521 627 2548 censet
649 2523 684 2557 ψ
709 2535 742 2539 -
770 2518 801 2549 8.
829 2518 937 2549 calere
961 2528 1024 2550 nos
1049 2519 1267 2557 addidimus3
1295 2529 1365 2552 om.
1387 2522 1410 2552 C
1426 2522 1469 2559 Ο;
1496 2523 1541 2553 ad
1564 2521 1640 2554 bene
1662 2524 1835 2557 vivendum
1857 2536 1938 2559 con-

170 2567 257 2606 ferre
281 2575 313 2597 r:
341 2565 435 2597 Klotz
458 2567 568 2606 facere
592 2567 720 2599 deesse
744 2570 841 2608 putat
870 2587 904 2591 —
932 2568 961 2599 O.
989 2568 1029 2599 ab
1055 2570 1093 2599 iis
1116 2578 1149 2600 r:
1177 2570 1218 2600 ab
1241 2570 1289 2600 his
1314 2572 1336 2601 G
1360 2587 1394 2592 —
1418 2573 1616 2611 praescripti
1640 2575 1666 2605 G
1687 2593 1721 2597 —
1747 2578 1939 2617 copioseque

172 2618 255 2647 GA:
285 2618 410 2654 copiose
439 2618 462 2647 P
479 2617 550 2650 Vr:
585 2621 613 2648 et
642 2618 766 2656 copiose
797 2619 859 2650 UO
885 2621 916 2649 et
943 2619 1036 2657 Bas,
1068 2622 1104 2650 ut
1129 2622 1181 2650 est
1205 2620 1248 2651 de
1275 2620 1367 2650 Orat.
1394 2620 1425 2657 1,
1453 2620 1471 2660 g
1496 2620 1558 2652 ‘⁴240
1581 2624 1675 2655 varie
1697 2629 1727 2656 et
1748 2628 1876 2667 copiose
1899 2646 1934 2650 —

173 2665 223 2695 40.
250 2664 415 2703 disputant
440 2666 466 2696 V
493 2684 525 2688 —-
567 2668 578 2697 ,1
590 2668 618 2698 l.
642 2672 760 2706 putant
786 2670 811 2699 G
841 2685 872 2690 —
915 2669 964 2699 12.
993 2678 1024 2700 se
1054 2679 1123 2700 rem
1148 2671 1173 2699 G
1201 2686 1233 2690 —
1271 2670 1321 2700 43.
1347 2669 1515 2701 hominum
1539 2673 1630 2703 coni.
1656 2674 1783 2708 Davies
1811 2695 1844 2699 —
1870 2686 1939 2709 una

171 2714 309 2744 hominis
331 2723 356 2744 s.
384 2716 471 2746 coni.
501 2716 620 2748 Lamb.
643 2735 675 2740 —
704 2717 756 2749 214.
783 2727 815 2749 se
839 2720 881 2749 G:
909 2728 974 2749 sese
992 2721 1016 2750 A
1032 2720 1181 2757 l’VOr,
1209 2728 1314 2759 quain
1341 2718 1488 2750 sormam
1513 2729 1618 2761 supra
1644 2723 1761 2756 malis:
1786 2726 1854 2766 ipse
1875 2736 1941 2760 sese

171 2764 253 2794 scire
278 2766 344 2794 cet.
374 2781 408 2786 —
437 2766 594 2797 nesciebat
618 2767 645 2796 V
672 2785 706 2789 —
740 2769 792 2799 lo'.
818 2768 896 2809 eius]
922 2769 1006 2799 enim
1033 2770 1056 2799 G
1084 2786 1118 2790 ——
1147 2773 1275 2799 tantum
1301 2769 1444 2799 Dax‘ies:
1477 2772 1544 2801 tam
1569 2772 1657 2810 GV;
1689 2777 1757 2805 tum
1781 2777 1935 2815 APOr;

175 2817 281 2844 tamen
302 2815 467 2845 Gruterus
494 2820 579 2853 (cum
604 2816 636 2846 in
660 2826 689 2847 c.
709 2817 798 2848 laud.
825 2822 894 2848 tum
918 2819 949 2849 in
974 2819 1058 2849 hom.
1080 2818 1213 2858 Lamb)
1232 2837 1274 2842 —
1300 2819 1349 2849 16.
1370 2818 1552 2852 hominibus
1567 2822 1609 2852 G:
1635 2822 1818 2856 hominibus
1832 2827 1939 2858 omni·

174 2863 230 2893 bus
253 2865 363 2900 APr‚
396 2864 540 2895 omnibus
570 2864 622 2896 his
647 2866 673 2896 V
700 2883 733 2888 —
769 2868 821 2898 Ἰῖ.
847 2878 889 2899 ec
919 2876 999 2898 nos:
1033 2871 1061 2898 et
1087 2870 1127 2905 G,
1165 2873 1210 2899 cst
1234 2877 1266 2905 r,
1297 2877 1312 2898 e
1335 2870 1361 2898 A
1378 2869 1480 2900 PVO
1509 2888 1543 2892 —
1571 2871 1622 2902 49.
1648 2875 1823 2905 constituta
1848 2876 1873 2906 G
1901 2894 1936 2898 -—

174 2913 227 2944 22.
254 2914 317 2944 duo
342 2916 385 2944 G:
413 2915 492 2945 duos
514 2918 538 2945 A
555 2917 577 2946 P
595 2916 690 2947 VOr
717 2934 750 2938 —-
777 2918 1080 2956 praestantissimos
1104 2919 1146 2949 E:
1175 2918 1458 2957 praestantissimo
1483 2920 1506 2950 C
1522 2920 1578 2950 Or
1605 2938 1639 2942 —
1674 2923 1725 2954 223.
1751 2924 1938 2957 calcedoni-

173 2971 247 2992 cum
269 2964 293 2994 P
321 2979 354 2983 —
382 2963 432 2994 25.
460 2972 481 2994 a
501 2964 644 3003 platonis
668 2966 693 2995 G
729 2983 763 2987 —
802 2968 855 2998 20.
881 2968 994 2999 haberi
1019 2971 1042 2999 A
1076 2986 1109 2990 -—
1149 2977 1190 3000 etc
1215 2969 1357 3005 Manat„
1384 2972 1429 2999 est
1452 2978 1468 2999 r
1493 2986 1527 2991 —
1567 2971 1619 3001 Ξῖ.
1644 2973 1812 3012 complecti
1836 2972 1874 3004 G¹
1901 2993 1935 2998 —

174 3011 226 3041 ⁶29.
253 3011 451 3043 dubitantem
486 3014 528 3044 G:
567 3015 799 3047 dubitationem
835 3020 859 3048 A
876 3018 1029 3055 GVOr,
1068 3018 1130 3049 sed
1163 3020 1185 3049 Ι)
1217 3019 1337 3049 tionem
1369 3018 1402 3049 in
1426 3027 1549 3050 rasura
1573 3021 1742 3062 scriptum
1766 3023 1874 3055 habet
1901 3042 1936 3046 —

175 3059 227 3091 30.
254 3061 379 3092 adibito
401 3065 661 3096 consuetudinem
686 3068 708 3097 Ι)
733 3066 840 3097 habet
865 3076 906 3098 ex
931 3076 1021 3099 corr.
1049 3085 1083 3089 —
1117 3072 1160 3100 est
1186 3068 1272 3107 quod
1296 3070 1339 3098 G:
1376 3072 1420 3099 est
1444 3070 1620 3100 disserendi
1644 3072 1729 3110 quod
1752 3074 1777 3103 A
1793 3073 1936 3110 PVOr‚

177 3109 240 3140 sed
265 3111 289 3141 O
316 3110 534 3152 [disserendi];
563 3114 594 3144 in
621 3116 643 3145 Ρ
668 3118 721 3146 est
737 3117 912 3147 disserendi
930 3126 970 3148 ex
990 3126 1080 3148 corr.
1104 3136 1137 3140 —
1165 3117 1216 3149 34.
1242 3118 1321 3148 mihi
1346 3126 1416 3149 om.
1435 3128 1453 3149 r
1471 3136 1505 3142 —-
1533 3120 1662 3159 quidem
1684 3122 1814 3152 videtur
1837 3123 1939 3153 Lam—

177 3157 299 3190 binus:
318 3160 446 3191 cidctur
462 3162 590 3200 quidem
607 3164 630 3194 C
646 3172 678 3201 νς
707 3166 834 3204 quidem
853 3168 878 3197 Ο
896 3169 975 3207 post
990 3168 1174 3199 Aristoteles
1190 3167 1308 3199 habet.
1337 3168 1387 3199 Cs.
1405 3169 1648 3210 Wesenbergii
1666 3171 1789 3202 emend.
1812 3171 1935 3202 Tuscul.

177 3208 208 3245 Ι,
234 3216 268 3249 p.
295 3209 335 3240 22
359 3218 411 3250 sq.
439 3213 472 3242 et
495 3220 528 3243 v.
555 3212 639 3244 infra
663 3213 707 3245 ad
732 3223 765 3255 p.
791 3216 843 3255 68,
872 3217 923 3247 ll.
