2249 3624
592 167 677 206 Lm.
708 167 777 206 lv.
817 165 913 206 CAP.
944 165 1148 204 x—xll.
1186 162 1244 216 §§
1276 161 1468 203 23-30.
1836 156 1908 201 461

169 284 388 332 potestate,
428 280 563 332 ipsum
596 279 776 332 denique
808 276 1001 317 osticium.
1064 277 1229 325 Quaero
1262 277 1404 327 igitur,
1442 287 1526 328 quo
1559 272 1680 313 modo
1716 273 1793 313 hae
1830 279 1918 313 tan-

169 347 233 380 tae
278 342 658 380 commendationes
690 355 711 380 a
744 347 887 379 natura
930 340 1138 392 profectae
1170 339 1303 378 subito
1335 353 1357 377 a
1389 336 1593 390 sapientia
1624 336 1792 375 relictae
1825 337 1918 375 sint.

170 402 234 442 ¹27.
268 404 390 450 Quod
423 404 456 442 si
491 417 571 441 non
604 403 782 442 bominis
815 417 1018 441 summum
1056 403 1209 441 bonum
1243 415 1560 454 qiiaererenuffi,
1601 399 1672 439 sed
1704 398 1918 438 cuiusdam

169 465 413 511 animantis,
454 466 487 504 is
529 472 663 505 autem
704 472 810 504 esset
845 466 942 504 nibil
982 466 1059 504 nisi
1093 466 1254 504 animus
1286 487 1336 490 »κ
1370 464 1489 503 liceat
1520 464 1628 503 enim
1662 460 1814 511 lingere
1846 460 1922 499 ali-

170 528 268 579 quid
313 529 400 566 cius
441 529 574 574 modi,
619 542 702 580 quo
747 542 885 566 verum
929 527 1086 566 facilius
1120 527 1373 578 reperiamus
1407 549 1482 571 —,
1525 531 1658 565 tamen
1691 524 1749 563 illi
1782 523 1952 561 auimo5

170 603 251 627 non
298 594 405 628 esset
451 590 515 627 liic
560 596 695 628 vester
728 588 832 626 linis.
892 589 1154 626 Desidcraret
1186 588 1292 626 enim
1326 588 1629 635 valetudinem,
1676 586 1922 625 vacuitatem

170 650 345 695 doloris,
377 657 590 703 appeteret
621 653 743 690 etiam
777 650 1136 688 conservationem
1169 650 1230 687 sui
1265 663 1491 702 earumque
1530 663 1663 688 rerum
1694 646 1924 686 custodiam

167 710 376 764 linemque
408 712 484 750 sibi
517 713 790 751 constitueret
821 711 1047 749 secuudum
1082 717 1268 749 naturam
1302 713 1459 758 vivere,
1491 712 1602 764 quod
1636 717 1718 757 est,
1752 715 1794 748 ut
1825 708 1925 754 dixi,

167 772 319 812 babere
351 785 420 819 ea,
454 786 560 825 quac
593 774 818 812 secundum
855 778 1041 811 naturam
1075 774 1175 818 sint,
1209 774 1270 812 vel
1303 775 1441 812 (minin
1466 775 1530 813 vel
1563 774 1740 826 plurima
1771 777 1811 811 et
1843 784 1927 810 ma-

166 835 290 873 xima.
350 832 415 872 28.
450 835 759 887 Cuiuscumque
800 835 908 873 euim
951 835 1060 873 modi
1105 835 1255 874 animal
1299 838 1586 883 constitueris,
1632 850 1803 876 necesse
1845 840 1977 881 estfm

167 899 290 936 etiam
324 897 356 935 si
390 897 430 935 id
463 897 551 935 sine
585 910 757 947 corpore
789 897 862 942 sit,
896 904 940 936 ut
973 898 1188 949 tingimus,
1222 905 1357 937 tamen
1380 912 1470 938 esse
1498 900 1538 938 in
1562 900 1699 939 auimo
1722 897 1927 951 quaedam

167 958 318 998 similia
358 972 520 1004 eorum,
560 972 666 1011 quae
699 964 794 997 sunt
826 959 864 997 in
899 973 1097 1011 corpore,
1138 965 1183 998 ut
1215 960 1330 999 nullo
1364 962 1510 1008 modo,
1545 962 1622 1000 nisi
1657 968 1701 1001 ut
1730 961 1927 1014 exposui,

168 1021 364 1060 constitui
397 1022 529 1073 possit
562 1022 655 1060 finis
688 1021 906 1060 benorum.
970 1022 1224 1075 Chrysippus
1257 1029 1393 1062 autem
1426 1037 1640 1076 exponens
1673 1022 1928 1062 differentias

168 1083 437 1122 animantium
469 1084 525 1123 ait
556 1084 655 1122 alias
688 1096 828 1122 earum
862 1097 1036 1136 corpore
1069 1085 1298 1130 excellere,
1339 1085 1440 1123 alias
1472 1091 1611 1124 autem
1643 1086 1801 1130 animo,
1847 1097 1929 1123 non

168 1146 303 1186 nullas
348 1147 485 1185 valere
524 1152 699 1198 utraque
732 1160 794 1192 re,
837 1146 986 1185 deiude
1021 1148 1224 1199 disputat,
1269 1147 1381 1199 quod
1414 1147 1618 1200 cuiusque
1649 1148 1813 1198 generis
1844 1147 1981 1185 ani-45

169 1210 367 1249 manlium
410 1210 534 1248 statui
577 1209 721 1247 deceat
765 1214 1010 1248 extremum.
1074 1210 1172 1248 Cum
1212 1215 1350 1248 autem
1382 1209 1593 1248 hominem
1624 1209 1667 1248 in
1700 1222 1748 1248 eo
1780 1221 1931 1260 genere

168 1271 400 1324 posuisset,
441 1277 486 1311 ut
527 1271 564 1310 ci
597 1271 795 1310 tribueret
825 1272 952 1310 animi
986 1272 1299 1316 excellentiam,
1340 1285 1545 1311 summum
1575 1271 1729 1311 honum
1761 1272 1801 1311 id
1835 1284 1932 1310 con-

169 1334 314 1381 stituit,
347 1347 430 1373 non
463 1339 507 1373 ut
538 1334 743 1373 excellere
763 1334 936 1379 animus,
969 1334 1040 1372 sed
1075 1341 1119 1374 ut
1152 1334 1253 1373 nihil
1286 1347 1377 1373 esse
1412 1340 1575 1386 praeter
1605 1334 1786 1373 animum
1819 1332 1933 1372 vide-

169 1403 290 1437 retur.
361 1397 452 1435 XII.
496 1397 583 1436 Uno
630 1402 767 1436 autem
815 1396 936 1435 modo
979 1396 1020 1434 in
1061 1397 1211 1436 virtute
1253 1396 1342 1435 sola
1384 1409 1590 1435 summum
1631 1396 1785 1435 bonum
1822 1400 1932 1435 recte

169 1464 410 1513 poneretur,
452 1460 485 1498 si
525 1459 636 1512 quod
677 1465 787 1498 esset
826 1459 997 1504 animal,
1043 1458 1155 1512 quod
1198 1464 1331 1498 totum
1365 1472 1415 1497 ex
1448 1464 1586 1498 mente
1619 1464 1848 1505 constaret,
1890 1457 1932 1496 id
1948 1465 1983 1495 20

168 1523 303 1574 ipsum
336 1527 473 1560 tamen
506 1522 585 1568 sic,
618 1527 663 1560 ut
695 1534 741 1560 ea
775 1535 889 1560 mens
922 1522 1024 1560 nihil
1059 1522 1230 1561 haberet
1261 1523 1300 1561 in
1334 1536 1396 1568 se,
1430 1521 1540 1575 qued
1564 1525 1675 1561 esset
1705 1521 1932 1560 secundum

169 1589 378 1630 naturam,
420 1589 466 1623 ut
507 1584 700 1623 valetudo
733 1591 806 1624 est.
867 1582 932 1621 029.
967 1584 1046 1623 Sed
1080 1585 1119 1624 id
1153 1598 1204 1623 ne
1236 1585 1407 1637 cogitari
1442 1585 1611 1637 quidem
1643 1589 1780 1637 potest
1810 1583 1933 1636 quale

170 1646 241 1694 sit,
272 1653 318 1686 nt
347 1660 429 1686 non
463 1652 667 1700 repugnet
697 1647 833 1699 ipsum
867 1647 958 1686 sibi.

283 1710 352 1749 Sin
385 1710 484 1749 dicit
515 1709 726 1748 obscurari
760 1709 967 1762 quaedam
990 1724 1063 1749 nec
1086 1723 1296 1763 apparere,
1330 1710 1428 1762 quia
1451 1708 1571 1748 valde
1594 1721 1718 1761 parva
1741 1709 1833 1756 sint,
1857 1722 1933 1749 nos

171 1784 339 1825 quoque
373 1770 662 1810 concedimus:
707 1771 819 1824 quod
853 1771 951 1810 dicit
982 1772 1186 1824 Epicurus
1219 1773 1341 1812 etiam
1375 1772 1424 1811 de
1457 1771 1689 1824 voluptate,
1722 1784 1827 1823 quae
1861 1772 1982 1811 mi-25

169 1834 304 1873 nimae
337 1835 419 1873 sint
449 1833 704 1885 voluptates,
738 1847 805 1873 eas
838 1834 1049 1873 obscurari
1083 1848 1207 1887 saepe
1239 1840 1278 1874 et
1310 1835 1443 1873 obrui.
1490 1833 1570 1873 Sed
1595 1847 1679 1873 non
1703 1840 1797 1873 sunt
1817 1835 1858 1874 in
1883 1848 1931 1873 eo

171 1909 319 1949 genere
351 1902 489 1936 tantae
521 1895 840 1935 commoditates
872 1897 1058 1948 corporis
1090 1902 1256 1950 tamque
1288 1897 1516 1949 productae
1547 1897 1801 1949 temporibus
1829 1902 1932 1936 tam-

171 1972 250 2012 que
296 1959 460 1998 multae.
528 1959 671 2011 ltaque
709 1958 749 1997 in
791 1959 942 2011 quibus
983 1963 1151 2011 propter
1191 1972 1332 1998 eorum
1383 1958 1650 2010 exiguitatem
1695 1959 1931 1998 obscuratio

171 2021 461 2075 consequitur,
501 2034 621 2074 saepe
663 2021 810 2060 accidit
848 2026 893 2060 ut
932 2021 1037 2059 nibil
1080 2022 1280 2061 interesse
1312 2027 1455 2061 nostra
1485 2020 1707 2068 fateamur,
1749 2021 1831 2060 sint
1861 2020 1931 2059 illa

171 2097 302 2124 necne
341 2084 445 2131 sint,
485 2088 531 2122 ut
572 2084 612 2122 in
651 2084 760 2129 sole,
803 2083 915 2136 quod
953 2096 977 2122 a
1008 2089 1045 2122 te
1078 2084 1315 2131 dicebatur,
1358 2084 1569 2123 lucernam
1601 2083 1796 2122 adhibere
1829 2082 1980 2121 nihilao

170 2146 344 2186 interest
380 2151 451 2185 aut
491 2146 724 2185 teruncium
763 2146 928 2185 adicere
971 2146 1109 2186 Croesi
1154 2147 1369 2199 pecuniae.
1431 2144 1495 2184 30.
1529 2145 1688 2193 Quibus
1719 2150 1856 2185 autem
1888 2144 1928 2183 in

170 2209 293 2248 rebus
324 2214 437 2248 tanta
467 2209 700 2249 obscuratio
732 2221 815 2247 nou
847 2206 909 2254 lit,
942 2206 1030 2248 lieri
1062 2215 1198 2248 tamen
1232 2214 1369 2260 potest
1398 2213 1443 2247 ut
1470 2207 1510 2246 id
1533 2208 1692 2260 ipsum,
1725 2206 1835 2260 quod
1868 2207 1931 2245 in-

173 2276 318 2318 terest,
359 2285 443 2312 non
483 2272 537 2310 sit
576 2284 782 2323 magnum.
845 2271 893 2310 Ut
934 2271 988 2317 ei,
1031 2271 1102 2323 qui
1143 2271 1323 2310 iucunde
1355 2271 1506 2309 vixerit
1535 2283 1665 2309 annos
1697 2269 1863 2315 decem,
1896 2268 1931 2308 si

172 2346 304 2386 aeque
342 2335 423 2375 vita
466 2333 647 2374 iucunda
690 2339 899 2372 menstrua
930 2334 1126 2380 addatur,
1167 2334 1264 2386 quia
1294 2338 1547 2372 momentum
1579 2331 1750 2385 aliquod
1781 2330 1933 2370 habeat

173 2395 223 2434 ad
263 2396 489 2435 iucundum
529 2396 732 2442 accessio,
773 2396 927 2435 bonum
971 2396 1046 2435 sit:
1093 2397 1125 2435 si
1165 2402 1302 2435 autem
1342 2397 1383 2434 id
1416 2409 1500 2434 non
1532 2393 1801 2440 concedatur,
1845 2402 1980 2432 non35

175 2459 372 2499 continuo
405 2459 488 2498 vita
517 2459 638 2498 beata
671 2458 837 2497 tollitur.
900 2458 1013 2497 Bona
1045 2463 1182 2497 autem
1215 2458 1398 2511 corporis
1430 2457 1525 2496 huic
1557 2462 1675 2502 sunt,
1712 2455 1824 2508 quod
1856 2468 1931 2508 po-

175 2521 324 2560 sterius
357 2520 502 2574 posui,
534 2520 746 2559 similiora.
807 2520 969 2559 Habent
1001 2521 1107 2559 enim
1140 2521 1421 2559 accessionem
1453 2518 1641 2571 dignam,
1673 2518 1715 2556 in
1738 2530 1819 2570 qua
1849 2517 1933 2557 ela-

176 2581 367 2630 boretur,
398 2588 445 2622 ut
476 2582 577 2621 mihi
610 2582 650 2621 in
682 2583 760 2622 hoc
785 2582 911 2622 Stoici
936 2583 1063 2621 iocari
1086 2582 1308 2621 videantur
1329 2581 1556 2628 interdum,
1588 2594 1681 2619 cum
1702 2580 1760 2618 ita
1781 2579 1932 2629 dicant,

176 2643 208 2682 si
238 2643 290 2683 ad
319 2644 433 2684 illam
463 2645 608 2692 vitam,
641 2658 747 2698 quae
782 2658 874 2684 cum
908 2645 1058 2684 virtute
1090 2644 1282 2697 degatur,
1314 2644 1497 2696 ampulla
1528 2648 1597 2682 aut
1622 2641 1793 2694 strigilis
1815 2654 1933 2681 acce-

261 2830 291 2860 4.
317 2839 380 2869 quo
402 2830 509 2869 modo]
534 2828 601 2870 ([ιιῦ
625 2831 699 2861 BE.
728 2830 776 2861 Cf.
805 2830 822 2870 ἓ
850 2832 900 2861 41.
928 2830 979 2861 353.
1011 2848 1043 2853 —-
1070 2831 1140 2871 liae]
1165 2832 1219 2862 hec
1244 2831 1304 2862 BE
1330 2847 1363 2851 —
1392 2830 1421 2860 3.
1448 2829 1590 2859 homines
1613 2828 1676 2859 BE
1704 2846 1739 2851 —
1766 2837 1936 2867 queremus

175 2877 237 2908 BE
264 2896 298 2900 —
333 2879 363 2911 4.
390 2880 427 2920 is]
451 2881 508 2918 hys
532 2881 594 2911 BE
622 2897 655 2902 —
693 2882 744 2911 12.
770 2884 804 2911 ul
830 2879 928 2920 nullo]
955 2884 982 2911 ct
1006 2881 1094 2911 nullo
1119 2882 1141 2911 Β
1171 2898 1204 2903 —-
1243 2882 1292 2911 45.
1320 2879 1539 2910 animandum
1563 2878 1606 2908 B:
1642 2878 1821 2908 animantis
1844 2878 1869 2908 Ο
1896 2894 1931 2901 -

178 2926 228 2957 46.
254 2937 372 2968 genere
397 2937 466 2960 om.
492 2930 516 2959 B
544 2947 578 2951 —
608 2930 658 2961 48.
686 2930 842 2961 excellere
865 2931 995 2960 (mimus
1018 2931 1041 2960 Β
1058 2931 1099 2960 C:
1129 2931 1298 2961 emcellcrcl,
1323 2930 1452 2959 animus
1473 2929 1519 2961 o:
1546 2927 1702 2958 excellere
1725 2928 1835 2958 animo
1853 2927 1877 2958 O
1898 2945 1933 2950 —-

176 2975 229 3007 ΞΛ.
254 2978 335 3008 sicut
360 2979 439 3017 (non
464 2979 518 3017 sic)
545 2980 649 3010 etiam
674 2980 698 3010 E
727 2997 759 3000 —
788 2981 838 3010 ⁶22.
866 2980 898 3009 id
924 2980 971 3019 ne]
999 2989 1035 3010 nc
1059 2981 1091 3010 id
1116 2981 1138 3011 B
1168 2999 1201 3002 —
1230 2980 1280 3010 22.
1308 2980 1417 3009 dicunt
1442 2979 1464 3008 B
1481 2978 1505 3008 1⁴2
1532 2978 1566 3015 (B
1592 2986 1654 3017 per
1675 2976 1935 3016 compendium)

182 3042 216 3047 —
241 3025 412 3058 obscurari
436 3029 598 3066 quaedam
623 3028 746 3059 codd:
774 3030 936 3067 quaedam
961 3029 1130 3059 obscurari
1155 3030 1178 3059 Ο
1197 3047 1238 3051 -
1262 3030 1313 3059 2¹0¹.
1341 3029 1438 3058 eliam
1462 3027 1485 3056 B
1502 3027 1544 3056 E:
1572 3034 1640 3057 om.
1668 3026 1736 3057 Mo
1757 3042 1791 3046 ——
1817 3026 1870 3056 26.
1897 3025 1938 3065 et]

178 3075 281 3105 eciam
304 3077 328 3106 B
356 3093 390 3098 —-
418 3076 471 3107 28.
497 3086 609 3108 eorum
632 3080 668 3109 P.
696 3079 884 3109 Manutius:
913 3087 1027 3109 carum
1051 3078 1152 3110 codd.
1180 3082 1211 3109 et
1238 3080 1262 3106 (⁷)
1290 3095 1321 3099 μ
1350 3078 1402 3107 30.
1428 3076 1536 3118 necne]
1561 3085 1658 3107 necue
1683 3077 1705 3107 Β
1721 3076 1744 3106 Ε
1763 3092 1798 3097 -
1827 3076 1859 3106 ἰη
1882 3084 1938 3106 so-

180 3122 240 3154 lem
263 3124 329 3156 BD
357 3142 393 3147 —
420 3127 514 3167 quod]
542 3128 596 3166 qui
618 3128 642 3157 B
670 3145 703 3149 —
732 3128 783 3158 31.
811 3129 878 3167 aut]
903 3132 937 3159 ut
963 3130 986 3159 Β
1016 3147 1048 3151 -
1076 3129 1128 3159 32,
1153 3130 1189 3168 fit
1214 3127 1420 3165 Mznlxigius:
1451 3127 1490 3156 sic
1514 3125 1615 3157 codd.
1643 3127 1677 3157 et
1701 3126 1725 3156 O
1748 3142 1791 3147 -
1815 3124 1868 3156 35.
1895 3125 1937 3154 ad

180 3173 358 3204 iucundum
381 3177 519 3207 accessio
544 3176 750 3208 Lambinus:
784 3178 827 3207 ad
850 3179 1027 3208 iucundum
1051 3180 1263 3209 accessionem
1289 3179 1332 3208 b:
1367 3177 1410 3207 ad
1440 3177 1614 3206 iocundam
1638 3176 1851 3206 accessionem
1875 3175 1897 3204 B
1913 3174 1936 3204 E

186 3237 219 3244 -
247 3222 365 3256 bonum
388 3228 497 3256 autem
519 3226 557 3256 si.
583 3226 618 3256 Si
641 3230 750 3256 autem
774 3227 799 3257 l)
826 3245 856 3249 -
885 3228 912 3257 si
935 3228 1058 3259 codd:
1086 3228 1133 3258 sill
1160 3236 1240 3259 cum
1266 3227 1413 3258 Manutio
1438 3226 1462 3257 Ο
1479 3244 1521 3248 ——
1545 3226 1597 3257 37.
1623 3224 1795 3264 similiora]
1819 3224 1846 3254 si
1870 3232 1939 3254 me—

184 3270 269 3303 liora
291 3273 315 3304 B
330 3274 354 3305 E
378 3291 420 3298 —·
444 3274 497 3306 39.
523 3275 671 3316 deyatur]
697 3276 827 3306 dicatur
850 3276 886 3307 Β.

254 3339 370 3370 emeno
391 3341 424 3371 T.
444 3341 495 3370 1v.
1628 3334 1673 3376 Η
