2249 3624
611 109 702 152 Lm.
732 109 784 150 II.
821 109 919 152 Cn».
949 109 1153 150 IX—XI.
1189 107 1249 162 §§
1279 107 1472 150 22—029.
1854 106 1936 149 409

166 220 255 262 lore
283 216 413 258 fultae
444 216 724 257 sustinentur:
757 217 871 270 quod
902 217 1079 270 primum
1117 217 1159 256 in
1192 221 1352 256 terrena
1378 219 1524 256 natura
1554 215 1735 270 perspici
1766 220 1930 268 potest;

164 296 259 324 nam
291 285 332 322 et
361 280 546 334 lapidum
578 280 773 319 conflictu
805 285 930 334 atque
964 281 1061 320 tritu
1094 279 1186 320 elici
1219 280 1355 332 ignem
1379 279 1569 319 videmus
1592 283 1633 318 et
1663 280 1819 318 recenti
1851 279 1935 318 fos-

165 347 281 387 sione
326 348 477 384 terram
522 342 683 383 fumare
725 343 952 390 calentem,
998 348 1126 397 atque
1169 343 1293 383 etiam
1326 356 1378 382 ex
1420 342 1553 395 puteis
1586 341 1749 393 iugibus
1781 354 1932 395 aquam

163 408 339 450 calidam
370 406 500 454 trahi,
538 412 578 446 et
609 407 650 446 id
682 407 864 446 maxime
895 407 985 447 fieri
1019 406 1276 459 temporibus
1308 405 1511 451 hibernis,
1544 403 1656 457 quod
1690 417 1838 455 magna
1872 405 1932 443 vis

163 476 296 512 terrae
342 470 530 509 cavernis
576 470 814 509 continetur
853 470 1001 510 caloris
1045 483 1175 522 eaque
1216 468 1352 508 hieme
1396 466 1439 507 iit
1471 467 1643 506 densior
1673 467 1724 505 ob
1756 473 1965 520 eamque-⁹>

162 545 329 574 causam
361 532 540 572 calorem
572 532 742 572 insitum
776 532 816 570 in
844 534 963 572 tcrris
987 533 1173 572 continet
1195 532 1337 570 artius.
1389 531 1439 569 X.
1464 527 1529 569 Qu.
1553 530 1693 581 Longa
1717 534 1779 568 est
1800 528 1933 567 oratio

161 596 402 650 multaeque
433 596 636 642 rationes,
669 595 822 647 quibus
855 594 991 633 doceri
1023 595 1155 646 possit
1187 594 1326 632 omnia
1358 606 1466 646 quae
1500 599 1606 632 terra
1629 591 1839 643 concipiat
1870 602 1933 630 se-

160 659 285 705 mina,
317 671 513 712 quaeque
546 658 635 712 ipsa
661 672 713 697 ex
745 670 789 697 se
820 662 1016 710 generata
1049 656 1249 708 stirpibus
1284 654 1411 694 infixa
1439 656 1672 701 contineat,
1705 667 1752 694 ca
1776 659 1935 706 tempe-

160 721 321 762 ratione
352 720 501 761 caloris
535 727 575 760 ct
607 720 706 760 oriri
740 726 779 759 et
810 732 1046 771 augescere.
1099 720 1235 771 Atque
1267 732 1404 771 aquae
1437 719 1559 757 etiam
1587 716 1817 756 admixtum
1842 728 1934 754 esse

161 783 342 824 calorem
389 784 568 837 primum
612 785 702 836 ipse
744 781 884 836 liquor
923 795 1060 836 aquae
1093 781 1298 827 declarat,
1346 794 1453 834 quae
1485 794 1621 833 neque
1653 779 1985 831 conglaciaretio

160 845 383 900 frigoribus
429 859 567 900 neque.
606 847 700 886 nive
742 845 979 899 pruinaque
1021 850 1331 891 concresceret,
1379 844 1457 883 nisi
1491 843 1636 883 eadem
1671 856 1714 882 se
1745 842 1933 881 admixto

161 908 299 949 calore
330 907 555 962 liquefacta
588 915 629 949 et
651 908 811 961 dilapsa
835 906 1102 948 diffunderet.
1150 908 1295 960 Itaque
1318 913 1359 946 et
1380 907 1649 960 aquilonibus
1673 906 1933 960 reliquisque

159 971 385 1025 frigoribus
416 971 588 1012 adiectis
621 971 804 1012 durescit
834 984 954 1010 umor
985 975 1025 1009 et
1061 970 1170 1009 idem
1204 969 1387 1008 vicissim
1421 968 1606 1008 mollitur
1635 968 1863 1022 tepefactus
1895 971 1936 1007 et

159 1033 334 1074 tabescit
364 1033 517 1074 calore.
563 1035 700 1087 Atque
733 1034 857 1073 etiam
891 1033 1019 1072 maria
1051 1032 1203 1084 agitata
1235 1032 1369 1071 ventis
1402 1031 1458 1070 ita
1481 1036 1716 1084 tepescunt,
1748 1036 1792 1070 ut
1812 1029 1936 1070 intel-

159 1096 242 1150 legi
276 1093 396 1136 facile
429 1097 561 1149 possit
592 1097 633 1137 in
656 1097 782 1136 tantis
806 1095 887 1135 illis
911 1095 1125 1135 umoribus
1148 1108 1239 1134 esse
1260 1094 1470 1134 inclusum
1493 1094 1686 1134 calorem.
1718 1095 1802 1132 Nec
1824 1092 1934 1132 enim
1950 1099 1986 1128 ⁴5

159 1159 232 1199 ille
263 1164 462 1199 externus
495 1166 535 1200 et
565 1160 824 1201 adventicius
856 1158 1075 1199 habendus
1098 1164 1160 1198 est
1187 1164 1316 1211 tepor,
1348 1157 1420 1196 sed
1443 1170 1495 1196 ex
1518 1156 1675 1197 intimis
1698 1156 1821 1197 maris
1844 1168 1937 1208 par-

160 1220 270 1261 tibus
302 1221 530 1274 agitatione
554 1224 782 1270 excitatus,
815 1221 928 1274 quod
952 1222 1105 1262 nostris
1128 1234 1296 1276 quoque
1320 1219 1567 1273 corporibus
1590 1219 1810 1271 contingit,
1843 1231 1935 1257 cum

160 1289 278 1324 motu
310 1289 433 1337 atque
468 1286 766 1326 exercitatione
798 1285 1072 1325 recalescunt.
1123 1285 1216 1337 Ipse
1249 1297 1345 1323 vero
1377 1288 1466 1330 aer,
1499 1282 1570 1336 qui
1598 1288 1745 1322 natura
1767 1286 1829 1321 est
1850 1293 1936 1320 ma-

162 1348 274 1388 xime
305 1346 503 1400 frigidus,
535 1348 704 1388 minime
737 1353 799 1388 est
829 1361 980 1400 expers
1008 1347 1172 1388 caloris.
1223 1344 1290 1386 927.
1323 1345 1396 1385 Ille
1418 1359 1516 1385 vero
1539 1350 1579 1385 et
1601 1345 1730 1384 multo
1763 1343 1935 1398 quidem

163 1410 303 1451 calore
333 1410 544 1450 admixtus
575 1416 658 1459 est3
700 1411 791 1464 ipse
824 1411 934 1450 enim
966 1411 1098 1451 oritur
1135 1423 1188 1450 ex
1217 1408 1495 1462 respiratione
1526 1421 1755 1461 aquarum3
1794 1420 1934 1447 earum
1949 1412 1986 1442 20

161 1473 272 1514 enim
310 1472 431 1527 quasi
461 1486 592 1527 vapor
623 1474 793 1528 quidam
826 1478 896 1514 ae'r
925 1473 1146 1513 habendus
1178 1477 1262 1520 est3
1294 1472 1329 1512 is
1359 1477 1498 1512 autem
1531 1472 1674 1511 existit
1698 1474 1811 1510 motu
1843 1469 1934 1509 eius

164 1535 333 1583 caloris,
365 1535 437 1588 qui
469 1537 590 1590 aquis
623 1537 874 1577 continetur.
930 1537 1065 1585 Quam
1098 1535 1415 1576 similitudinem
1447 1547 1619 1574 cernere
1640 1545 1865 1586 possumus
1892 1531 1933 1570 in

160 1598 210 1638 iis
252 1597 397 1652 aquis,
440 1612 547 1652 quae
591 1600 871 1639 effervescunt
900 1599 1075 1639 subditis
1107 1598 1288 1652 ignibus.
1346 1598 1431 1637 Iam
1465 1610 1562 1637 vero
1594 1597 1757 1650 reliqua
1788 1600 1936 1648 quarta

160 1673 258 1716 pars
290 1661 454 1708 mundi,
488 1674 535 1701 ea
567 1667 607 1701 et
637 1661 727 1716 ipsa
757 1668 844 1701 tota
875 1667 1023 1702 natura
1054 1661 1211 1701 fervida
1235 1666 1298 1700 est
1320 1665 1359 1700 et
1385 1661 1535 1700 ceteris
1559 1661 1717 1700 naturis
1740 1658 1933 1698 omnibus

163 1725 387 1766 salutarem
425 1724 598 1777 inpertit
638 1729 679 1764 et
717 1724 886 1764 vitalem
928 1724 1122 1764 calorem.
1194 1721 1260 1762 ⁶28.
1292 1724 1356 1763 Ex
1397 1736 1480 1776 quo
1518 1723 1800 1770 concluditur,
1840 1727 1983 1761 cum25

161 1800 306 1828 omnes
348 1787 493 1827 mundi
532 1792 670 1841 partes
710 1788 997 1827 sustineantur
1037 1786 1196 1834 calore,
1239 1785 1440 1826 mundum
1485 1786 1606 1825 etiam
1639 1785 1774 1838 ipsum
1808 1783 1933 1823 simili

158 1850 335 1905 parique
366 1854 515 1890 natura
546 1850 588 1889 in
621 1855 735 1889 tanta
763 1850 1034 1890 diuturnitate
1057 1849 1236 1897 servari,
1269 1862 1403 1902 eoque
1427 1848 1578 1901 magis,
1610 1847 1722 1901 quod
1745 1845 1933 1898 intellegi

158 1912 284 1953 debet
324 1911 506 1952 calidum
545 1912 649 1952 illud
692 1918 818 1965 atque
862 1914 1030 1965 igneum
1071 1913 1127 1953 ita
1167 1913 1210 1952 in
1243 1912 1355 1952 omni
1386 1911 1526 1951 fusum
1559 1924 1648 1951 esse
1681 1915 1848 1956 natura,
1889 1914 1933 1948 ut

157 1975 203 2015 in
234 1988 283 2015 eo
315 1974 416 2014 insit
447 1974 695 2028 procreandi
730 1975 790 2015 vis
822 1981 862 2015 et
893 1988 1017 2016 causa
1049 1975 1268 2029 gignendi,
1301 1988 1324 2015 a
1356 1988 1439 2028 quo
1475 1979 1516 2014 et
1545 1973 1774 2014 animantia
1794 1971 1933 2013 omnia

159 2042 200 2078 et
230 2049 296 2084 ea,
329 2050 508 2091 quorum
539 2039 690 2091 stirpes
719 2042 827 2078 terra
850 2032 1129 2086 continentur,
1162 2044 1202 2078 et
1224 2039 1338 2077 nasci
1361 2038 1414 2077 sit
1435 2050 1608 2078 necesse
1632 2042 1673 2077 et
1693 2048 1931 2089 augescere.
1945 2044 1983 2074 30

157 2099 230 2139 XI.
261 2096 327 2138 ⁶29.
359 2100 513 2140 Natura
545 2106 607 2140 est
637 2100 782 2153 igitur,
816 2115 925 2155 quae
949 2101 1159 2141 contineat
1190 2100 1389 2140 mundum
1413 2113 1576 2140 omnem
1607 2112 1786 2153 eumque
1818 2103 1934 2137 tuea-

158 2165 241 2210 tur,
274 2166 315 2201 et
345 2175 394 2202 ea
426 2162 597 2216 quidem
630 2176 714 2202 non
746 2164 836 2204 sine
869 2177 993 2204 sensu
1025 2170 1150 2217 atque
1181 2165 1367 2210 ratione;
1401 2176 1567 2202 omnem
1600 2163 1710 2202 enim
1743 2166 1932 2201 naturam

159 2237 332 2264 necesse
363 2230 447 2273 est,
480 2238 588 2279 quae
620 2239 703 2265 non
736 2226 922 2266 solitaria
953 2228 1005 2267 sit
1034 2241 1173 2281 neque
1205 2226 1408 2280 simplex,
1447 2226 1521 2266 sed
1554 2239 1646 2265 cum
1678 2225 1760 2265 alio
1792 2225 1933 2264 iuncta

159 2290 285 2341 atque
317 2301 497 2335 conexa,
530 2288 684 2328 babere
715 2289 898 2343 aliquem
930 2290 971 2329 in
1004 2304 1047 2330 se
1078 2290 1377 2344 principatum,
1410 2294 1454 2329 ut
1482 2289 1522 2328 in
1545 2288 1715 2328 homine
1737 2290 1932 2332 mentem,

158 2350 202 2391 in
231 2349 356 2391 belua
386 2350 587 2403 quiddam
620 2351 757 2392 simile
789 2353 963 2401 mentis,
994 2352 1105 2393 unde
1138 2354 1323 2392 oriantur
1352 2366 1489 2392 rerum
1521 2352 1744 2405 adpetitus.
1794 2349 1841 2387 In
1869 2360 1933 2387 ar·
1947 2357 1983 2387 35

245 2502 276 2534 2.
303 2502 456 2543 conflictu
482 2503 669 2544 (superse-r.
697 2512 743 2535 m.
771 2513 842 2536 see.
869 2504 1121 2545 conflictatione)
1147 2504 1173 2534 V
1203 2522 1235 2526 —
1264 2504 1331 2534 rita
1355 2505 1379 2534 A
1395 2503 1422 2533 V
1449 2504 1509 2542 (m.
1534 2511 1605 2533 sec.
1626 2510 1715 2533 corr.
1735 2501 1769 2532 in
1794 2501 1875 2532 tritu
1891 2502 1929 2536 Α,

158 2550 193 2584 in
216 2551 283 2583 ictu
306 2552 344 2592 V)
372 2570 406 2574 —
434 2555 464 2584 et
486 2554 656 2594 reycmqui
677 2554 818 2594 fossione
834 2573 852 2578 -
869 2572 886 2577 -
903 2555 1047 2585 calidam
1072 2554 1174 2585 trahit
1197 2554 1328 2585 Nonius
1353 2562 1385 2594 p.
1408 2553 1483 2584 4¹0.
1510 2569 1544 2574 —-
1572 2552 1601 2582 3.
1627 2552 1760 2592 famare
1782 2551 1933 2583 recalen-

158 2604 221 2634 tem
244 2600 273 2634 ‘lt
300 2619 333 2625 —
362 2601 394 2634 4.
418 2603 492 2642 fieri
515 2602 657 2634 hibernis
681 2604 879 2643 temporibus
902 2605 950 2637 13:
976 2604 1117 2635 hibernis
1137 2605 1210 2644 fieri
1235 2603 1433 2643 temporibus
1457 2603 1481 2634 O
1508 2620 1549 2625 —-
1572 2603 1603 2633 ὅ.
1631 2604 1818 2634 continetur
1834 2619 1882 2625 --
1897 2602 1934 2642 fit

158 2668 177 2674 -
189 2669 208 2674 —
223 2652 364 2684 continet
388 2651 611 2685 Heindorfius
627 2663 632 2683 ε
662 2654 869 2685 contineatur
885 2672 902 2677 —
915 2672 932 2677 —
948 2655 991 2685 sic
1007 2672 1051 2676 -—
1068 2655 1231 2685 contineat
1255 2653 1283 2686 Ἦ
1310 2655 1384 2694 (nisi
1411 2653 1505 2694 quod
1524 2653 1551 2683 V
1568 2652 1700 2683 habere
1718 2652 1857 2683 videtur
1871 2651 1931 2692 fil).

160 2700 210 2733 Cf.
236 2702 520 2734 Schoemannum
547 2704 635 2735 Diss.
664 2705 705 2735 111
731 2713 764 2744 p.
785 2704 802 2735 6
828 2714 880 2745 sq.
909 2722 937 2726 -
972 2706 1051 2736 ieme
1076 2705 1314 2746 (Supe1·SCI·.l!f
1336 2706 1359 2735 A
1384 2722 1417 2726 ——
1446 2704 1476 2735 7.
1504 2704 1667 2742 concipiat
1685 2711 1774 2733 corr.
1795 2711 1836 2733 ex
1853 2710 1933 2732 con-

160 2752 238 2791 cipit
260 2754 287 2784 Α
313 2770 348 2774 -
376 2753 406 2784 9.
432 2754 514 2785 oriet
539 2754 728 2794 (superscr.
748 2755 789 2794 ri)
815 2756 839 2786 B
862 2773 893 2777 —
924 2755 975 2786 110.
1004 2756 1155 2786 declarat
1179 2755 1219 2787 C'-'
1236 2756 1269 2786 et
1290 2755 1470 2785 Darisnus:
1499 2754 1647 2784 declarat
1668 2753 1784 2792 effusio
1808 2753 1835 2782 Α
1850 2754 1872 2783 P
1887 2751 1930 2788 V;

160 2800 293 2832 dederat
314 2802 426 2841 effusio
445 2802 482 2835 (2¹
499 2813 505 2841 ;
533 2804 681 2837 declarat
704 2806 826 2845 effusae
842 2806 886 2841 Β;
913 2806 1061 2836 declarat
1084 2806 1262 2845 effusioquc
1279 2805 1303 2836 Ε
1321 2814 1328 2841 ;
1355 2804 1504 2835 declarat
1527 2807 1557 2834 el
1580 2804 1693 2842 effusio
1711 2802 1788 2833 cod.
1809 2800 1934 2841 Gloga-

159 2851 301 2889 viensis,
320 2852 356 2884 O.
385 2852 434 2885 Cf.
455 2854 573 2885 Herm.
594 2855 733 2896 Sauppe
751 2857 869 2895 Progr.
887 2856 1034 2896 Gotting.
1056 2856 1174 2891 4857,ss
1199 2864 1232 2895 p.
1256 2855 1307 2886 10.
1330 2872 1363 2876 -
1385 2863 1469 2893 quac
1486 2862 1575 2884 corr.
1596 2852 1675 2884 ead.
1700 2861 1748 2883 m.
1768 2860 1809 2883 ex
1826 2860 1935 2891 aquae

161 2899 190 2930 V
208 2918 239 2922 —
263 2902 316 2932 42.
342 2901 544 2943 liquaefacta
560 2905 589 2935 V
608 2923 643 2927 —
664 2906 714 2936 43.
737 2906 871 2936 adiectis
889 2906 1015 2946 (priore
1034 2906 1043 2936 i
1062 2914 1102 2937 ex
1123 2903 1354 2943 correctione)
1372 2905 1417 2941 A3
1446 2904 1579 2934 adlectis
1597 2904 1640 2937 C;
1669 2901 1736 2933 del.
1753 2902 1930 2939 Davisiu53

162 2948 264 2982 obelo
289 2953 418 2984 notavit
442 2954 467 2985 O
490 2972 523 2976 —
551 2964 649 2987 umor
665 2963 732 2986 scr.
753 2964 833 2986 cum
853 2955 876 2986 Β
898 2973 930 2976 -
960 2956 1010 2986 45.
1037 2954 1206 2986 umoribus
1229 2963 1298 2985 scr.
1322 2961 1403 2984 cum
1421 2955 1447 2984 A
1462 2953 1486 2984 Β
1514 2970 1547 2974 —-
1576 2952 1737 2984 inclusum
1762 2959 1828 2982 esse
1852 2951 1876 2981 Ο
1898 2968 1930 2971 —

163 3005 215 3037 46.
233 3003 433 3035 aduentitius
448 3005 475 3035 A
493 3006 527 3035 et
545 3005 647 3045 (corr.
667 3004 743 3035 ead.
764 3013 810 3035 m.
827 3005 859 3035 in
877 3005 1091 3043 afluenticius)
1111 3004 1155 3041 V;
1184 3005 1359 3035 armentius
1381 3004 1405 3034 C
1425 3020 1459 3024 —
1489 3003 1540 3034 47.
1561 3003 1724 3035 excilalus
1742 3003 1930 3041 (superscr.

162 3061 210 3085 m.
229 3061 300 3085 sec.
319 3053 455 3093 eaecitus)
475 3054 502 3084 V
518 3071 552 3077 -—
581 3063 656 3086 cum
679 3058 770 3084 motu
793 3062 884 3085 corr.
905 3063 945 3084 ex
970 3058 1133 3085 commotu
1158 3055 1181 3085 Β
1203 3072 1235 3076 —
1265 3055 1317 3085 21.
1346 3054 1413 3085 eius
1431 3061 1520 3084 corr.
1541 3062 1583 3084 ex
1607 3054 1634 3085 ei
1659 3054 1683 3084 B
1706 3068 1739 3073 —
1769 3052 1820 3082 23.
1840 3051 1887 3081 his
1905 3049 1933 3082 91

165 3120 200 3125 —
225 3103 439 3142 efferuescunt
468 3104 532 3135 BC
564 3105 598 3135 et
629 3112 749 3143 margo
774 3103 821 3133 V:
854 3103 898 3134 eis
927 3104 1112 3143 feruescunt
1144 3104 1270 3140 AEV3
1301 3104 1488 3142 ferucscunl
1513 3104 1552 3140 P;
1588 3103 1696 3135 aencis
1719 3103 1933 3142 effervescunt.

162 3150 230 3184 alii.
258 3170 293 3174 —
318 3152 430 3183 subitis
452 3153 517 3184 AB
533 3154 634 3185 CEP
651 3153 688 3183 V¹
716 3171 751 3175 —
786 3152 839 3184 ⁵24.
867 3153 992 3185 Verbis
1015 3162 1055 3184 ca
1078 3156 1107 3184 ct
1132 3153 1204 3192 ipsa
1227 3162 1406 3193 superscr.
1435 3154 1487 3184 est
1513 3151 1588 3184 «vel
1612 3156 1641 3184 ct
1664 3154 1756 3192 ipsa»
1782 3153 1814 3182 ln
1841 3151 1868 3180 V
1895 3168 1929 3173 —

162 3201 215 3233 25.
240 3201 377 3233 salutem
401 3202 425 3233 C
454 3220 489 3225 —
516 3203 570 3235 ⁶26.
596 3203 699 3235 omnis
723 3204 747 3234 P
775 3220 808 3225 —
835 3202 978 3234 calorem
1001 3204 1064 3234 AB
1080 3203 1108 3233 V
1134 3204 1178 3243 (in
1201 3203 1227 3233 A
1242 3201 1268 3231 V
1293 3200 1354 3232 litt.
1374 3210 1406 3233 m
1430 3201 1613 3243 expuncta)
1635 3220 1670 3226 --
1698 3201 1750 3235 28.
1771 3201 1877 3244 adque
1893 3199 1931 3231 Βι

165 3267 202 3274 -
227 3250 280 3284 32.
304 3252 434 3285 rationo
456 3256 556 3295 atque
577 3262 672 3287 sensu
696 3254 720 3285 P
747 3271 779 3277 —-
810 3251 863 3285 34.
888 3251 1018 3285 homin&
1042 3253 1066 3284 B
1094 3270 1129 3275 —
1156 3252 1209 3284 35.
1235 3250 1388 3283 arborem
1410 3249 1459 3283 13¹.
