<?xml version="1.0" encoding="UTF-8"?>
<!DOCTYPE html PUBLIC "-//W3C//DTD XHTML 1.0 Transitional//EN"
    "http://www.w3.org/TR/xhtml1/DTD/xhtml1-transitional.dtd">
<html xmlns="http://www.w3.org/1999/xhtml" xml:lang="en" lang="en">
 <head>
  <title>
</title>
<meta http-equiv="Content-Type" content="text/html;charset=utf-8" />
  <meta name='ocr-system' content='tesseract 3.04.00' />
  <meta name='ocr-capabilities' content='ocr_page ocr_carea ocr_par ocr_line ocrx_word'/>
</head>
<body>
  <div class='ocr_page' id='page_1' title='image "./operaquaesupersu04ciceuoft_0436.png"; bbox 0 0 2249 3624; ppageno 0'>
   <div class='ocr_carea' id='block_1_1' title="bbox 406 177 1577 221">
    <p class='ocr_par' dir='ltr' id='par_1_1' title="bbox 406 177 1577 221">
     <span class='ocr_line' id='line_1_1' title="bbox 406 177 1577 221; baseline -0.003 -1"><span class='ocrx_word' id='word_1_1' title='bbox 406 179 487 221; x_wconf 85' lang='lat'>388</span> <span class='ocrx_word' id='word_1_2' title='bbox 1007 178 1077 218; x_wconf 92' lang='lat' dir='ltr'>DE</span> <span class='ocrx_word' id='word_1_3' title='bbox 1109 178 1333 219; x_wconf 85' lang='lat' dir='ltr'>DEORUM</span> <span class='ocrx_word' id='word_1_4' title='bbox 1360 177 1577 218; x_wconf 84' lang='lat' dir='ltr'><strong>NATURA</strong></span> 
     </span>
    </p>
   </div>
   <div class='ocr_carea' id='block_1_2' title="bbox 352 283 2181 2651">
    <p class='ocr_par' dir='ltr' id='par_1_2' title="bbox 352 283 2181 2651">
     <span class='ocr_line' id='line_1_2' title="bbox 405 283 2174 338; baseline 0.001 -13"><span class='ocrx_word' id='word_1_5' title='bbox 405 287 500 326; x_wconf 91' lang='lat' dir='ltr'>Non</span> <span class='ocrx_word' id='word_1_6' title='bbox 531 289 595 325; x_wconf 87' lang='lat' dir='ltr'>est</span> <span class='ocrx_word' id='word_1_7' title='bbox 634 297 809 338; x_wconf 80' lang='lat' dir='ltr'>coerS‚</span> <span class='ocrx_word' id='word_1_8' title='bbox 851 284 924 325; x_wconf 92' lang='lat' dir='ltr'>sed</span> <span class='ocrx_word' id='word_1_9' title='bbox 963 286 1083 338; x_wconf 84' lang='lat' dir='ltr'>quasi</span> <span class='ocrx_word' id='word_1_10' title='bbox 1122 298 1286 338; x_wconf 89' lang='lat' dir='ltr'>corpus.</span> <span class='ocrx_word' id='word_1_11' title='bbox 1347 285 1434 325; x_wconf 93' lang='lat' dir='ltr'>Hoc</span> <span class='ocrx_word' id='word_1_12' title='bbox 1480 283 1768 337; x_wconf 83' lang='lat' dir='ltr'>intellegerem</span> <span class='ocrx_word' id='word_1_13' title='bbox 1811 284 1934 337; x_wconf 93' lang='lat' dir='ltr'>quale</span> <span class='ocrx_word' id='word_1_14' title='bbox 1975 289 2105 333; x_wconf 89' lang='lat' dir='ltr'>esset,</span> <span class='ocrx_word' id='word_1_15' title='bbox 2141 286 2174 326; x_wconf 91' lang='lat' dir='ltr'>si</span> 
     </span>
     <span class='ocr_line' id='line_1_3' title="bbox 404 345 2175 401; baseline -0.001 -13"><span class='ocrx_word' id='word_1_16' title='bbox 404 349 448 388; x_wconf 93' lang='lat' dir='ltr'>in</span> <span class='ocrx_word' id='word_1_17' title='bbox 490 348 594 388; x_wconf 91' lang='lat' dir='ltr'>ceris</span> <span class='ocrx_word' id='word_1_18' title='bbox 633 345 857 400; x_wconf 84' lang='lat' dir='ltr'>fingeretur</span> <span class='ocrx_word' id='word_1_19' title='bbox 896 352 967 387; x_wconf 92' lang='lat' dir='ltr'>aut</span> <span class='ocrx_word' id='word_1_20' title='bbox 1005 347 1203 387; x_wconf 89' lang='lat' dir='ltr'>fictilibus</span> <span class='ocrx_word' id='word_1_21' title='bbox 1244 347 1417 400; x_wconf 89' lang='lat' dir='ltr'>figuris:</span> <span class='ocrx_word' id='word_1_22' title='bbox 1458 347 1501 386; x_wconf 93' lang='lat' dir='ltr'>in</span> <span class='ocrx_word' id='word_1_23' title='bbox 1533 345 1614 385; x_wconf 92' lang='lat' dir='ltr'>deo</span> <span class='ocrx_word' id='word_1_24' title='bbox 1647 345 1748 399; x_wconf 92' lang='lat' dir='ltr'>quid</span> <span class='ocrx_word' id='word_1_25' title='bbox 1789 346 1843 385; x_wconf 91' lang='lat' dir='ltr'>sit</span> <span class='ocrx_word' id='word_1_26' title='bbox 1873 347 1993 400; x_wconf 88' lang='lat' dir='ltr'>quasi</span> <span class='ocrx_word' id='word_1_27' title='bbox 2026 360 2175 401; x_wconf 91' lang='lat' dir='ltr'>corpus</span> 
     </span>
     <span class='ocr_line' id='line_1_4' title="bbox 405 407 2178 463; baseline -0.001 -13"><span class='ocrx_word' id='word_1_28' title='bbox 405 416 476 451; x_wconf 90' lang='lat' dir='ltr'>aut</span> <span class='ocrx_word' id='word_1_29' title='bbox 506 409 625 463; x_wconf 83' lang='lat' dir='ltr'>quasi</span> <span class='ocrx_word' id='word_1_30' title='bbox 657 409 851 462; x_wconf 89' lang='lat' dir='ltr'>sanguis,</span> <span class='ocrx_word' id='word_1_31' title='bbox 893 409 1138 461; x_wconf 83' lang='lat' dir='ltr'>intellegere</span> <span class='ocrx_word' id='word_1_32' title='bbox 1169 422 1250 447; x_wconf 92' lang='lat' dir='ltr'>non</span> <span class='ocrx_word' id='word_1_33' title='bbox 1283 422 1468 461; x_wconf 90' lang='lat' dir='ltr'>possum.</span> <span class='ocrx_word' id='word_1_34' title='bbox 1519 409 1578 447; x_wconf 92' lang='lat' dir='ltr'>Ne</span> <span class='ocrx_word' id='word_1_35' title='bbox 1610 412 1653 447; x_wconf 84' lang='lat' dir='ltr'>tu</span> <span class='ocrx_word' id='word_1_36' title='bbox 1687 407 1879 460; x_wconf 92' lang='lat' dir='ltr'>quidem,</span> <span class='ocrx_word' id='word_1_37' title='bbox 1910 408 2066 456; x_wconf 88' lang='lat' dir='ltr'>Vellei,</span> <span class='ocrx_word' id='word_1_38' title='bbox 2105 407 2178 449; x_wconf 91' lang='lat' dir='ltr'>sed</span> 
     </span>
     <span class='ocr_line' id='line_1_5' title="bbox 404 469 2178 524; baseline -0.002 -11"><span class='ocrx_word' id='word_1_39' title='bbox 404 487 491 514; x_wconf 92' lang='lat' dir='ltr'>non</span> <span class='ocrx_word' id='word_1_40' title='bbox 522 473 582 513; x_wconf 80' lang='lat' dir='ltr'>vis</span> <span class='ocrx_word' id='word_1_41' title='bbox 614 470 747 512; x_wconf 88' lang='lat' dir='ltr'>fateri.</span> <span class='ocrx_word' id='word_1_42' title='bbox 798 470 864 512; x_wconf 71' lang='lat'>72.</span> <span class='ocrx_word' id='word_1_43' title='bbox 897 473 980 512; x_wconf 89' lang='lat' dir='ltr'>Ista</span> <span class='ocrx_word' id='word_1_44' title='bbox 1012 472 1122 512; x_wconf 89' lang='lat' dir='ltr'>enim</span> <span class='ocrx_word' id='word_1_45' title='bbox 1155 484 1179 510; x_wconf 86' lang='lat' dir='ltr'>a</span> <span class='ocrx_word' id='word_1_46' title='bbox 1209 472 1328 511; x_wconf 88' lang='lat' dir='ltr'>vobis</span> <span class='ocrx_word' id='word_1_47' title='bbox 1352 471 1473 524; x_wconf 91' lang='lat' dir='ltr'>quasi</span> <span class='ocrx_word' id='word_1_48' title='bbox 1496 470 1650 510; x_wconf 89' lang='lat' dir='ltr'>dictata</span> <span class='ocrx_word' id='word_1_49' title='bbox 1671 469 1916 517; x_wconf 89' lang='lat' dir='ltr'>redduntur,</span> <span class='ocrx_word' id='word_1_50' title='bbox 1949 483 2058 523; x_wconf 88' lang='lat' dir='ltr'>quae</span> <span class='ocrx_word' id='word_1_51' title='bbox 2078 470 2178 522; x_wconf 90' lang='lat' dir='ltr'>Epi-</span> 
     </span>
     <span class='ocr_line' id='line_1_6' title="bbox 373 532 2178 586; baseline 0 -14"><span class='ocrx_word' id='word_1_52' title='bbox 373 544 528 576; x_wconf 79' lang='lat' dir='ltr'>5curus</span> <span class='ocrx_word' id='word_1_53' title='bbox 561 535 740 575; x_wconf 91' lang='lat' dir='ltr'>oscitans</span> <span class='ocrx_word' id='word_1_54' title='bbox 770 535 1035 574; x_wconf 80' lang='lat' dir='ltr'>halucinatus</span> <span class='ocrx_word' id='word_1_55' title='bbox 1069 539 1149 580; x_wconf 86' lang='lat' dir='ltr'>est,</span> <span class='ocrx_word' id='word_1_56' title='bbox 1192 547 1285 573; x_wconf 90' lang='lat' dir='ltr'>cum</span> <span class='ocrx_word' id='word_1_57' title='bbox 1318 533 1490 586; x_wconf 90' lang='lat' dir='ltr'>quidem</span> <span class='ocrx_word' id='word_1_58' title='bbox 1522 532 1787 585; x_wconf 88' lang='lat' dir='ltr'>gloriaretur,</span> <span class='ocrx_word' id='word_1_59' title='bbox 1828 538 1874 573; x_wconf 90' lang='lat' dir='ltr'>ut</span> <span class='ocrx_word' id='word_1_60' title='bbox 1913 532 2105 573; x_wconf 87' lang='lat' dir='ltr'>videmus</span> <span class='ocrx_word' id='word_1_61' title='bbox 2136 533 2178 572; x_wconf 96' lang='lat' dir='ltr'>in</span> 
     </span>
     <span class='ocr_line' id='line_1_7' title="bbox 404 594 2178 650; baseline -0.002 -12"><span class='ocrx_word' id='word_1_62' title='bbox 404 598 592 650; x_wconf 91' lang='lat' dir='ltr'>scriptis,</span> <span class='ocrx_word' id='word_1_63' title='bbox 624 611 668 637; x_wconf 90' lang='lat' dir='ltr'>se</span> <span class='ocrx_word' id='word_1_64' title='bbox 702 597 941 650; x_wconf 88' lang='lat' dir='ltr'>magistrum</span> <span class='ocrx_word' id='word_1_65' title='bbox 973 596 1169 635; x_wconf 88' lang='lat' dir='ltr'>habuisse</span> <span class='ocrx_word' id='word_1_66' title='bbox 1192 595 1370 635; x_wconf 89' lang='lat' dir='ltr'>nullum.</span> <span class='ocrx_word' id='word_1_67' title='bbox 1424 594 1546 642; x_wconf 90' lang='lat' dir='ltr'>Quod</span> <span class='ocrx_word' id='word_1_68' title='bbox 1579 595 1616 634; x_wconf 93' lang='lat' dir='ltr'>ei</span> <span class='ocrx_word' id='word_1_69' title='bbox 1647 608 1733 634; x_wconf 93' lang='lat' dir='ltr'>non</span> <span class='ocrx_word' id='word_1_70' title='bbox 1756 594 2017 648; x_wconf 85' lang='lat' dir='ltr'>praedicanti</span> <span class='ocrx_word' id='word_1_71' title='bbox 2038 600 2178 634; x_wconf 90' lang='lat' dir='ltr'>tamen</span> 
     </span>
     <span class='ocr_line' id='line_1_8' title="bbox 402 655 2179 713; baseline -0.002 -14"><span class='ocrx_word' id='word_1_72' title='bbox 402 659 525 699; x_wconf 87' lang='lat' dir='ltr'>facile</span> <span class='ocrx_word' id='word_1_73' title='bbox 556 659 753 713; x_wconf 88' lang='lat' dir='ltr'>equidem</span> <span class='ocrx_word' id='word_1_74' title='bbox 785 659 1020 705; x_wconf 87' lang='lat' dir='ltr'>crederem,</span> <span class='ocrx_word' id='word_1_75' title='bbox 1059 658 1167 698; x_wconf 86' lang='lat' dir='ltr'>sicut</span> <span class='ocrx_word' id='word_1_76' title='bbox 1197 657 1294 697; x_wconf 86' lang='lat' dir='ltr'>mali</span> <span class='ocrx_word' id='word_1_77' title='bbox 1325 655 1503 697; x_wconf 86' lang='lat' dir='ltr'>aedificii</span> <span class='ocrx_word' id='word_1_78' title='bbox 1538 657 1708 697; x_wconf 90' lang='lat' dir='ltr'>domino</span> <span class='ocrx_word' id='word_1_79' title='bbox 1739 657 1933 709; x_wconf 82' lang='lat' dir='ltr'>glorianti</span> <span class='ocrx_word' id='word_1_80' title='bbox 1968 671 2012 697; x_wconf 89' lang='lat' dir='ltr'>se</span> <span class='ocrx_word' id='word_1_81' title='bbox 2043 656 2179 697; x_wconf 89' lang='lat' dir='ltr'>archi-</span> 
     </span>
     <span class='ocr_line' id='line_1_9' title="bbox 405 718 2179 773; baseline -0.002 -12"><span class='ocrx_word' id='word_1_82' title='bbox 405 727 557 761; x_wconf 85' lang='lat' dir='ltr'>tectum</span> <span class='ocrx_word' id='word_1_83' title='bbox 589 735 674 761; x_wconf 91' lang='lat' dir='ltr'>non</span> <span class='ocrx_word' id='word_1_84' title='bbox 704 721 916 760; x_wconf 90' lang='lat' dir='ltr'>habuisse.</span> <span class='ocrx_word' id='word_1_85' title='bbox 963 720 1075 759; x_wconf 88' lang='lat' dir='ltr'>Nihil</span> <span class='ocrx_word' id='word_1_86' title='bbox 1105 721 1215 760; x_wconf 91' lang='lat' dir='ltr'>enim</span> <span class='ocrx_word' id='word_1_87' title='bbox 1249 719 1333 759; x_wconf 91' lang='lat' dir='ltr'>olet</span> <span class='ocrx_word' id='word_1_88' title='bbox 1357 732 1410 759; x_wconf 85' lang='lat' dir='ltr'>ex</span> <span class='ocrx_word' id='word_1_89' title='bbox 1430 719 1674 767; x_wconf 87' lang='lat' dir='ltr'>Academia,</span> <span class='ocrx_word' id='word_1_90' title='bbox 1706 719 1809 759; x_wconf 90' lang='lat' dir='ltr'>nihil</span> <span class='ocrx_word' id='word_1_91' title='bbox 1832 733 1881 759; x_wconf 87' lang='lat' dir='ltr'>ex</span> <span class='ocrx_word' id='word_1_92' title='bbox 1904 719 2046 773; x_wconf 80' lang='lat' dir='ltr'>Lycio,</span> <span class='ocrx_word' id='word_1_93' title='bbox 2076 718 2179 759; x_wconf 92' lang='lat' dir='ltr'>nihil</span> 
     </span>
     <span class='ocr_line' id='line_1_10' title="bbox 403 782 2181 836; baseline -0.001 -13"><span class='ocrx_word' id='word_1_94' title='bbox 403 796 456 823; x_wconf 91' lang='lat' dir='ltr'>ne</span> <span class='ocrx_word' id='word_1_95' title='bbox 488 796 510 822; x_wconf 88' lang='lat' dir='ltr'>e</span> <span class='ocrx_word' id='word_1_96' title='bbox 543 783 776 836; x_wconf 88' lang='lat' dir='ltr'>puerilibus</span> <span class='ocrx_word' id='word_1_97' title='bbox 808 782 980 836; x_wconf 90' lang='lat' dir='ltr'>quidem</span> <span class='ocrx_word' id='word_1_98' title='bbox 1011 782 1257 835; x_wconf 89' lang='lat' dir='ltr'>disciplinis.</span> <span class='ocrx_word' id='word_1_99' title='bbox 1310 782 1575 821; x_wconf 87' lang='lat' dir='ltr'>Xenocraten</span> <span class='ocrx_word' id='word_1_100' title='bbox 1607 782 1753 821; x_wconf 90' lang='lat' dir='ltr'>audire</span> <span class='ocrx_word' id='word_1_101' title='bbox 1783 782 1940 835; x_wconf 89' lang='lat' dir='ltr'>potuit,</span> <span class='ocrx_word' id='word_1_102' title='bbox 1973 795 2099 835; x_wconf 89' lang='lat' dir='ltr'>quem</span> <span class='ocrx_word' id='word_1_103' title='bbox 2119 782 2181 822; x_wconf 91' lang='lat' dir='ltr'>vi-</span> 
     </span>
     <span class='ocr_line' id='line_1_11' title="bbox 355 843 2179 898; baseline -0.001 -14"><span class='ocrx_word' id='word_1_104' title='bbox 355 856 390 884; x_wconf 81' lang='grc'>40</span> <span class='ocrx_word' id='word_1_105' title='bbox 405 861 513 894; x_wconf 88' lang='lat' dir='ltr'>rum,</span> <span class='ocrx_word' id='word_1_106' title='bbox 547 846 587 885; x_wconf 94' lang='lat' dir='ltr'>di</span> <span class='ocrx_word' id='word_1_107' title='bbox 620 846 893 885; x_wconf 78' lang='lat' dir='ltr'>inmortales!</span> <span class='ocrx_word' id='word_1_108' title='bbox 939 851 980 885; x_wconf 88' lang='lat' dir='ltr'>et</span> <span class='ocrx_word' id='word_1_109' title='bbox 1010 850 1107 885; x_wconf 89' lang='lat' dir='ltr'>sunt</span> <span class='ocrx_word' id='word_1_110' title='bbox 1138 845 1210 898; x_wconf 86' lang='lat' dir='ltr'>qui</span> <span class='ocrx_word' id='word_1_111' title='bbox 1242 849 1391 897; x_wconf 90' lang='lat' dir='ltr'>putent</span> <span class='ocrx_word' id='word_1_112' title='bbox 1422 844 1616 884; x_wconf 85' lang='lat' dir='ltr'>audisse:</span> <span class='ocrx_word' id='word_1_113' title='bbox 1660 845 1748 898; x_wconf 89' lang='lat' dir='ltr'>ipse</span> <span class='ocrx_word' id='word_1_114' title='bbox 1780 859 1863 884; x_wconf 91' lang='lat' dir='ltr'>non</span> <span class='ocrx_word' id='word_1_115' title='bbox 1894 844 1994 885; x_wconf 89' lang='lat' dir='ltr'>vult.</span> <span class='ocrx_word' id='word_1_116' title='bbox 2047 843 2179 884; x_wconf 88' lang='lat' dir='ltr'>Credo</span> 
     </span>
     <span class='ocr_line' id='line_1_12' title="bbox 403 905 2178 963; baseline -0.002 -15"><span class='ocrx_word' id='word_1_117' title='bbox 403 909 497 963; x_wconf 90' lang='lat' dir='ltr'>plus</span> <span class='ocrx_word' id='word_1_118' title='bbox 528 908 700 948; x_wconf 90' lang='lat' dir='ltr'>nemini.</span> <span class='ocrx_word' id='word_1_119' title='bbox 759 908 1022 961; x_wconf 90' lang='lat' dir='ltr'>Pamphilum</span> <span class='ocrx_word' id='word_1_120' title='bbox 1055 907 1284 962; x_wconf 87' lang='lat' dir='ltr'>quendam,</span> <span class='ocrx_word' id='word_1_121' title='bbox 1328 907 1513 946; x_wconf 90' lang='lat' dir='ltr'>Platonis</span> <span class='ocrx_word' id='word_1_122' title='bbox 1553 907 1806 954; x_wconf 85' lang='lat' dir='ltr'>auditorem,</span> <span class='ocrx_word' id='word_1_123' title='bbox 1848 907 1905 946; x_wconf 93' lang='lat' dir='ltr'>ait</span> <span class='ocrx_word' id='word_1_124' title='bbox 1935 920 1958 947; x_wconf 90' lang='lat' dir='ltr'>a</span> <span class='ocrx_word' id='word_1_125' title='bbox 1989 920 2032 947; x_wconf 92' lang='lat' dir='ltr'>se</span> <span class='ocrx_word' id='word_1_126' title='bbox 2066 905 2178 946; x_wconf 90' lang='lat' dir='ltr'>Sami</span> 
     </span>
     <span class='ocr_line' id='line_1_13' title="bbox 403 967 2179 1022; baseline -0.003 -10"><span class='ocrx_word' id='word_1_127' title='bbox 403 972 613 1018; x_wconf 91' lang='lat' dir='ltr'>auditum;</span> <span class='ocrx_word' id='word_1_128' title='bbox 644 971 702 1010; x_wconf 93' lang='lat' dir='ltr'>ibi</span> <span class='ocrx_word' id='word_1_129' title='bbox 735 972 845 1011; x_wconf 90' lang='lat' dir='ltr'>enim</span> <span class='ocrx_word' id='word_1_130' title='bbox 877 970 1123 1011; x_wconf 88' lang='lat' dir='ltr'>adulescens</span> <span class='ocrx_word' id='word_1_131' title='bbox 1155 970 1370 1009; x_wconf 85' lang='lat' dir='ltr'>habitabat</span> <span class='ocrx_word' id='word_1_132' title='bbox 1401 982 1494 1008; x_wconf 90' lang='lat' dir='ltr'>cum</span> <span class='ocrx_word' id='word_1_133' title='bbox 1524 975 1640 1022; x_wconf 86' lang='lat' dir='ltr'>patre</span> <span class='ocrx_word' id='word_1_134' title='bbox 1672 975 1711 1008; x_wconf 90' lang='lat' dir='ltr'>et</span> <span class='ocrx_word' id='word_1_135' title='bbox 1740 968 1961 1016; x_wconf 87' lang='lat' dir='ltr'>fratribus,</span> <span class='ocrx_word' id='word_1_136' title='bbox 1993 967 2106 1022; x_wconf 91' lang='lat' dir='ltr'>quod</span> <span class='ocrx_word' id='word_1_137' title='bbox 2136 968 2179 1007; x_wconf 92' lang='lat' dir='ltr'>in</span> 
     </span>
     <span class='ocr_line' id='line_1_14' title="bbox 404 1030 2179 1087; baseline -0.002 -14"><span class='ocrx_word' id='word_1_138' title='bbox 404 1047 495 1074; x_wconf 89' lang='lat' dir='ltr'>eam</span> <span class='ocrx_word' id='word_1_139' title='bbox 526 1039 644 1086; x_wconf 92' lang='lat' dir='ltr'>pater</span> <span class='ocrx_word' id='word_1_140' title='bbox 674 1033 764 1073; x_wconf 90' lang='lat' dir='ltr'>eius</span> <span class='ocrx_word' id='word_1_141' title='bbox 794 1034 970 1073; x_wconf 88' lang='lat' dir='ltr'>Neocles</span> <span class='ocrx_word' id='word_1_142' title='bbox 1001 1035 1185 1087; x_wconf 84' lang='lat' dir='ltr'>agripeta</span> <span class='ocrx_word' id='word_1_143' title='bbox 1207 1037 1397 1078; x_wconf 81' lang='lat' dir='ltr'>venerat,</span> <span class='ocrx_word' id='word_1_144' title='bbox 1430 1030 1526 1077; x_wconf 88' lang='lat' dir='ltr'>sed,</span> <span class='ocrx_word' id='word_1_145' title='bbox 1559 1044 1653 1070; x_wconf 92' lang='lat' dir='ltr'>cum</span> <span class='ocrx_word' id='word_1_146' title='bbox 1675 1031 1836 1083; x_wconf 83' lang='lat' dir='ltr'>agellus</span> <span class='ocrx_word' id='word_1_147' title='bbox 1858 1044 1952 1070; x_wconf 89' lang='lat' dir='ltr'>eum</span> <span class='ocrx_word' id='word_1_148' title='bbox 1974 1045 2057 1070; x_wconf 91' lang='lat' dir='ltr'>non</span> <span class='ocrx_word' id='word_1_149' title='bbox 2079 1030 2179 1070; x_wconf 85' lang='lat' dir='ltr'>satis</span> 
     </span>
     <span class='ocr_line' id='line_1_15' title="bbox 403 1090 2178 1149; baseline -0.002 -14"><span class='ocrx_word' id='word_1_150' title='bbox 403 1097 556 1143; x_wconf 87' lang='lat' dir='ltr'>aleret,</span> <span class='ocrx_word' id='word_1_151' title='bbox 587 1100 633 1135; x_wconf 90' lang='lat' dir='ltr'>ut</span> <span class='ocrx_word' id='word_1_152' title='bbox 663 1097 830 1148; x_wconf 77' lang='lat' dir='ltr'>opinor,</span> <span class='ocrx_word' id='word_1_153' title='bbox 864 1096 952 1136; x_wconf 92' lang='lat' dir='ltr'>ludi</span> <span class='ocrx_word' id='word_1_154' title='bbox 984 1097 1180 1149; x_wconf 88' lang='lat' dir='ltr'>magister</span> <span class='ocrx_word' id='word_1_155' title='bbox 1210 1095 1301 1135; x_wconf 91' lang='lat' dir='ltr'>fuit.</span> <span class='ocrx_word' id='word_1_156' title='bbox 1360 1092 1426 1132; x_wconf 80' lang='grc'>73.</span> <span class='ocrx_word' id='word_1_157' title='bbox 1460 1092 1539 1132; x_wconf 91' lang='lat' dir='ltr'>Sed</span> <span class='ocrx_word' id='word_1_158' title='bbox 1572 1092 1683 1133; x_wconf 89' lang='lat' dir='ltr'>hunc</span> <span class='ocrx_word' id='word_1_159' title='bbox 1714 1093 1973 1134; x_wconf 91' lang='lat' dir='ltr'>Platonicum</span> <span class='ocrx_word' id='word_1_160' title='bbox 2005 1090 2178 1134; x_wconf 88' lang='lat' dir='ltr'>mirifice</span> 
     </span>
     <span class='ocr_line' id='line_1_16' title="bbox 353 1155 2180 1212; baseline -0.001 -15"><span class='ocrx_word' id='word_1_161' title='bbox 353 1168 390 1197; x_wconf 82' lang='grc'>45</span> <span class='ocrx_word' id='word_1_162' title='bbox 404 1160 634 1199; x_wconf 85' lang='lat' dir='ltr'>contemnit</span> <span class='ocrx_word' id='word_1_163' title='bbox 664 1159 896 1212; x_wconf 86' lang='lat' dir='ltr'>Epicurus:</span> <span class='ocrx_word' id='word_1_164' title='bbox 928 1159 984 1198; x_wconf 87' lang='lat' dir='ltr'>ita</span> <span class='ocrx_word' id='word_1_165' title='bbox 1015 1160 1185 1206; x_wconf 87' lang='lat' dir='ltr'>metuit,</span> <span class='ocrx_word' id='word_1_166' title='bbox 1217 1171 1269 1197; x_wconf 88' lang='lat' dir='ltr'>ne</span> <span class='ocrx_word' id='word_1_167' title='bbox 1301 1157 1403 1211; x_wconf 91' lang='lat' dir='ltr'>quid</span> <span class='ocrx_word' id='word_1_168' title='bbox 1435 1168 1634 1209; x_wconf 88' lang='lat' dir='ltr'>umquam</span> <span class='ocrx_word' id='word_1_169' title='bbox 1667 1155 1864 1196; x_wconf 90' lang='lat' dir='ltr'>didicisse</span> <span class='ocrx_word' id='word_1_170' title='bbox 1884 1156 2086 1196; x_wconf 91' lang='lat' dir='ltr'>videatur.</span> <span class='ocrx_word' id='word_1_171' title='bbox 2134 1157 2180 1196; x_wconf 95' lang='lat' dir='ltr'>ln</span> 
     </span>
     <span class='ocr_line' id='line_1_17' title="bbox 401 1219 2178 1276; baseline -0.002 -14"><span class='ocrx_word' id='word_1_172' title='bbox 401 1222 672 1276; x_wconf 88' lang='lat' dir='ltr'>Nausiphane</span> <span class='ocrx_word' id='word_1_173' title='bbox 717 1221 984 1261; x_wconf 90' lang='lat' dir='ltr'>Democriteo</span> <span class='ocrx_word' id='word_1_174' title='bbox 1028 1227 1211 1267; x_wconf 85' lang='lat' dir='ltr'>tenetur,</span> <span class='ocrx_word' id='word_1_175' title='bbox 1259 1232 1385 1273; x_wconf 91' lang='lat' dir='ltr'>quem</span> <span class='ocrx_word' id='word_1_176' title='bbox 1427 1232 1520 1259; x_wconf 90' lang='lat' dir='ltr'>cum</span> <span class='ocrx_word' id='word_1_177' title='bbox 1560 1231 1583 1258; x_wconf 91' lang='lat' dir='ltr'>a</span> <span class='ocrx_word' id='word_1_178' title='bbox 1624 1232 1668 1258; x_wconf 91' lang='lat' dir='ltr'>se</span> <span class='ocrx_word' id='word_1_179' title='bbox 1706 1233 1790 1259; x_wconf 91' lang='lat' dir='ltr'>non</span> <span class='ocrx_word' id='word_1_180' title='bbox 1821 1224 1946 1272; x_wconf 87' lang='lat' dir='ltr'>neget</span> <span class='ocrx_word' id='word_1_181' title='bbox 1976 1219 2178 1268; x_wconf 85' lang='lat' dir='ltr'>auditum,</span> 
     </span>
     <span class='ocr_line' id='line_1_18' title="bbox 401 1281 2180 1335; baseline -0.002 -10"><span class='ocrx_word' id='word_1_182' title='bbox 401 1290 527 1325; x_wconf 85' lang='lat' dir='ltr'>vexat</span> <span class='ocrx_word' id='word_1_183' title='bbox 557 1290 695 1324; x_wconf 91' lang='lat' dir='ltr'>tamen</span> <span class='ocrx_word' id='word_1_184' title='bbox 727 1284 918 1324; x_wconf 90' lang='lat' dir='ltr'>omnibus</span> <span class='ocrx_word' id='word_1_185' title='bbox 951 1283 1230 1323; x_wconf 87' lang='lat' dir='ltr'>contumeliis.</span> <span class='ocrx_word' id='word_1_186' title='bbox 1279 1282 1407 1335; x_wconf 88' lang='lat' dir='ltr'>Atqui</span> <span class='ocrx_word' id='word_1_187' title='bbox 1439 1283 1473 1321; x_wconf 90' lang='lat' dir='ltr'>si</span> <span class='ocrx_word' id='word_1_188' title='bbox 1504 1281 1608 1321; x_wconf 89' lang='lat' dir='ltr'>haec</span> <span class='ocrx_word' id='word_1_189' title='bbox 1629 1282 1892 1322; x_wconf 88' lang='lat' dir='ltr'>Democritea</span> <span class='ocrx_word' id='word_1_190' title='bbox 1923 1295 2007 1322; x_wconf 91' lang='lat' dir='ltr'>non</span> <span class='ocrx_word' id='word_1_191' title='bbox 2037 1281 2180 1322; x_wconf 87' lang='lat' dir='ltr'>audis-</span> 
     </span>
     <span class='ocr_line' id='line_1_19' title="bbox 403 1344 2178 1401; baseline -0.002 -14"><span class='ocrx_word' id='word_1_192' title='bbox 403 1352 488 1395; x_wconf 91' lang='lat' dir='ltr'>set,</span> <span class='ocrx_word' id='word_1_193' title='bbox 521 1346 624 1401; x_wconf 89' lang='lat' dir='ltr'>quid</span> <span class='ocrx_word' id='word_1_194' title='bbox 656 1347 878 1386; x_wconf 66' lang='lat' dir='ltr'>audierat?</span> <span class='ocrx_word' id='word_1_195' title='bbox 913 1346 1013 1400; x_wconf 89' lang='lat' dir='ltr'>quid</span> <span class='ocrx_word' id='word_1_196' title='bbox 1046 1351 1109 1385; x_wconf 89' lang='lat' dir='ltr'>est</span> <span class='ocrx_word' id='word_1_197' title='bbox 1139 1347 1181 1385; x_wconf 91' lang='lat' dir='ltr'>in</span> <span class='ocrx_word' id='word_1_198' title='bbox 1211 1345 1396 1399; x_wconf 82' lang='lat' dir='ltr'>physicis</span> <span class='ocrx_word' id='word_1_199' title='bbox 1421 1344 1590 1397; x_wconf 90' lang='lat' dir='ltr'>Epicuri</span> <span class='ocrx_word' id='word_1_200' title='bbox 1621 1357 1706 1383; x_wconf 92' lang='lat' dir='ltr'>non</span> <span class='ocrx_word' id='word_1_201' title='bbox 1729 1357 1751 1384; x_wconf 94' lang='lat' dir='ltr'>a</span> <span class='ocrx_word' id='word_1_202' title='bbox 1773 1345 2044 1384; x_wconf 71' lang='lat' dir='ltr'>Democrito?</span> <span class='ocrx_word' id='word_1_203' title='bbox 2074 1345 2178 1384; x_wconf 92' lang='lat' dir='ltr'>Nam</span> 
     </span>
     <span class='ocr_line' id='line_1_20' title="bbox 403 1405 2178 1463; baseline -0.002 -13"><span class='ocrx_word' id='word_1_204' title='bbox 403 1410 482 1450; x_wconf 90' lang='lat' dir='ltr'>etsi</span> <span class='ocrx_word' id='word_1_205' title='bbox 513 1408 718 1463; x_wconf 92' lang='lat' dir='ltr'>quaedam</span> <span class='ocrx_word' id='word_1_206' title='bbox 753 1409 1040 1455; x_wconf 88' lang='lat' dir='ltr'>commutavit,</span> <span class='ocrx_word' id='word_1_207' title='bbox 1073 1413 1118 1448; x_wconf 89' lang='lat' dir='ltr'>ut</span> <span class='ocrx_word' id='word_1_208' title='bbox 1149 1407 1261 1461; x_wconf 95' lang='lat' dir='ltr'>quod</span> <span class='ocrx_word' id='word_1_209' title='bbox 1294 1407 1419 1460; x_wconf 91' lang='lat' dir='ltr'>paulo</span> <span class='ocrx_word' id='word_1_210' title='bbox 1450 1412 1545 1446; x_wconf 90' lang='lat' dir='ltr'>ante</span> <span class='ocrx_word' id='word_1_211' title='bbox 1568 1406 1619 1445; x_wconf 91' lang='lat' dir='ltr'>de</span> <span class='ocrx_word' id='word_1_212' title='bbox 1649 1405 1920 1446; x_wconf 90' lang='lat' dir='ltr'>inclinatione</span> <span class='ocrx_word' id='word_1_213' title='bbox 1947 1412 2178 1447; x_wconf 87' lang='lat' dir='ltr'>atomorum</span> 
     </span>
     <span class='ocr_line' id='line_1_21' title="bbox 352 1467 2178 1524; baseline 0 -15"><span class='ocrx_word' id='word_1_214' title='bbox 352 1480 389 1509; x_wconf 76' lang='lat'>20</span> <span class='ocrx_word' id='word_1_215' title='bbox 404 1473 515 1520; x_wconf 83' lang='lat' dir='ltr'>dixi,</span> <span class='ocrx_word' id='word_1_216' title='bbox 546 1478 686 1512; x_wconf 89' lang='lat' dir='ltr'>tamen</span> <span class='ocrx_word' id='word_1_217' title='bbox 717 1471 919 1524; x_wconf 90' lang='lat' dir='ltr'>pleraque</span> <span class='ocrx_word' id='word_1_218' title='bbox 951 1471 1052 1510; x_wconf 92' lang='lat' dir='ltr'>dicit</span> <span class='ocrx_word' id='word_1_219' title='bbox 1084 1470 1249 1517; x_wconf 88' lang='lat' dir='ltr'>eadem,</span> <span class='ocrx_word' id='word_1_220' title='bbox 1281 1475 1460 1516; x_wconf 84' lang='lat' dir='ltr'>atomOS,</span> <span class='ocrx_word' id='word_1_221' title='bbox 1493 1468 1641 1516; x_wconf 87' lang='lat' dir='ltr'>inane,</span> <span class='ocrx_word' id='word_1_222' title='bbox 1672 1469 1898 1521; x_wconf 83' lang='lat' dir='ltr'>imagines,</span> <span class='ocrx_word' id='word_1_223' title='bbox 1928 1467 2178 1510; x_wconf 87' lang='lat' dir='ltr'>infinitatem</span> 
     </span>
     <span class='ocr_line' id='line_1_22' title="bbox 401 1532 2179 1587; baseline -0.002 -12"><span class='ocrx_word' id='word_1_224' title='bbox 401 1536 591 1577; x_wconf 91' lang='lat' dir='ltr'>locorum</span> <span class='ocrx_word' id='word_1_225' title='bbox 622 1532 1132 1587; x_wconf 86' lang='lat' dir='ltr'>innumerabilitatemque</span> <span class='ocrx_word' id='word_1_226' title='bbox 1155 1532 1428 1579; x_wconf 90' lang='lat' dir='ltr'>mundorum,</span> <span class='ocrx_word' id='word_1_227' title='bbox 1462 1544 1608 1571; x_wconf 89' lang='lat' dir='ltr'>eorum</span> <span class='ocrx_word' id='word_1_228' title='bbox 1634 1537 1762 1579; x_wconf 89' lang='lat' dir='ltr'>ortus,</span> <span class='ocrx_word' id='word_1_229' title='bbox 1794 1532 2006 1580; x_wconf 89' lang='lat' dir='ltr'>interitus,</span> <span class='ocrx_word' id='word_1_230' title='bbox 2038 1532 2179 1572; x_wconf 92' lang='lat' dir='ltr'>omnia</span> 
     </span>
     <span class='ocr_line' id='line_1_23' title="bbox 401 1595 2178 1651; baseline -0.001 -13"><span class='ocrx_word' id='word_1_231' title='bbox 401 1596 510 1646; x_wconf 88' lang='lat' dir='ltr'>fere,</span> <span class='ocrx_word' id='word_1_232' title='bbox 542 1596 696 1651; x_wconf 90' lang='lat' dir='ltr'>quibus</span> <span class='ocrx_word' id='word_1_233' title='bbox 729 1601 903 1636; x_wconf 91' lang='lat' dir='ltr'>naturae</span> <span class='ocrx_word' id='word_1_234' title='bbox 934 1596 1041 1636; x_wconf 90' lang='lat' dir='ltr'>ratio</span> <span class='ocrx_word' id='word_1_235' title='bbox 1074 1596 1325 1636; x_wconf 85' lang='lat' dir='ltr'>continetur.</span> <span class='ocrx_word' id='word_1_236' title='bbox 1373 1596 1491 1634; x_wconf 90' lang='lat' dir='ltr'>Nunc</span> <span class='ocrx_word' id='word_1_237' title='bbox 1522 1595 1630 1634; x_wconf 90' lang='lat' dir='ltr'>istuc</span> <span class='ocrx_word' id='word_1_238' title='bbox 1653 1595 1774 1648; x_wconf 91' lang='lat' dir='ltr'>quasi</span> <span class='ocrx_word' id='word_1_239' title='bbox 1806 1608 1960 1648; x_wconf 91' lang='lat' dir='ltr'>corpus</span> <span class='ocrx_word' id='word_1_240' title='bbox 1991 1601 2032 1636; x_wconf 92' lang='lat' dir='ltr'>et</span> <span class='ocrx_word' id='word_1_241' title='bbox 2059 1596 2178 1649; x_wconf 87' lang='lat' dir='ltr'>quasi</span> 
     </span>
     <span class='ocr_line' id='line_1_24' title="bbox 403 1655 2177 1713; baseline -0.002 -12"><span class='ocrx_word' id='word_1_242' title='bbox 403 1660 651 1713; x_wconf 89' lang='lat' dir='ltr'>sanguinem</span> <span class='ocrx_word' id='word_1_243' title='bbox 683 1658 784 1712; x_wconf 85' lang='lat' dir='ltr'>quid</span> <span class='ocrx_word' id='word_1_244' title='bbox 815 1658 1057 1710; x_wconf 72' lang='lat' dir='ltr'>intellegis?</span> <span class='ocrx_word' id='word_1_245' title='bbox 1117 1655 1183 1697; x_wconf 71' lang='lat'>74.</span> <span class='ocrx_word' id='word_1_246' title='bbox 1215 1659 1302 1711; x_wconf 90' lang='lat' dir='ltr'>Ego</span> <span class='ocrx_word' id='word_1_247' title='bbox 1335 1658 1446 1697; x_wconf 91' lang='lat' dir='ltr'>enim</span> <span class='ocrx_word' id='word_1_248' title='bbox 1477 1663 1517 1697; x_wconf 89' lang='lat' dir='ltr'>te</span> <span class='ocrx_word' id='word_1_249' title='bbox 1549 1657 1655 1697; x_wconf 91' lang='lat' dir='ltr'>scire</span> <span class='ocrx_word' id='word_1_250' title='bbox 1687 1657 1766 1697; x_wconf 90' lang='lat' dir='ltr'>ista</span> <span class='ocrx_word' id='word_1_251' title='bbox 1790 1658 1938 1697; x_wconf 92' lang='lat' dir='ltr'>melius</span> <span class='ocrx_word' id='word_1_252' title='bbox 1964 1671 2088 1711; x_wconf 93' lang='lat' dir='ltr'>quam</span> <span class='ocrx_word' id='word_1_253' title='bbox 2112 1671 2177 1697; x_wconf 91' lang='lat' dir='ltr'>me</span> 
     </span>
     <span class='ocr_line' id='line_1_25' title="bbox 403 1719 2176 1774; baseline -0.002 -10"><span class='ocrx_word' id='word_1_254' title='bbox 403 1737 488 1764; x_wconf 92' lang='lat' dir='ltr'>non</span> <span class='ocrx_word' id='word_1_255' title='bbox 519 1723 655 1763; x_wconf 85' lang='lat' dir='ltr'>fateor</span> <span class='ocrx_word' id='word_1_256' title='bbox 685 1722 843 1768; x_wconf 90' lang='lat' dir='ltr'>solum,</span> <span class='ocrx_word' id='word_1_257' title='bbox 875 1721 947 1760; x_wconf 90' lang='lat' dir='ltr'>sed</span> <span class='ocrx_word' id='word_1_258' title='bbox 980 1721 1105 1761; x_wconf 90' lang='lat' dir='ltr'>etiam</span> <span class='ocrx_word' id='word_1_259' title='bbox 1135 1721 1257 1760; x_wconf 89' lang='lat' dir='ltr'>facile</span> <span class='ocrx_word' id='word_1_260' title='bbox 1285 1719 1440 1774; x_wconf 88' lang='lat' dir='ltr'>patior:</span> <span class='ocrx_word' id='word_1_261' title='bbox 1473 1734 1564 1760; x_wconf 91' lang='lat' dir='ltr'>cum</span> <span class='ocrx_word' id='word_1_262' title='bbox 1589 1720 1759 1774; x_wconf 86' lang='lat' dir='ltr'>quidem</span> <span class='ocrx_word' id='word_1_263' title='bbox 1783 1720 1911 1760; x_wconf 89' lang='lat' dir='ltr'>semel</span> <span class='ocrx_word' id='word_1_264' title='bbox 1935 1721 2046 1760; x_wconf 90' lang='lat' dir='ltr'>dicta</span> <span class='ocrx_word' id='word_1_265' title='bbox 2068 1725 2176 1768; x_wconf 92' lang='lat' dir='ltr'>sunt,</span> 
     </span>
     <span class='ocr_line' id='line_1_26' title="bbox 352 1783 2177 1839; baseline 0.001 -18"><span class='ocrx_word' id='word_1_266' title='bbox 352 1786 504 1839; x_wconf 79' lang='lat' dir='ltr'>25quid</span> <span class='ocrx_word' id='word_1_267' title='bbox 548 1792 609 1824; x_wconf 90' lang='lat' dir='ltr'>est</span> <span class='ocrx_word' id='word_1_268' title='bbox 656 1783 770 1838; x_wconf 93' lang='lat' dir='ltr'>quod</span> <span class='ocrx_word' id='word_1_269' title='bbox 812 1783 998 1822; x_wconf 91' lang='lat' dir='ltr'>Velleius</span> <span class='ocrx_word' id='word_1_270' title='bbox 1038 1783 1282 1837; x_wconf 90' lang='lat' dir='ltr'>intellegere</span> <span class='ocrx_word' id='word_1_271' title='bbox 1324 1784 1478 1836; x_wconf 89' lang='lat' dir='ltr'>possit,</span> <span class='ocrx_word' id='word_1_272' title='bbox 1529 1783 1648 1823; x_wconf 91' lang='lat' dir='ltr'>Cotta</span> <span class='ocrx_word' id='word_1_273' title='bbox 1694 1797 1777 1823; x_wconf 92' lang='lat' dir='ltr'>non</span> <span class='ocrx_word' id='word_1_274' title='bbox 1818 1783 1980 1836; x_wconf 74' lang='lat' dir='ltr'>possit?</span> <span class='ocrx_word' id='word_1_275' title='bbox 2035 1784 2177 1836; x_wconf 89' lang='lat' dir='ltr'>Itaque</span> 
     </span>
     <span class='ocr_line' id='line_1_27' title="bbox 404 1845 2177 1902; baseline -0.003 -12"><span class='ocrx_word' id='word_1_276' title='bbox 404 1862 555 1902; x_wconf 89' lang='lat' dir='ltr'>corpus</span> <span class='ocrx_word' id='word_1_277' title='bbox 581 1848 681 1901; x_wconf 92' lang='lat' dir='ltr'>quid</span> <span class='ocrx_word' id='word_1_278' title='bbox 704 1847 778 1893; x_wconf 91' lang='lat' dir='ltr'>sit,</span> <span class='ocrx_word' id='word_1_279' title='bbox 809 1846 980 1899; x_wconf 89' lang='lat' dir='ltr'>sanguis</span> <span class='ocrx_word' id='word_1_280' title='bbox 1004 1846 1104 1899; x_wconf 91' lang='lat' dir='ltr'>quid</span> <span class='ocrx_word' id='word_1_281' title='bbox 1128 1847 1201 1894; x_wconf 88' lang='lat' dir='ltr'>sit,</span> <span class='ocrx_word' id='word_1_282' title='bbox 1233 1847 1455 1899; x_wconf 88' lang='lat' dir='ltr'>intellego:</span> <span class='ocrx_word' id='word_1_283' title='bbox 1488 1847 1606 1899; x_wconf 90' lang='lat' dir='ltr'>quasi</span> <span class='ocrx_word' id='word_1_284' title='bbox 1629 1859 1781 1899; x_wconf 89' lang='lat' dir='ltr'>corpus</span> <span class='ocrx_word' id='word_1_285' title='bbox 1805 1851 1845 1886; x_wconf 90' lang='lat' dir='ltr'>et</span> <span class='ocrx_word' id='word_1_286' title='bbox 1866 1846 1988 1900; x_wconf 92' lang='lat' dir='ltr'>quasi</span> <span class='ocrx_word' id='word_1_287' title='bbox 2009 1845 2177 1898; x_wconf 88' lang='lat' dir='ltr'>sanguis</span> 
     </span>
     <span class='ocr_line' id='line_1_28' title="bbox 404 1908 2178 1965; baseline -0.001 -14"><span class='ocrx_word' id='word_1_288' title='bbox 404 1911 507 1965; x_wconf 92' lang='lat' dir='ltr'>quid</span> <span class='ocrx_word' id='word_1_289' title='bbox 539 1912 611 1959; x_wconf 91' lang='lat' dir='ltr'>sit,</span> <span class='ocrx_word' id='word_1_290' title='bbox 655 1909 770 1949; x_wconf 89' lang='lat' dir='ltr'>nullo</span> <span class='ocrx_word' id='word_1_291' title='bbox 804 1922 975 1962; x_wconf 90' lang='lat' dir='ltr'>prorsus</span> <span class='ocrx_word' id='word_1_292' title='bbox 1009 1909 1133 1949; x_wconf 92' lang='lat' dir='ltr'>modo</span> <span class='ocrx_word' id='word_1_293' title='bbox 1169 1909 1385 1961; x_wconf 89' lang='lat' dir='ltr'>intellego.</span> <span class='ocrx_word' id='word_1_294' title='bbox 1436 1909 1583 1962; x_wconf 92' lang='lat' dir='ltr'>Neque</span> <span class='ocrx_word' id='word_1_295' title='bbox 1615 1913 1659 1948; x_wconf 89' lang='lat' dir='ltr'>tu</span> <span class='ocrx_word' id='word_1_296' title='bbox 1691 1921 1756 1947; x_wconf 89' lang='lat' dir='ltr'>me</span> <span class='ocrx_word' id='word_1_297' title='bbox 1788 1908 1920 1956; x_wconf 92' lang='lat' dir='ltr'>celas,</span> <span class='ocrx_word' id='word_1_298' title='bbox 1953 1914 1999 1948; x_wconf 92' lang='lat' dir='ltr'>ut</span> <span class='ocrx_word' id='word_1_299' title='bbox 2029 1908 2178 1962; x_wconf 83' lang='lat' dir='ltr'>Pytha-</span> 
     </span>
     <span class='ocr_line' id='line_1_29' title="bbox 405 1970 2176 2027; baseline -0.002 -13"><span class='ocrx_word' id='word_1_300' title='bbox 405 1987 527 2027; x_wconf 90' lang='lat' dir='ltr'>goras</span> <span class='ocrx_word' id='word_1_301' title='bbox 569 1973 732 2013; x_wconf 90' lang='lat' dir='ltr'>solebat</span> <span class='ocrx_word' id='word_1_302' title='bbox 766 1971 946 2018; x_wconf 90' lang='lat' dir='ltr'>alienos,</span> <span class='ocrx_word' id='word_1_303' title='bbox 989 1984 1066 2011; x_wconf 91' lang='lat' dir='ltr'>nec</span> <span class='ocrx_word' id='word_1_304' title='bbox 1096 1972 1288 2011; x_wconf 91' lang='lat' dir='ltr'>consulto</span> <span class='ocrx_word' id='word_1_305' title='bbox 1320 1970 1425 2011; x_wconf 92' lang='lat' dir='ltr'>dicis</span> <span class='ocrx_word' id='word_1_306' title='bbox 1457 1970 1638 2018; x_wconf 88' lang='lat' dir='ltr'>occulte,</span> <span class='ocrx_word' id='word_1_307' title='bbox 1682 1975 1897 2024; x_wconf 88' lang='lat' dir='ltr'>tamquam</span> <span class='ocrx_word' id='word_1_308' title='bbox 1927 1971 2176 2019; x_wconf 88' lang='lat' dir='ltr'>Heraclitus,</span> 
     </span>
     <span class='ocr_line' id='line_1_30' title="bbox 405 2032 2177 2089; baseline -0.002 -13"><span class='ocrx_word' id='word_1_309' title='bbox 405 2037 500 2083; x_wconf 94' lang='lat' dir='ltr'>sed,</span> <span class='ocrx_word' id='word_1_310' title='bbox 541 2035 654 2089; x_wconf 90' lang='lat' dir='ltr'>quod</span> <span class='ocrx_word' id='word_1_311' title='bbox 696 2035 805 2074; x_wconf 89' lang='lat' dir='ltr'>inter</span> <span class='ocrx_word' id='word_1_312' title='bbox 835 2047 912 2074; x_wconf 91' lang='lat' dir='ltr'>nos</span> <span class='ocrx_word' id='word_1_313' title='bbox 945 2035 1087 2082; x_wconf 88' lang='lat' dir='ltr'>liceat,</span> <span class='ocrx_word' id='word_1_314' title='bbox 1125 2047 1178 2074; x_wconf 92' lang='lat' dir='ltr'>ne</span> <span class='ocrx_word' id='word_1_315' title='bbox 1208 2040 1251 2074; x_wconf 91' lang='lat' dir='ltr'>tu</span> <span class='ocrx_word' id='word_1_316' title='bbox 1284 2034 1452 2087; x_wconf 90' lang='lat' dir='ltr'>quidem</span> <span class='ocrx_word' id='word_1_317' title='bbox 1484 2032 1706 2086; x_wconf 88' lang='lat' dir='ltr'>intellegis.</span> <span class='ocrx_word' id='word_1_318' title='bbox 1767 2033 1939 2073; x_wconf 86' lang='lat' dir='ltr'><strong>XXVII.</strong></span> <span class='ocrx_word' id='word_1_319' title='bbox 1971 2032 2038 2074; x_wconf 80' lang='lat'>75.</span> <span class='ocrx_word' id='word_1_320' title='bbox 2069 2033 2177 2074; x_wconf 92' lang='lat' dir='ltr'>Illud</span> 
     </span>
     <span class='ocr_line' id='line_1_31' title="bbox 354 2095 2178 2151; baseline 0.001 -17"><span class='ocrx_word' id='word_1_321' title='bbox 354 2105 391 2135; x_wconf 85' lang='grc' dir='ltr'>3ο</span> <span class='ocrx_word' id='word_1_322' title='bbox 406 2098 528 2138; x_wconf 86' lang='lat' dir='ltr'>video</span> <span class='ocrx_word' id='word_1_323' title='bbox 568 2109 755 2151; x_wconf 89' lang='lat' dir='ltr'>pugnare</span> <span class='ocrx_word' id='word_1_324' title='bbox 796 2102 856 2144; x_wconf 90' lang='lat' dir='ltr'>te,</span> <span class='ocrx_word' id='word_1_325' title='bbox 897 2097 1058 2150; x_wconf 90' lang='lat' dir='ltr'>species</span> <span class='ocrx_word' id='word_1_326' title='bbox 1089 2102 1135 2136; x_wconf 89' lang='lat' dir='ltr'>ut</span> <span class='ocrx_word' id='word_1_327' title='bbox 1166 2096 1373 2150; x_wconf 88' lang='lat' dir='ltr'>quaedam</span> <span class='ocrx_word' id='word_1_328' title='bbox 1405 2096 1459 2135; x_wconf 92' lang='lat' dir='ltr'>sit</span> <span class='ocrx_word' id='word_1_329' title='bbox 1489 2095 1688 2142; x_wconf 90' lang='lat' dir='ltr'>deorum,</span> <span class='ocrx_word' id='word_1_330' title='bbox 1721 2109 1828 2148; x_wconf 88' lang='lat' dir='ltr'>quae</span> <span class='ocrx_word' id='word_1_331' title='bbox 1860 2096 1963 2135; x_wconf 93' lang='lat' dir='ltr'>nihil</span> <span class='ocrx_word' id='word_1_332' title='bbox 1994 2095 2178 2136; x_wconf 87' lang='lat' dir='ltr'>concreti</span> 
     </span>
     <span class='ocr_line' id='line_1_32' title="bbox 406 2158 2178 2212; baseline -0.001 -12"><span class='ocrx_word' id='word_1_333' title='bbox 406 2159 575 2207; x_wconf 88' lang='lat' dir='ltr'>habeat,</span> <span class='ocrx_word' id='word_1_334' title='bbox 618 2159 724 2198; x_wconf 94' lang='lat' dir='ltr'>nihil</span> <span class='ocrx_word' id='word_1_335' title='bbox 756 2158 898 2206; x_wconf 92' lang='lat' dir='ltr'>solidi,</span> <span class='ocrx_word' id='word_1_336' title='bbox 936 2158 1039 2197; x_wconf 92' lang='lat' dir='ltr'>nihil</span> <span class='ocrx_word' id='word_1_337' title='bbox 1071 2159 1282 2211; x_wconf 86' lang='lat' dir='ltr'>expressi,</span> <span class='ocrx_word' id='word_1_338' title='bbox 1321 2158 1426 2197; x_wconf 87' lang='lat' dir='ltr'>nihil</span> <span class='ocrx_word' id='word_1_339' title='bbox 1458 2159 1697 2205; x_wconf 85' lang='lat' dir='ltr'>eminentis,</span> <span class='ocrx_word' id='word_1_340' title='bbox 1729 2158 1866 2212; x_wconf 90' lang='lat' dir='ltr'>sitque</span> <span class='ocrx_word' id='word_1_341' title='bbox 1898 2172 2021 2212; x_wconf 89' lang='lat' dir='ltr'>pura,</span> <span class='ocrx_word' id='word_1_342' title='bbox 2061 2158 2178 2207; x_wconf 90' lang='lat' dir='ltr'>levis,</span> 
     </span>
     <span class='ocr_line' id='line_1_33' title="bbox 405 2220 2179 2276; baseline -0.001 -15"><span class='ocrx_word' id='word_1_343' title='bbox 405 2221 634 2276; x_wconf 90' lang='lat' dir='ltr'>perlucida.</span> <span class='ocrx_word' id='word_1_344' title='bbox 685 2221 878 2260; x_wconf 90' lang='lat' dir='ltr'>Dicemus</span> <span class='ocrx_word' id='word_1_345' title='bbox 909 2221 1036 2272; x_wconf 85' lang='lat' dir='ltr'>igitur</span> <span class='ocrx_word' id='word_1_346' title='bbox 1066 2221 1197 2268; x_wconf 92' lang='lat' dir='ltr'>idem,</span> <span class='ocrx_word' id='word_1_347' title='bbox 1229 2221 1342 2274; x_wconf 92' lang='lat' dir='ltr'>quod</span> <span class='ocrx_word' id='word_1_348' title='bbox 1374 2221 1417 2260; x_wconf 91' lang='lat' dir='ltr'>in</span> <span class='ocrx_word' id='word_1_349' title='bbox 1449 2222 1609 2260; x_wconf 88' lang='lat' dir='ltr'>Venere</span> <span class='ocrx_word' id='word_1_350' title='bbox 1644 2221 1749 2261; x_wconf 89' lang='lat' dir='ltr'>Coa:</span> <span class='ocrx_word' id='word_1_351' title='bbox 1781 2235 1930 2275; x_wconf 91' lang='lat' dir='ltr'>corpus</span> <span class='ocrx_word' id='word_1_352' title='bbox 1961 2220 2063 2261; x_wconf 90' lang='lat' dir='ltr'>illud</span> <span class='ocrx_word' id='word_1_353' title='bbox 2095 2234 2179 2260; x_wconf 91' lang='lat' dir='ltr'>non</span> 
     </span>
     <span class='ocr_line' id='line_1_34' title="bbox 407 2282 2178 2337; baseline -0.001 -13"><span class='ocrx_word' id='word_1_354' title='bbox 407 2289 492 2331; x_wconf 87' lang='lat' dir='ltr'>est,</span> <span class='ocrx_word' id='word_1_355' title='bbox 523 2285 597 2323; x_wconf 89' lang='lat' dir='ltr'>sed</span> <span class='ocrx_word' id='word_1_356' title='bbox 628 2284 763 2323; x_wconf 90' lang='lat' dir='ltr'>simile</span> <span class='ocrx_word' id='word_1_357' title='bbox 794 2283 1006 2336; x_wconf 91' lang='lat' dir='ltr'>corporis,</span> <span class='ocrx_word' id='word_1_358' title='bbox 1038 2296 1115 2323; x_wconf 91' lang='lat' dir='ltr'>nec</span> <span class='ocrx_word' id='word_1_359' title='bbox 1144 2284 1216 2323; x_wconf 90' lang='lat' dir='ltr'>ille</span> <span class='ocrx_word' id='word_1_360' title='bbox 1246 2283 1366 2323; x_wconf 88' lang='lat' dir='ltr'>fusus</span> <span class='ocrx_word' id='word_1_361' title='bbox 1399 2289 1440 2323; x_wconf 90' lang='lat' dir='ltr'>et</span> <span class='ocrx_word' id='word_1_362' title='bbox 1471 2283 1652 2323; x_wconf 87' lang='lat' dir='ltr'>candore</span> <span class='ocrx_word' id='word_1_363' title='bbox 1684 2284 1839 2323; x_wconf 76' lang='lat' dir='ltr'>mixtus</span> <span class='ocrx_word' id='word_1_364' title='bbox 1861 2285 1988 2324; x_wconf 91' lang='lat' dir='ltr'>rubor</span> <span class='ocrx_word' id='word_1_365' title='bbox 2009 2282 2178 2337; x_wconf 89' lang='lat' dir='ltr'>sanguis</span> 
     </span>
     <span class='ocr_line' id='line_1_35' title="bbox 407 2345 2177 2401; baseline -0.001 -14"><span class='ocrx_word' id='word_1_366' title='bbox 407 2352 493 2395; x_wconf 87' lang='lat' dir='ltr'>est,</span> <span class='ocrx_word' id='word_1_367' title='bbox 529 2346 603 2386; x_wconf 90' lang='lat' dir='ltr'>sed</span> <span class='ocrx_word' id='word_1_368' title='bbox 645 2346 851 2401; x_wconf 89' lang='lat' dir='ltr'>quaedam</span> <span class='ocrx_word' id='word_1_369' title='bbox 892 2346 1107 2398; x_wconf 90' lang='lat' dir='ltr'>sanguinis</span> <span class='ocrx_word' id='word_1_370' title='bbox 1140 2346 1393 2386; x_wconf 88' lang='lat' dir='ltr'>similitudo:</span> <span class='ocrx_word' id='word_1_371' title='bbox 1436 2347 1496 2386; x_wconf 90' lang='lat' dir='ltr'>sic</span> <span class='ocrx_word' id='word_1_372' title='bbox 1535 2347 1579 2386; x_wconf 93' lang='lat' dir='ltr'>in</span> <span class='ocrx_word' id='word_1_373' title='bbox 1610 2347 1820 2399; x_wconf 90' lang='lat' dir='ltr'>Epicureo</span> <span class='ocrx_word' id='word_1_374' title='bbox 1853 2345 1931 2386; x_wconf 91' lang='lat' dir='ltr'>deo</span> <span class='ocrx_word' id='word_1_375' title='bbox 1963 2361 2047 2388; x_wconf 93' lang='lat' dir='ltr'>non</span> <span class='ocrx_word' id='word_1_376' title='bbox 2079 2361 2177 2395; x_wconf 92' lang='lat' dir='ltr'>rem,</span> 
     </span>
     <span class='ocr_line' id='line_1_36' title="bbox 356 2409 2178 2463; baseline 0.001 -16"><span class='ocrx_word' id='word_1_377' title='bbox 356 2418 392 2447; x_wconf 84' lang='lat'>35</span> <span class='ocrx_word' id='word_1_378' title='bbox 407 2409 481 2449; x_wconf 90' lang='lat' dir='ltr'>sed</span> <span class='ocrx_word' id='word_1_379' title='bbox 512 2410 808 2450; x_wconf 88' lang='lat' dir='ltr'>similitudines</span> <span class='ocrx_word' id='word_1_380' title='bbox 841 2422 933 2449; x_wconf 91' lang='lat' dir='ltr'>esse</span> <span class='ocrx_word' id='word_1_381' title='bbox 964 2422 1118 2449; x_wconf 91' lang='lat' dir='ltr'>rerum.</span> <span class='ocrx_word' id='word_1_382' title='bbox 1163 2411 1244 2450; x_wconf 92' lang='lat' dir='ltr'>Fac</span> <span class='ocrx_word' id='word_1_383' title='bbox 1274 2410 1338 2457; x_wconf 91' lang='lat' dir='ltr'>id,</span> <span class='ocrx_word' id='word_1_384' title='bbox 1378 2410 1493 2463; x_wconf 92' lang='lat' dir='ltr'>quod</span> <span class='ocrx_word' id='word_1_385' title='bbox 1524 2424 1576 2450; x_wconf 92' lang='lat' dir='ltr'>ne</span> <span class='ocrx_word' id='word_1_386' title='bbox 1608 2410 1794 2462; x_wconf 89' lang='lat' dir='ltr'>intellegi</span> <span class='ocrx_word' id='word_1_387' title='bbox 1825 2409 1995 2463; x_wconf 91' lang='lat' dir='ltr'>quidem</span> <span class='ocrx_word' id='word_1_388' title='bbox 2028 2414 2178 2462; x_wconf 89' lang='lat' dir='ltr'>potest,</span> 
     </span>
     <span class='ocr_line' id='line_1_37' title="bbox 406 2471 2178 2526; baseline -0.001 -13"><span class='ocrx_word' id='word_1_389' title='bbox 406 2473 509 2512; x_wconf 89' lang='lat' dir='ltr'>mihi</span> <span class='ocrx_word' id='word_1_390' title='bbox 549 2486 641 2513; x_wconf 89' lang='lat' dir='ltr'>esse</span> <span class='ocrx_word' id='word_1_391' title='bbox 683 2486 947 2526; x_wconf 90' lang='lat' dir='ltr'>persuasum,</span> <span class='ocrx_word' id='word_1_392' title='bbox 990 2472 1093 2512; x_wconf 89' lang='lat' dir='ltr'>cedo</span> <span class='ocrx_word' id='word_1_393' title='bbox 1135 2472 1235 2512; x_wconf 88' lang='lat' dir='ltr'>mihi</span> <span class='ocrx_word' id='word_1_394' title='bbox 1276 2473 1452 2512; x_wconf 89' lang='lat' dir='ltr'>istorum</span> <span class='ocrx_word' id='word_1_395' title='bbox 1483 2472 1823 2513; x_wconf 88' lang='lat' dir='ltr'>adumbratorum</span> <span class='ocrx_word' id='word_1_396' title='bbox 1856 2472 2032 2512; x_wconf 85' lang='lat' dir='ltr'>deorum</span> <span class='ocrx_word' id='word_1_397' title='bbox 2061 2471 2178 2512; x_wconf 89' lang='lat' dir='ltr'>linia-</span> 
     </span>
     <span class='ocr_line' id='line_1_38' title="bbox 407 2533 2177 2588; baseline -0.002 -12"><span class='ocrx_word' id='word_1_398' title='bbox 407 2541 548 2576; x_wconf 90' lang='lat' dir='ltr'>menta</span> <span class='ocrx_word' id='word_1_399' title='bbox 587 2541 712 2588; x_wconf 88' lang='lat' dir='ltr'>atque</span> <span class='ocrx_word' id='word_1_400' title='bbox 753 2535 919 2575; x_wconf 88' lang='lat' dir='ltr'>formas.</span> <span class='ocrx_word' id='word_1_401' title='bbox 981 2533 1046 2574; x_wconf 79' lang='lat'>76.</span> <span class='ocrx_word' id='word_1_402' title='bbox 1089 2536 1180 2574; x_wconf 91' lang='lat' dir='ltr'>Non</span> <span class='ocrx_word' id='word_1_403' title='bbox 1213 2536 1329 2574; x_wconf 90' lang='lat' dir='ltr'>deest</span> <span class='ocrx_word' id='word_1_404' title='bbox 1368 2534 1449 2575; x_wconf 92' lang='lat' dir='ltr'>hoc</span> <span class='ocrx_word' id='word_1_405' title='bbox 1482 2535 1575 2574; x_wconf 93' lang='lat' dir='ltr'>loco</span> <span class='ocrx_word' id='word_1_406' title='bbox 1609 2535 1729 2588; x_wconf 91' lang='lat' dir='ltr'>copia</span> <span class='ocrx_word' id='word_1_407' title='bbox 1759 2534 1985 2582; x_wconf 89' lang='lat' dir='ltr'>rationum,</span> <span class='ocrx_word' id='word_1_408' title='bbox 2026 2533 2177 2588; x_wconf 92' lang='lat' dir='ltr'>quibus</span> 
     </span>
     <span class='ocr_line' id='line_1_39' title="bbox 409 2595 2177 2651; baseline -0.001 -14"><span class='ocrx_word' id='word_1_409' title='bbox 409 2597 561 2639; x_wconf 89' lang='lat' dir='ltr'>docere</span> <span class='ocrx_word' id='word_1_410' title='bbox 591 2598 730 2638; x_wconf 86' lang='lat' dir='ltr'>velitis</span> <span class='ocrx_word' id='word_1_411' title='bbox 762 2598 968 2637; x_wconf 89' lang='lat' dir='ltr'>humanas</span> <span class='ocrx_word' id='word_1_412' title='bbox 1000 2611 1092 2637; x_wconf 90' lang='lat' dir='ltr'>esse</span> <span class='ocrx_word' id='word_1_413' title='bbox 1123 2597 1276 2637; x_wconf 89' lang='lat' dir='ltr'>formas</span> <span class='ocrx_word' id='word_1_414' title='bbox 1300 2597 1498 2638; x_wconf 86' lang='lat' dir='ltr'>deorum:</span> <span class='ocrx_word' id='word_1_415' title='bbox 1530 2598 1710 2650; x_wconf 91' lang='lat' dir='ltr'>primum</span> <span class='ocrx_word' id='word_1_416' title='bbox 1732 2597 1847 2651; x_wconf 91' lang='lat' dir='ltr'>quod</span> <span class='ocrx_word' id='word_1_417' title='bbox 1879 2598 1936 2637; x_wconf 88' lang='lat' dir='ltr'>ita</span> <span class='ocrx_word' id='word_1_418' title='bbox 1967 2597 2022 2637; x_wconf 88' lang='lat' dir='ltr'>sit</span> <span class='ocrx_word' id='word_1_419' title='bbox 2050 2595 2177 2636; x_wconf 88' lang='lat' dir='ltr'>infor-</span> 
     </span>
    </p>
   </div>
   <div class='ocr_carea' id='block_1_3' title="bbox 405 2798 2223 3342">
    <p class='ocr_par' dir='ltr' id='par_1_3' title="bbox 405 2798 2223 3342">
     <span class='ocr_line' id='line_1_40' title="bbox 482 2798 2173 2840; baseline -0.002 -6"><span class='ocrx_word' id='word_1_420' title='bbox 482 2804 511 2834; x_wconf 71' lang='lat'>4.</span> <span class='ocrx_word' id='word_1_421' title='bbox 531 2803 557 2833; x_wconf 82' lang='lat' dir='ltr'>si</span> <span class='ocrx_word' id='word_1_422' title='bbox 581 2801 631 2835; x_wconf 65' lang='lat'>21:</span> <span class='ocrx_word' id='word_1_423' title='bbox 658 2803 685 2833; x_wconf 84' lang='lat' dir='ltr'>si</span> <span class='ocrx_word' id='word_1_424' title='bbox 708 2802 742 2833; x_wconf 77' lang='lat' dir='ltr'>id</span> <span class='ocrx_word' id='word_1_425' title='bbox 759 2802 784 2833; x_wconf 94' lang='lat' dir='ltr'>O</span> <span class='ocrx_word' id='word_1_426' title='bbox 804 2819 839 2823; x_wconf 85' lang='lat'>--</span> <span class='ocrx_word' id='word_1_427' title='bbox 860 2802 890 2833; x_wconf 69' lang='lat'>2.</span> <span class='ocrx_word' id='word_1_428' title='bbox 910 2810 1029 2840; x_wconf 80' lang='lat' dir='ltr'>corpus</span> <span class='ocrx_word' id='word_1_429' title='bbox 1051 2804 1109 2832; x_wconf 79' lang='lat' dir='ltr'>aul</span> <span class='ocrx_word' id='word_1_430' title='bbox 1133 2802 1229 2840; x_wconf 78' lang='lat' dir='ltr'>quasi</span> <span class='ocrx_word' id='word_1_431' title='bbox 1252 2810 1321 2833; x_wconf 89' lang='lat' dir='ltr'>om.</span> <span class='ocrx_word' id='word_1_432' title='bbox 1341 2804 1366 2833; x_wconf 85' lang='lat' dir='ltr'><strong>A</strong></span> <span class='ocrx_word' id='word_1_433' title='bbox 1383 2802 1406 2833; x_wconf 93' lang='lat' dir='ltr'>C</span> <span class='ocrx_word' id='word_1_434' title='bbox 1422 2801 1446 2833; x_wconf 99' lang='grc' dir='ltr'>Ε</span> <span class='ocrx_word' id='word_1_435' title='bbox 1461 2803 1484 2834; x_wconf 89' lang='grc' dir='ltr'><em>Ρ</em></span> <span class='ocrx_word' id='word_1_436' title='bbox 1505 2818 1539 2824; x_wconf 90' lang='grc'>-</span> <span class='ocrx_word' id='word_1_437' title='bbox 1559 2801 1592 2833; x_wconf 88' lang='grc'>3.</span> <span class='ocrx_word' id='word_1_438' title='bbox 1611 2805 1671 2832; x_wconf 78' lang='lat' dir='ltr'>aut</span> <span class='ocrx_word' id='word_1_439' title='bbox 1687 2801 1765 2840; x_wconf 79' lang='lat' dir='ltr'>quid</span> <span class='ocrx_word' id='word_1_440' title='bbox 1779 2801 1821 2832; x_wconf 77' lang='lat' dir='ltr'>sit</span> <span class='ocrx_word' id='word_1_441' title='bbox 1839 2801 1935 2840; x_wconf 73' lang='lat' dir='ltr'>quasi</span> <span class='ocrx_word' id='word_1_442' title='bbox 1951 2801 1974 2831; x_wconf 94' lang='lat' dir='ltr'><strong>B</strong></span> <span class='ocrx_word' id='word_1_443' title='bbox 1995 2817 2029 2822; x_wconf 90' lang='lat'><em>—</em></span> <span class='ocrx_word' id='word_1_444' title='bbox 2049 2799 2080 2831; x_wconf 76' lang='grc' dir='ltr'>ὅ.</span> <span class='ocrx_word' id='word_1_445' title='bbox 2100 2798 2173 2830; x_wconf 82' lang='lat' dir='ltr'>alu-</span> 
     </span>
     <span class='ocr_line' id='line_1_41' title="bbox 406 2849 2170 2891; baseline -0.003 -8"><span class='ocrx_word' id='word_1_446' title='bbox 406 2853 536 2884; x_wconf 74' lang='lat' dir='ltr'>cinatus</span> <span class='ocrx_word' id='word_1_447' title='bbox 559 2854 605 2890; x_wconf 85' lang='lat' dir='ltr'>B;</span> <span class='ocrx_word' id='word_1_448' title='bbox 633 2853 845 2884; x_wconf 80' lang='lat' dir='ltr'>aluncinalus</span> <span class='ocrx_word' id='word_1_449' title='bbox 868 2853 891 2883; x_wconf 90' lang='lat' dir='ltr'>P</span> <span class='ocrx_word' id='word_1_450' title='bbox 908 2870 951 2874; x_wconf 88' lang='lat'><strong>—</strong></span> <span class='ocrx_word' id='word_1_451' title='bbox 976 2852 1006 2884; x_wconf 80' lang='lat'>6.</span> <span class='ocrx_word' id='word_1_452' title='bbox 1033 2853 1060 2882; x_wconf 81' lang='lat' dir='ltr'>el</span> <span class='ocrx_word' id='word_1_453' title='bbox 1078 2852 1249 2883; x_wconf 81' lang='lat' dir='ltr'>Klotzius:</span> <span class='ocrx_word' id='word_1_454' title='bbox 1277 2856 1307 2882; x_wconf 84' lang='lat' dir='ltr'>el</span> <span class='ocrx_word' id='word_1_455' title='bbox 1331 2851 1398 2883; x_wconf 65' lang='lat' dir='ltr'>⁸][O</span> <span class='ocrx_word' id='word_1_456' title='bbox 1419 2868 1454 2874; x_wconf 90' lang='lat'>-—</span> <span class='ocrx_word' id='word_1_457' title='bbox 1479 2853 1630 2891; x_wconf 80' lang='lat' dir='ltr'>precanti</span> <span class='ocrx_word' id='word_1_458' title='bbox 1649 2853 1670 2882; x_wconf 84' lang='lat' dir='ltr'>P</span> <span class='ocrx_word' id='word_1_459' title='bbox 1693 2869 1721 2874; x_wconf 94' lang='lat'>—-</span> <span class='ocrx_word' id='word_1_460' title='bbox 1747 2851 1776 2882; x_wconf 84' lang='lat'>7.</span> <span class='ocrx_word' id='word_1_461' title='bbox 1796 2852 1945 2891; x_wconf 79' lang='lat' dir='ltr'>equidem</span> <span class='ocrx_word' id='word_1_462' title='bbox 1962 2849 2170 2882; x_wconf 86' lang='lat' dir='ltr'>Lambinus:</span> 
     </span>
     <span class='ocr_line' id='line_1_42' title="bbox 408 2896 2174 2940; baseline -0.003 -8"><span class='ocrx_word' id='word_1_463' title='bbox 408 2903 537 2940; x_wconf 79' lang='lat' dir='ltr'>quidem</span> <span class='ocrx_word' id='word_1_464' title='bbox 560 2901 588 2934; x_wconf 65' lang='lat'>⁸21</span> <span class='ocrx_word' id='word_1_465' title='bbox 616 2919 649 2924; x_wconf 93' lang='lat'>——</span> <span class='ocrx_word' id='word_1_466' title='bbox 677 2903 842 2934; x_wconf 81' lang='lat' dir='ltr'>crederem</span> <span class='ocrx_word' id='word_1_467' title='bbox 867 2899 907 2933; x_wconf 72' lang='grc' dir='ltr'>Α2</span> <span class='ocrx_word' id='word_1_468' title='bbox 920 2898 1012 2933; x_wconf 66' lang='lat' dir='ltr'>B&#39;2E:</span> <span class='ocrx_word' id='word_1_469' title='bbox 1039 2903 1167 2933; x_wconf 84' lang='lat' dir='ltr'>credem</span> <span class='ocrx_word' id='word_1_470' title='bbox 1190 2901 1300 2939; x_wconf 81' lang='lat' dir='ltr'><strong>A¹B¹;</strong></span> <span class='ocrx_word' id='word_1_471' title='bbox 1326 2902 1493 2933; x_wconf 78' lang='lat' dir='ltr'>credemus</span> <span class='ocrx_word' id='word_1_472' title='bbox 1509 2902 1556 2937; x_wconf 81' lang='lat' dir='ltr'>C;</span> <span class='ocrx_word' id='word_1_473' title='bbox 1583 2902 1719 2932; x_wconf 78' lang='lat' dir='ltr'>credam</span> <span class='ocrx_word' id='word_1_474' title='bbox 1742 2902 1766 2932; x_wconf 89' lang='lat' dir='ltr'>P</span> <span class='ocrx_word' id='word_1_475' title='bbox 1787 2919 1821 2923; x_wconf 89' lang='lat'>—</span> <span class='ocrx_word' id='word_1_476' title='bbox 1843 2901 1937 2931; x_wconf 86' lang='lat' dir='ltr'>domo</span> <span class='ocrx_word' id='word_1_477' title='bbox 1962 2901 1985 2931; x_wconf 92' lang='lat' dir='ltr'>P</span> <span class='ocrx_word' id='word_1_478' title='bbox 2006 2917 2040 2922; x_wconf 93' lang='lat'><strong>—</strong></span> <span class='ocrx_word' id='word_1_479' title='bbox 2066 2898 2096 2930; x_wconf 87' lang='lat'>8.</span> <span class='ocrx_word' id='word_1_480' title='bbox 2115 2896 2174 2928; x_wconf 75' lang='lat' dir='ltr'>olet</span> 
     </span>
     <span class='ocr_line' id='line_1_43' title="bbox 406 2946 2173 2992; baseline -0.002 -11"><span class='ocrx_word' id='word_1_481' title='bbox 406 2952 455 2982; x_wconf 89' lang='lat' dir='ltr'>B:</span> <span class='ocrx_word' id='word_1_482' title='bbox 481 2954 576 2992; x_wconf 67' lang='lat' dir='ltr'>floret</span> <span class='ocrx_word' id='word_1_483' title='bbox 598 2954 623 2983; x_wconf 82' lang='lat' dir='ltr'><strong>A</strong></span> <span class='ocrx_word' id='word_1_484' title='bbox 640 2953 663 2983; x_wconf 91' lang='lat' dir='ltr'>C</span> <span class='ocrx_word' id='word_1_485' title='bbox 680 2953 740 2984; x_wconf 88' lang='grc' dir='ltr'>ΕΡ</span> <span class='ocrx_word' id='word_1_486' title='bbox 773 2971 807 2975; x_wconf 91' lang='lat'><em>-</em></span> <span class='ocrx_word' id='word_1_487' title='bbox 833 2952 914 2983; x_wconf 77' lang='lat' dir='ltr'>nihil</span> <span class='ocrx_word' id='word_1_488' title='bbox 936 2960 975 2983; x_wconf 77' lang='lat' dir='ltr'>ne</span> <span class='ocrx_word' id='word_1_489' title='bbox 998 2960 1042 2983; x_wconf 71' lang='lat' dir='ltr'>ex</span> <span class='ocrx_word' id='word_1_490' title='bbox 1065 2950 1094 2983; x_wconf 65' lang='lat'>⁵21</span> <span class='ocrx_word' id='word_1_491' title='bbox 1122 2969 1156 2974; x_wconf 91' lang='lat'>——</span> <span class='ocrx_word' id='word_1_492' title='bbox 1184 2961 1226 2983; x_wconf 76' lang='lat' dir='ltr'>ez:</span> <span class='ocrx_word' id='word_1_493' title='bbox 1249 2952 1347 2983; x_wconf 80' lang='lat' dir='ltr'>leutio</span> <span class='ocrx_word' id='word_1_494' title='bbox 1370 2952 1452 2982; x_wconf 70' lang='lat' dir='ltr'>nihil</span> <span class='ocrx_word' id='word_1_495' title='bbox 1475 2960 1513 2982; x_wconf 82' lang='lat' dir='ltr'>ne</span> <span class='ocrx_word' id='word_1_496' title='bbox 1538 2952 1570 2982; x_wconf 89' lang='lat' dir='ltr'>in</span> <span class='ocrx_word' id='word_1_497' title='bbox 1596 2959 1705 2990; x_wconf 82' lang='lat' dir='ltr'>marg.</span> <span class='ocrx_word' id='word_1_498' title='bbox 1725 2958 1798 2982; x_wconf 87' lang='lat' dir='ltr'>sec.</span> <span class='ocrx_word' id='word_1_499' title='bbox 1819 2959 1864 2981; x_wconf 90' lang='lat' dir='ltr'>m.</span> <span class='ocrx_word' id='word_1_500' title='bbox 1884 2949 1964 2981; x_wconf 86' lang='lat' dir='ltr'>add.</span> <span class='ocrx_word' id='word_1_501' title='bbox 1983 2951 2007 2980; x_wconf 89' lang='lat' dir='ltr'>A</span> <span class='ocrx_word' id='word_1_502' title='bbox 2033 2965 2075 2970; x_wconf 86' lang='lat'><em>-</em></span> <span class='ocrx_word' id='word_1_503' title='bbox 2097 2946 2173 2978; x_wconf 63' lang='lat' dir='ltr'>lecto</span> 
     </span>
     <span class='ocr_line' id='line_1_44' title="bbox 414 2997 2172 3040; baseline -0.003 -8"><span class='ocrx_word' id='word_1_504' title='bbox 414 2997 471 3039; x_wconf 87' lang='lat' dir='ltr'>B¹;</span> <span class='ocrx_word' id='word_1_505' title='bbox 501 3002 602 3032; x_wconf 82' lang='lat' dir='ltr'>leucio</span> <span class='ocrx_word' id='word_1_506' title='bbox 628 2997 703 3034; x_wconf 73' lang='lat' dir='ltr'>B²C</span> <span class='ocrx_word' id='word_1_507' title='bbox 719 3005 760 3039; x_wconf 78' lang='lat' dir='ltr'>P;</span> <span class='ocrx_word' id='word_1_508' title='bbox 786 3002 888 3033; x_wconf 83' lang='lat' dir='ltr'>lencio</span> <span class='ocrx_word' id='word_1_509' title='bbox 915 3002 957 3039; x_wconf 83' lang='lat' dir='ltr'>E;</span> <span class='ocrx_word' id='word_1_510' title='bbox 984 3002 1087 3040; x_wconf 80' lang='lat' dir='ltr'>Lyceo</span> <span class='ocrx_word' id='word_1_511' title='bbox 1112 3003 1137 3033; x_wconf 96' lang='lat' dir='ltr'>O</span> <span class='ocrx_word' id='word_1_512' title='bbox 1165 3020 1199 3024; x_wconf 97' lang='lat'><strong>—</strong></span> <span class='ocrx_word' id='word_1_513' title='bbox 1227 3004 1256 3033; x_wconf 70' lang='grc'>9.</span> <span class='ocrx_word' id='word_1_514' title='bbox 1276 3002 1492 3033; x_wconf 78' lang='lat' dir='ltr'>Xenocralem</span> <span class='ocrx_word' id='word_1_515' title='bbox 1512 3001 1536 3032; x_wconf 85' lang='lat' dir='ltr'>E</span> <span class='ocrx_word' id='word_1_516' title='bbox 1552 3002 1576 3033; x_wconf 96' lang='lat' dir='ltr'>O</span> <span class='ocrx_word' id='word_1_517' title='bbox 1598 3019 1631 3022; x_wconf 98' lang='lat'><strong>—</strong></span> <span class='ocrx_word' id='word_1_518' title='bbox 1654 3002 1705 3032; x_wconf 79' lang='grc'>40.</span> <span class='ocrx_word' id='word_1_519' title='bbox 1726 3001 1888 3031; x_wconf 72' lang='lat' dir='ltr'>audivisse</span> <span class='ocrx_word' id='word_1_520' title='bbox 1905 3001 1929 3031; x_wconf 97' lang='lat' dir='ltr'>O</span> <span class='ocrx_word' id='word_1_521' title='bbox 1949 3016 1984 3021; x_wconf 95' lang='lat'>-</span> <span class='ocrx_word' id='word_1_522' title='bbox 2011 2999 2172 3037; x_wconf 52' lang='lat' dir='ltr'>Almam-</span> 
     </span>
     <span class='ocr_line' id='line_1_45' title="bbox 405 3050 2223 3096; baseline -0.003 -14"><span class='ocrx_word' id='word_1_523' title='bbox 405 3051 499 3091; x_wconf 77' lang='lat' dir='ltr'>filum</span> <span class='ocrx_word' id='word_1_524' title='bbox 522 3053 548 3082; x_wconf 89' lang='lat' dir='ltr'><strong>A</strong></span> <span class='ocrx_word' id='word_1_525' title='bbox 564 3052 587 3082; x_wconf 93' lang='lat' dir='ltr'>C</span> <span class='ocrx_word' id='word_1_526' title='bbox 605 3062 611 3086; x_wconf 84' lang='lat'>;</span> <span class='ocrx_word' id='word_1_527' title='bbox 632 3053 817 3092; x_wconf 71' lang='lat' dir='ltr'>pampilum</span> <span class='ocrx_word' id='word_1_528' title='bbox 842 3053 886 3088; x_wconf 82' lang='lat' dir='ltr'>B;</span> <span class='ocrx_word' id='word_1_529' title='bbox 909 3052 1130 3091; x_wconf 69' lang='lat' dir='ltr'>pamphiliam</span> <span class='ocrx_word' id='word_1_530' title='bbox 1154 3052 1178 3083; x_wconf 84' lang='lat' dir='ltr'>E</span> <span class='ocrx_word' id='word_1_531' title='bbox 1207 3069 1241 3074; x_wconf 91' lang='lat'>—</span> <span class='ocrx_word' id='word_1_532' title='bbox 1269 3053 1315 3082; x_wconf 72' lang='lat' dir='ltr'>ait</span> <span class='ocrx_word' id='word_1_533' title='bbox 1340 3061 1356 3083; x_wconf 88' lang='lat' dir='ltr'>e</span> <span class='ocrx_word' id='word_1_534' title='bbox 1378 3061 1410 3083; x_wconf 87' lang='lat' dir='ltr'>se</span> <span class='ocrx_word' id='word_1_535' title='bbox 1435 3052 1458 3083; x_wconf 92' lang='lat' dir='ltr'>C</span> <span class='ocrx_word' id='word_1_536' title='bbox 1479 3069 1513 3073; x_wconf 97' lang='lat'><strong>—</strong></span> <span class='ocrx_word' id='word_1_537' title='bbox 1543 3051 1594 3082; x_wconf 75' lang='lat'>43.</span> <span class='ocrx_word' id='word_1_538' title='bbox 1621 3051 1728 3082; x_wconf 54' lang='lat' dir='ltr'>*neocle</span> <span class='ocrx_word' id='word_1_539' title='bbox 1751 3052 1775 3082; x_wconf 91' lang='grc' dir='ltr'>Ρ</span> <span class='ocrx_word' id='word_1_540' title='bbox 1795 3067 1830 3072; x_wconf 92' lang='lat'>—-</span> <span class='ocrx_word' id='word_1_541' title='bbox 1857 3050 2009 3090; x_wconf 66' lang='lat' dir='ltr'>agripeta</span> <span class='ocrx_word' id='word_1_542' title='bbox 2026 3056 2114 3080; x_wconf 88' lang='lat' dir='ltr'>corr.</span> <span class='ocrx_word' id='word_1_543' title='bbox 2131 3053 2171 3078; x_wconf 84' lang='lat' dir='ltr'>ex</span> <span class='ocrx_word' id='word_1_544' title='bbox 2222 3090 2223 3096; x_wconf 12' lang='grc' dir='ltr'>ἵ</span> 
     </span>
     <span class='ocr_line' id='line_1_46' title="bbox 408 3098 2223 3141; baseline -0.002 -10"><span class='ocrx_word' id='word_1_545' title='bbox 408 3104 566 3141; x_wconf 72' lang='lat' dir='ltr'>aqrepela</span> <span class='ocrx_word' id='word_1_546' title='bbox 589 3103 614 3131; x_wconf 85' lang='lat' dir='ltr'><strong>A</strong></span> <span class='ocrx_word' id='word_1_547' title='bbox 642 3116 676 3123; x_wconf 92' lang='lat'>—</span> <span class='ocrx_word' id='word_1_548' title='bbox 716 3103 763 3133; x_wconf 83' lang='lat'>15.</span> <span class='ocrx_word' id='word_1_549' title='bbox 789 3102 987 3141; x_wconf 70' lang='lat' dir='ltr'>contempnit</span> <span class='ocrx_word' id='word_1_550' title='bbox 1010 3105 1035 3133; x_wconf 82' lang='lat' dir='ltr'><strong>A</strong></span> <span class='ocrx_word' id='word_1_551' title='bbox 1052 3102 1074 3132; x_wconf 90' lang='grc' dir='ltr'>Ε</span> <span class='ocrx_word' id='word_1_552' title='bbox 1103 3120 1137 3124; x_wconf 95' lang='grc'>-</span> <span class='ocrx_word' id='word_1_553' title='bbox 1166 3102 1217 3133; x_wconf 74' lang='grc'>47.</span> <span class='ocrx_word' id='word_1_554' title='bbox 1245 3102 1349 3141; x_wconf 78' lang='lat' dir='ltr'>adqui</span> <span class='ocrx_word' id='word_1_555' title='bbox 1374 3105 1399 3133; x_wconf 82' lang='lat' dir='ltr'><strong>A</strong></span> <span class='ocrx_word' id='word_1_556' title='bbox 1427 3119 1461 3124; x_wconf 87' lang='lat'>——</span> <span class='ocrx_word' id='word_1_557' title='bbox 1498 3102 1549 3133; x_wconf 76' lang='lat'>48.</span> <span class='ocrx_word' id='word_1_558' title='bbox 1575 3105 1620 3133; x_wconf 83' lang='lat' dir='ltr'>est</span> <span class='ocrx_word' id='word_1_559' title='bbox 1645 3100 1693 3133; x_wconf 69' lang='lat'>‘212</span> <span class='ocrx_word' id='word_1_560' title='bbox 1721 3102 1807 3132; x_wconf 76' lang='lat' dir='ltr'>enim</span> <span class='ocrx_word' id='word_1_561' title='bbox 1831 3100 1856 3131; x_wconf 96' lang='grc' dir='ltr'><strong>Ο</strong></span> <span class='ocrx_word' id='word_1_562' title='bbox 1884 3117 1919 3122; x_wconf 91' lang='lat'>-—</span> <span class='ocrx_word' id='word_1_563' title='bbox 1944 3099 1997 3131; x_wconf 71' lang='lat'>20.</span> <span class='ocrx_word' id='word_1_564' title='bbox 2018 3098 2172 3138; x_wconf 75' lang='lat' dir='ltr'>pleraque</span> <span class='ocrx_word' id='word_1_565' title='bbox 2220 3104 2223 3110; x_wconf 73' lang='lat'><strong>⁴</strong></span> 
     </span>
     <span class='ocr_line' id='line_1_47' title="bbox 407 3147 2222 3192; baseline -0.002 -11"><span class='ocrx_word' id='word_1_566' title='bbox 407 3159 492 3190; x_wconf 78' lang='lat' dir='ltr'>quae</span> <span class='ocrx_word' id='word_1_567' title='bbox 515 3150 593 3181; x_wconf 71' lang='lat' dir='ltr'>dicit</span> <span class='ocrx_word' id='word_1_568' title='bbox 617 3153 640 3182; x_wconf 91' lang='lat' dir='ltr'>P</span> <span class='ocrx_word' id='word_1_569' title='bbox 668 3170 701 3174; x_wconf 88' lang='lat'>—-</span> <span class='ocrx_word' id='word_1_570' title='bbox 730 3153 842 3182; x_wconf 77' lang='lat' dir='ltr'>inanes</span> <span class='ocrx_word' id='word_1_571' title='bbox 864 3152 1027 3192; x_wconf 66' lang='lat' dir='ltr'>imagines</span> <span class='ocrx_word' id='word_1_572' title='bbox 1051 3150 1079 3183; x_wconf 63' lang='lat' dir='ltr'>Q</span> <span class='ocrx_word' id='word_1_573' title='bbox 1098 3168 1133 3173; x_wconf 87' lang='lat'>—-</span> <span class='ocrx_word' id='word_1_574' title='bbox 1160 3151 1213 3182; x_wconf 63' lang='lat'>2⁴2.</span> <span class='ocrx_word' id='word_1_575' title='bbox 1240 3152 1327 3183; x_wconf 74' lang='lat' dir='ltr'>istud</span> <span class='ocrx_word' id='word_1_576' title='bbox 1347 3152 1372 3183; x_wconf 92' lang='lat' dir='ltr'>O</span> <span class='ocrx_word' id='word_1_577' title='bbox 1393 3169 1427 3173; x_wconf 97' lang='lat'><strong>—</strong></span> <span class='ocrx_word' id='word_1_578' title='bbox 1454 3152 1508 3182; x_wconf 68' lang='lat'>25.</span> <span class='ocrx_word' id='word_1_579' title='bbox 1527 3151 1674 3182; x_wconf 80' lang='lat' dir='ltr'>uellelius</span> <span class='ocrx_word' id='word_1_580' title='bbox 1689 3153 1715 3182; x_wconf 82' lang='grc' dir='ltr'>Α</span> <span class='ocrx_word' id='word_1_581' title='bbox 1732 3167 1775 3172; x_wconf 93' lang='grc'>--</span> <span class='ocrx_word' id='word_1_582' title='bbox 1791 3152 1905 3189; x_wconf 80' lang='lat' dir='ltr'>quotta</span> <span class='ocrx_word' id='word_1_583' title='bbox 1922 3150 1947 3179; x_wconf 82' lang='lat' dir='ltr'><strong>A</strong></span> <span class='ocrx_word' id='word_1_584' title='bbox 1966 3164 2001 3169; x_wconf 89' lang='lat'><strong>—</strong></span> <span class='ocrx_word' id='word_1_585' title='bbox 2028 3147 2080 3178; x_wconf 72' lang='lat'>27.</span> <span class='ocrx_word' id='word_1_586' title='bbox 2097 3152 2171 3177; x_wconf 75' lang='lat' dir='ltr'>cao-</span> <span class='ocrx_word' id='word_1_587' title='bbox 2220 3153 2222 3161; x_wconf 76' lang='grc'>’</span> 
     </span>
     <span class='ocr_line' id='line_1_48' title="bbox 406 3195 2166 3240; baseline -0.003 -9"><span class='ocrx_word' id='word_1_588' title='bbox 406 3201 456 3231; x_wconf 85' lang='lat' dir='ltr'>las</span> <span class='ocrx_word' id='word_1_589' title='bbox 480 3201 543 3231; x_wconf 89' lang='lat' dir='ltr'>AB</span> <span class='ocrx_word' id='word_1_590' title='bbox 573 3218 607 3222; x_wconf 75' lang='lat'>—-</span> <span class='ocrx_word' id='word_1_591' title='bbox 634 3200 687 3231; x_wconf 74' lang='lat'>⁶28.</span> <span class='ocrx_word' id='word_1_592' title='bbox 713 3203 861 3232; x_wconf 74' lang='lat' dir='ltr'>consulta</span> <span class='ocrx_word' id='word_1_593' title='bbox 883 3204 909 3232; x_wconf 87' lang='lat' dir='ltr'>A</span> <span class='ocrx_word' id='word_1_594' title='bbox 925 3203 949 3233; x_wconf 88' lang='lat' dir='ltr'>B</span> <span class='ocrx_word' id='word_1_595' title='bbox 965 3203 987 3233; x_wconf 90' lang='lat' dir='ltr'>P</span> <span class='ocrx_word' id='word_1_596' title='bbox 1016 3219 1050 3224; x_wconf 88' lang='lat'>-—</span> <span class='ocrx_word' id='word_1_597' title='bbox 1084 3202 1230 3232; x_wconf 75' lang='lat' dir='ltr'>occultae</span> <span class='ocrx_word' id='word_1_598' title='bbox 1253 3204 1279 3232; x_wconf 77' lang='lat' dir='ltr'><strong>A</strong></span> <span class='ocrx_word' id='word_1_599' title='bbox 1307 3220 1341 3223; x_wconf 98' lang='lat'><strong>—</strong></span> <span class='ocrx_word' id='word_1_600' title='bbox 1368 3201 1420 3233; x_wconf 72' lang='lat'>⁶29.</span> <span class='ocrx_word' id='word_1_601' title='bbox 1448 3201 1573 3240; x_wconf 77' lang='lat' dir='ltr'>liqueat</span> <span class='ocrx_word' id='word_1_602' title='bbox 1597 3199 1625 3232; x_wconf 66' lang='grc' dir='ltr'><em>Ἡ</em></span> <span class='ocrx_word' id='word_1_603' title='bbox 1653 3218 1686 3222; x_wconf 97' lang='grc'><strong>-</strong></span> <span class='ocrx_word' id='word_1_604' title='bbox 1714 3199 1766 3230; x_wconf 73' lang='lat'>32.</span> <span class='ocrx_word' id='word_1_605' title='bbox 1792 3199 1896 3239; x_wconf 67' lang='lat' dir='ltr'>iqitur</span> <span class='ocrx_word' id='word_1_606' title='bbox 1912 3196 1957 3229; x_wconf 70' lang='lat'>³21:</span> <span class='ocrx_word' id='word_1_607' title='bbox 1984 3205 2061 3237; x_wconf 70' lang='lat' dir='ltr'>erqo</span> <span class='ocrx_word' id='word_1_608' title='bbox 2084 3195 2109 3226; x_wconf 92' lang='grc' dir='ltr'><strong>Ο</strong></span> <span class='ocrx_word' id='word_1_609' title='bbox 2134 3209 2166 3215; x_wconf 90' lang='lat'><em>-</em></span> 
     </span>
     <span class='ocr_line' id='line_1_49' title="bbox 408 3244 2217 3294; baseline -0.003 -13"><span class='ocrx_word' id='word_1_610' title='bbox 408 3250 476 3282; x_wconf 86' lang='lat' dir='ltr'>Coa</span> <span class='ocrx_word' id='word_1_611' title='bbox 506 3259 576 3281; x_wconf 88' lang='lat' dir='ltr'>om.</span> <span class='ocrx_word' id='word_1_612' title='bbox 604 3251 627 3281; x_wconf 92' lang='lat' dir='ltr'>B</span> <span class='ocrx_word' id='word_1_613' title='bbox 661 3267 695 3272; x_wconf 85' lang='lat'>—</span> <span class='ocrx_word' id='word_1_614' title='bbox 735 3251 787 3282; x_wconf 87' lang='lat'>33.</span> <span class='ocrx_word' id='word_1_615' title='bbox 814 3252 964 3291; x_wconf 80' lang='lat' dir='ltr'>corporis</span> <span class='ocrx_word' id='word_1_616' title='bbox 992 3253 1016 3283; x_wconf 84' lang='grc' dir='ltr'>Α</span> <span class='ocrx_word' id='word_1_617' title='bbox 1033 3252 1117 3283; x_wconf 88' lang='lat' dir='ltr'>CE:</span> <span class='ocrx_word' id='word_1_618' title='bbox 1158 3260 1296 3291; x_wconf 84' lang='lat' dir='ltr'>corpore</span> <span class='ocrx_word' id='word_1_619' title='bbox 1321 3250 1380 3287; x_wconf 69' lang='lat'>13¹3</span> <span class='ocrx_word' id='word_1_620' title='bbox 1417 3250 1549 3290; x_wconf 80' lang='lat' dir='ltr'>corpori</span> <span class='ocrx_word' id='word_1_621' title='bbox 1586 3248 1662 3281; x_wconf 76' lang='lat'>13²0</span> <span class='ocrx_word' id='word_1_622' title='bbox 1688 3266 1723 3271; x_wconf 86' lang='lat'>·-</span> <span class='ocrx_word' id='word_1_623' title='bbox 1762 3247 1814 3280; x_wconf 79' lang='lat'>34.</span> <span class='ocrx_word' id='word_1_624' title='bbox 1839 3256 1910 3279; x_wconf 87' lang='lat' dir='ltr'>rem</span> <span class='ocrx_word' id='word_1_625' title='bbox 1933 3245 1984 3278; x_wconf 71' lang='lat'>⁵21:</span> <span class='ocrx_word' id='word_1_626' title='bbox 2009 3254 2061 3277; x_wconf 87' lang='lat' dir='ltr'>res</span> <span class='ocrx_word' id='word_1_627' title='bbox 2083 3244 2108 3275; x_wconf 97' lang='grc' dir='ltr'>Ο</span> <span class='ocrx_word' id='word_1_628' title='bbox 2133 3257 2166 3266; x_wconf 89' lang='grc'>·-</span> <span class='ocrx_word' id='word_1_629' title='bbox 2216 3290 2217 3294; x_wconf 14' lang='lat'>¹</span> 
     </span>
     <span class='ocr_line' id='line_1_50' title="bbox 407 3296 2217 3342; baseline -0.003 -10"><span class='ocrx_word' id='word_1_630' title='bbox 407 3300 461 3332; x_wconf 80' lang='lat'>35.</span> <span class='ocrx_word' id='word_1_631' title='bbox 486 3309 600 3332; x_wconf 87' lang='lat' dir='ltr'>rerum</span> <span class='ocrx_word' id='word_1_632' title='bbox 622 3309 687 3335; x_wconf 79' lang='lat' dir='ltr'>esse</span> <span class='ocrx_word' id='word_1_633' title='bbox 710 3302 735 3332; x_wconf 93' lang='lat' dir='ltr'>O</span> <span class='ocrx_word' id='word_1_634' title='bbox 762 3319 797 3323; x_wconf 84' lang='lat'>—-</span> <span class='ocrx_word' id='word_1_635' title='bbox 823 3302 910 3342; x_wconf 83' lang='lat' dir='ltr'>sacio</span> <span class='ocrx_word' id='word_1_636' title='bbox 934 3302 1021 3340; x_wconf 72' lang='lat' dir='ltr'>quod</span> <span class='ocrx_word' id='word_1_637' title='bbox 1044 3299 1082 3333; x_wconf 79' lang='lat'>13¹</span> <span class='ocrx_word' id='word_1_638' title='bbox 1108 3319 1143 3324; x_wconf 91' lang='lat'>—</span> <span class='ocrx_word' id='word_1_639' title='bbox 1169 3301 1222 3332; x_wconf 80' lang='lat'>36.</span> <span class='ocrx_word' id='word_1_640' title='bbox 1248 3301 1348 3334; x_wconf 84' lang='lat' dir='ltr'>caedo</span> <span class='ocrx_word' id='word_1_641' title='bbox 1372 3301 1396 3332; x_wconf 95' lang='lat' dir='ltr'>B</span> <span class='ocrx_word' id='word_1_642' title='bbox 1425 3317 1457 3323; x_wconf 94' lang='lat'>—</span> <span class='ocrx_word' id='word_1_643' title='bbox 1487 3300 1540 3331; x_wconf 88' lang='lat'>38.</span> <span class='ocrx_word' id='word_1_644' title='bbox 1566 3299 1685 3331; x_wconf 75' lang='lat' dir='ltr'>uellicis</span> <span class='ocrx_word' id='word_1_645' title='bbox 1708 3300 1735 3330; x_wconf 89' lang='lat' dir='ltr'><strong>A</strong></span> <span class='ocrx_word' id='word_1_646' title='bbox 1760 3315 1795 3320; x_wconf 91' lang='lat'><strong>—</strong></span> <span class='ocrx_word' id='word_1_647' title='bbox 1821 3297 1932 3332; x_wconf 78' lang='lat' dir='ltr'>forma</span> <span class='ocrx_word' id='word_1_648' title='bbox 1956 3296 1992 3327; x_wconf 94' lang='lat' dir='ltr'>C.</span> <span class='ocrx_word' id='word_1_649' title='bbox 2215 3299 2217 3309; x_wconf 74' lang='lat'><strong><em>⁴</em></strong></span> 
     </span>
    </p>
   </div>
   <div class='ocr_carea' id='block_1_4' title="bbox 2210 2753 2249 3624">
    <p class='ocr_par' dir='ltr' id='par_1_4' title="bbox 2210 2753 2249 3624">
     <span class='ocr_line' id='line_1_51' title="bbox 2210 2753 2249 3624; baseline 0 0"><span class='ocrx_word' id='word_1_650' title='bbox 2210 2753 2249 3624; x_wconf 95' lang='lat' dir='ltr'> </span> 
     </span>
    </p>
   </div>
  </div>
 </body>
</html>
