2249 3624
658 188 745 227 Lm.
769 188 837 226 m.
882 187 980 227 cip.
1002 187 1060 226 xl
1075 187 1229 226 -xlr
1270 185 1328 238 §§
1352 184 1542 225 46—523.
1891 182 1965 224 7⁶21

207 310 297 337 esse
344 296 592 341 consilium,
639 294 751 347 quod
795 294 1100 333 'l‘lwmislorles
1145 293 1353 340 adferret,
1401 294 1471 332 sed
1522 293 1691 333 minime
1738 294 1972 332 honestum.

208 362 353 412 ltaque
378 358 666 403 Athenienses,
700 356 810 409 qnod
844 357 1065 396 honestum
1100 370 1181 395 non
1217 362 1338 401 esset,
1372 356 1409 395 id
1446 370 1495 395 ne
1528 357 1628 396 utile
1661 355 1827 410 quidem
1856 362 1973 408 puta-

205 428 351 462 verunt
383 427 596 473 totamque
629 432 718 459 eam
752 432 852 466 rem,
885 433 1006 473 quam
1042 432 1091 458 ne
1123 419 1343 458 audierant
1374 420 1557 471 quidem,
1590 425 1759 458 auctore
1791 417 1972 458 Aristide

201 484 547 537 repudiaverunt.
608 482 757 521 Melius
790 482 830 521 hi
865 496 986 535 qnam
1022 496 1118 528 nos,
1151 482 1219 534 qni
1252 482 1407 534 piratas
1439 482 1649 529 inmunes,
1682 481 1816 520 socios
1849 481 1973 521 vecti-

203 547 314 599 gales
346 547 561 585 babemus.
1986 550 2005 578 ὅ

314 609 405 647 xlt.
440 610 604 647 Maneat
637 620 758 659 ergo,
791 606 905 660 quod
939 612 1057 660 turpe
1090 608 1160 653 sit,
1194 606 1234 645 id
1268 619 1493 659 numquam
1528 620 1619 647 esse
1652 607 1767 654 utile,
1801 621 1852 646 ne
1885 612 1970 646 tum

201 671 396 725 quidem,
440 684 529 709 cum
564 669 628 715 id,
669 670 780 722 qnod
815 669 918 708 utile
952 683 1043 707 esse
1077 674 1220 720 putes,
1262 668 1521 719 adipiscare;
1570 669 1649 708 hoc
1682 668 1790 708 enim
1823 670 1971 722 ipsum,

202 733 302 773 utile
335 738 480 786 putare
514 732 627 785 quod
657 738 775 785 turpe
799 733 866 779 sit,
890 731 1178 770 calamitosum
1205 736 1280 769 cst.
1341 730 1407 769 550.
1442 731 1521 770 Sed
1546 731 1758 779 incidunt,
1782 737 1970 785 utsupra

200 796 310 841 dixi,
352 809 477 848 saepe
519 808 691 841 causae,
732 809 822 834 cum
856 806 1088 848 repugnare
1122 793 1280 832 utilitas
1313 792 1519 834 honestati
1554 794 1765 841 videatur,
1809 800 1853 833 ut
1883 794 1972 833 ani-

200 857 541 897 madvertendum
576 858 650 904 sit,
684 863 944 910 repugnetne
978 856 1100 908 plane
1133 869 1183 894 an
1217 856 1352 907 possit
1383 870 1473 894 cum
1507 856 1726 896 honestate
1759 857 2021 909 coniungi.⁴0

199 921 300 959 Eius
332 921 497 971 generis
530 919 608 959 bae
641 927 734 959 sunt
770 919 1062 973 quaestiones:
1097 919 1138 957 Si
1172 918 1352 970 exempli
1387 919 1516 969 gratia
1549 919 1768 959 virbonus
1791 919 1971 958 Alexan-

201 982 299 1022 drea
331 983 522 1022 Rhodum
567 996 761 1034 magnum
802 982 999 1021 frumenti
1041 994 1261 1019 numerum
1299 979 1515 1019 advexerit
1546 981 1588 1019 in
1622 981 1878 1021 Rhodiorum
1911 982 1972 1020 in-

201 1046 295 1098 opia
330 1052 369 1085 et
401 1045 508 1085 fame
543 1059 789 1099 summaque
822 1058 1013 1084 annonae
1046 1043 1229 1089 caritate,
1261 1042 1293 1080 si
1328 1042 1437 1081 idem
1472 1043 1575 1082 sciat
1607 1044 1842 1096 complures
1866 1057 1972 1083 mer-

200 1115 360 1147 catores
384 1108 646 1147 Alexandrea
680 1108 854 1147 solvisse
886 1119 1099 1159 navesque
1132 1105 1172 1144 in
1206 1117 1328 1143 cursu
1352 1103 1561 1143 frumento
1585 1112 1755 1145 onustas
1779 1112 1970 1159 petentes

200 1170 391 1210 Rhodum
427 1171 599 1217 viderit,
645 1172 887 1210 dicturusne
921 1170 974 1209 sit
1004 1169 1043 1208 id
1079 1167 1252 1207 Rhodiis
1284 1180 1334 1206 an
1367 1168 1534 1207 sdentio
1567 1183 1686 1208 suum
1721 1182 1844 1222 quam
1878 1169 2021 1222 plu-⁴5

200 1233 305 1271 rimo
337 1233 616 1272 venditurus?
679 1234 917 1286 Sapientem
960 1237 1001 1271 et
1039 1231 1194 1270 bonum
1236 1229 1368 1269 virum
1402 1228 1619 1281 tingimus:
1664 1232 1714 1271 de
1746 1232 1835 1271 eius
1868 1231 1971 1270 deli-

200 1296 415 1334 beratione
457 1302 495 1334 et
535 1295 842 1334 consultatione
885 1295 1151 1348 quaerimus,
1194 1293 1263 1346 qui
1308 1293 1518 1332 celaturus
1558 1292 1742 1334 Rhodios
1783 1308 1865 1335 non
1904 1295 1970 1340 sit,

201 1359 233 1397 si
267 1357 307 1396 id
340 1364 461 1409 turpe
494 1358 675 1405 iudicet,
717 1358 789 1397 sed
832 1357 991 1397 dubitet
1023 1370 1073 1397 an
1107 1362 1227 1408 turpe
1260 1369 1344 1395 non
1377 1356 1444 1396 sit.
1514 1354 1581 1396 51.
1626 1358 1670 1396 In
1703 1358 1826 1397 huius
1858 1358 1968 1397 modi

201 1421 337 1459 causis
369 1420 481 1459 aliud
508 1421 681 1473 Diogeni
705 1420 938 1474 Babylonio
971 1421 1103 1460 videri
1136 1420 1253 1466 solet,
1285 1434 1436 1473 magno
1469 1426 1509 1460 et
1536 1423 1649 1473 gravi
1674 1421 1834 1467 Stoico,
1857 1419 1969 1460 aliud

200 1483 442 1535 Antipatro,
485 1482 689 1534 discipulo
723 1483 835 1530 eius,
876 1483 1035 1522 homini
1069 1483 1336 1522 acutissimo:
1376 1483 1596 1536 Antipatro
1637 1484 1776 1523 omnia
1814 1482 2023 1536 patefit-20

201 1545 374 1592 cienda,
406 1551 450 1585 ut
480 1559 533 1585 ne
566 1545 668 1598 quid
702 1546 896 1593 omnino,
931 1546 1042 1598 quod
1076 1545 1267 1585 venditor
1297 1546 1428 1592 norit,
1462 1552 1627 1599 emptor
1656 1547 1842 1598 ignoret,
1873 1546 1972 1584 Dio-

201 1608 294 1659 geni
325 1607 606 1654 venditorem,
639 1614 845 1661 quatenus
876 1609 965 1648 iure
998 1608 1107 1647 civili
1141 1610 1409 1649 constitutum
1443 1610 1518 1657 sit,
1551 1610 1687 1649 dicere
1721 1610 1818 1649 vitia
1849 1623 1973 1662 opor-

202 1677 303 1717 tere,
336 1676 471 1710 cetera
503 1670 593 1709 sine
626 1671 791 1710 insidiis
824 1685 946 1724 agere
979 1677 1033 1717 et,
1065 1671 1265 1723 quoniam
1298 1672 1475 1719 vendat,
1507 1672 1613 1712 velle
1647 1685 1770 1726 quam
1802 1678 1972 1724 optume

202 1732 396 1772 vendere.
460 1733 669 1780 «Advexi,
702 1734 903 1786 exposui,
936 1733 1070 1773 vendo
1104 1747 1241 1773 meum
1274 1747 1358 1773 non
1391 1734 1523 1786 pluris
1556 1748 1679 1788 quam
1712 1735 1860 1782 ceteri,
1891 1734 1973 1773 sor-

203 1803 311 1835 tasse
344 1796 464 1834 etiam
499 1796 685 1843 minoris,
718 1810 811 1835 cum
845 1797 978 1836 maior
1010 1803 1073 1836 est
1104 1796 1245 1849 copia:
1279 1797 1343 1835 cui
1367 1795 1410 1835 fit
1432 1797 1640 1836 iniuria‘b)
1689 1795 1755 1836 5⁵2.
1777 1796 2023 1836 Exoritur25

203 1858 407 1910 Antipatri
451 1858 558 1896 ratio
600 1872 652 1897 ex
692 1858 823 1898 altera
864 1865 1005 1911 parte:
1059 1859 1197 1906 «Quid
1229 1859 1319 1899 ais?
1371 1865 1437 1906 tu,
1481 1873 1572 1898 cum
1604 1859 1844 1899 hominibus
1877 1872 1974 1899 con-

203 1920 340 1959 sulere
384 1920 537 1959 debeas
580 1926 621 1960 et
662 1922 817 1960 servire
856 1919 1061 1961 humanae
1102 1921 1291 1961 societati
1325 1935 1458 1975 eaque
1491 1922 1582 1975 lege
1614 1928 1736 1961 natus
1768 1922 1824 1961 sis
1856 1928 1896 1961 et
1927 1935 1973 1961 ea

203 1983 358 2022 habeas
390 1983 593 2036 principia
625 1989 812 2031 naturae,
847 1984 998 2037 quibus
1030 1997 1175 2037 parere
1208 1990 1249 2023 et
1280 1998 1388 2038 quae
1420 1986 1539 2038 sequi
1562 1984 1729 2031 debeas,
1751 1990 1795 2024 ut
1815 1984 1973 2024 utilitas

203 2050 274 2084 tua
305 2045 540 2084 communis
573 2046 625 2085 sit
656 2046 815 2086 utilitas
848 2047 1112 2099 vicissimque
1146 2047 1380 2086 communis
1413 2047 1571 2086 utilitas
1602 2053 1672 2086 tua
1705 2047 1778 2094 sit,
1818 2044 1973 2086 celabis

201 2106 407 2154 homines,
441 2106 542 2160 quid
574 2108 625 2147 iis
658 2108 768 2147 adsit
800 2109 1108 2148 commoditatis
1142 2114 1181 2148 et
1204 2108 1406 2161 copiae‘?»
1455 2109 1743 2163 Respondebit
1761 2110 2024 2161 Diogenesso

200 2168 379 2209 fortasse
413 2170 498 2209 sic:
554 2170 703 2209 «Aliud
736 2176 799 2210 est
830 2171 990 2218 celare,
1031 2170 1143 2210 aliud
1178 2178 1338 2219 tacere,
1371 2184 1511 2224 neque
1545 2185 1622 2224 ego
1654 2185 1764 2210 nunc
1794 2177 1833 2210 te
1867 2171 1972 2217 celo,

203 2232 236 2271 si
270 2233 342 2271 tibi
374 2245 456 2271 non
493 2232 609 2279 dico,
649 2246 757 2286 quae
788 2238 938 2272 natura
970 2233 1145 2272 deorum
1178 2233 1251 2281 sit,
1296 2234 1369 2286 qui
1401 2234 1455 2273 sit
1484 2232 1579 2273 linis
1610 2234 1835 2281 bonorum,
1867 2246 1973 2286 quae

203 2295 280 2333 tibi
313 2295 407 2347 plus
438 2295 689 2347 prodessent
720 2296 887 2347 cognita
920 2309 1043 2348 quam
1078 2295 1198 2334 tritici
1230 2295 1383 2335 vilitas.
1435 2296 1516 2335 Sed
1544 2309 1647 2343 non,
1671 2295 1872 2348 quicquid
1900 2294 1972 2334 tibi

203 2355 349 2394 audire
381 2357 483 2396 utile
515 2363 599 2404 est,
631 2357 673 2396 id
706 2357 807 2397 mihi
841 2357 979 2397 dicere
1011 2370 1184 2397 necesse
1213 2362 1313 2397 est.»
1376 2355 1441 2398 53.
1477 2358 1632 2398 «Immo
1665 2371 1763 2397 vero
1799 2355 1976 2410 [inquiet

203 2415 289 2470 ille]
332 2432 502 2458 necesse
543 2425 625 2466 est,
671 2419 704 2458 si
749 2419 919 2472 quidem
958 2420 1183 2459 meministi
1217 2433 1308 2460 esse
1339 2420 1448 2459 inter
1477 2420 1670 2459 homines
1701 2425 1845 2458 natura
1878 2423 2025 2457 con-35

204 2479 386 2519 iunctam
420 2481 702 2521 societatem.»
776 2482 1014 2530 «Memini‚»
1057 2483 1222 2536 inquiet
1251 2483 1346 2531 ille,
1391 2482 1496 2523 «sed
1540 2497 1639 2523 num
1680 2483 1758 2522 ista
1796 2482 1974 2521 societas

291 2647 321 2678 l.
349 2656 413 2678 esse
437 2656 506 2679 om.
527 2656 545 2679 c
580 2666 622 2671 --
658 2649 689 2679 2.
716 2649 831 2686 Itaque
854 2649 1060 2680 Athenienses
1083 2650 1169 2689 quod
1193 2650 1360 2680 honestum
1386 2658 1455 2680 om.
1477 2650 1502 2680 ll
1531 2667 1565 2671 —
1592 2650 1643 2680 Ila
1667 2650 1753 2688 quod
1777 2650 1978 2680 athenienses

202 2694 370 2727 honestum
393 2706 457 2727 non
482 2706 546 2728 esse
570 2707 590 2738 p
626 2715 659 2719 —
693 2697 724 2729 4.
751 2699 795 2728 hii
822 2698 847 2728 H
883 2716 916 2720 —
953 2699 983 2729 6.
1010 2708 1076 2730 esse
1099 2699 1178 2730 utile
1203 2700 1246 2729 C:
1280 2700 1360 2730 utile
1383 2708 1448 2730 esse
1472 2707 1490 2730 ο
1524 2716 1558 2720 —-
1593 2699 1624 2730 7.
1650 2699 1730 2729 utile
1752 2708 1817 2729 esse
1842 2699 1884 2729 C:
1913 2707 1977 2730 esse

202 2746 279 2776 utile
303 2753 321 2776 0
351 2764 383 2768 —-
413 2746 443 2777 9.
470 2748 625 2778 uideatur
650 2748 696 2778 C:
722 2748 852 2778 ridetur
875 2746 929 2778 alii
956 2750 1039 2786 (non
1065 2750 1133 2787 bc)
1176 2766 1207 2770 —
1248 2749 1300 2779 tt.
1327 2749 1381 2779 hee
1405 2757 1422 2779 c
1462 2765 1496 2771 —
1534 2748 1560 2777 si
1584 2749 1723 2787 exempli
1741 2765 1786 2770 —-
1803 2757 1976 2778 numerum

202 2796 365 2826 adleaeem'l
389 2797 520 2828 Nonius
546 2806 578 2837 1).
596 2797 670 2829 464.
694 2816 725 2820 —
756 2797 964 2828 aleaewtdrea
988 2799 1031 2829 C:
1058 2799 1266 2829 Altwandria
1292 2807 1329 2836 o;
1357 2799 1439 2828 item
1465 2807 1497 2828 v.
1519 2796 1569 2829 tt.
1591 2814 1625 2818 —
1655 2799 1706 2829 42.
1725 2797 1916 2827 hrodiorum
1936 2798 1974 2835 ll,

203 2844 288 2876 item
314 2854 346 2876 v.
368 2846 418 2877 47.
450 2864 483 2868 ——
520 2847 570 2878 44.
599 2856 683 2887 quae
705 2858 806 2878 cursu
829 2848 994 2886 frumento
1018 2852 1151 2879 onustas
1172 2848 1353 2887 petentibus
1377 2848 1522 2878 Rhodum
1545 2848 1663 2877 rideri!
1696 2847 1826 2878 Nonius
1851 2856 1884 2887 p.
1900 2848 1973 2878 254.

206 2912 241 2917 —
263 2896 314 2926 46.
334 2897 444 2927 virum
461 2897 580 2929 bonum
602 2900 775 2939 fingimus:
801 2900 838 2930 dc
863 2900 930 2930 eius
954 2898 1147 2928 liberatione
1169 2902 1199 2928 e!-
1223 2898 1462 2928 consullatione
1486 2898 1671 2936 quiprimus
1695 2897 1824 2927 Nonius
1851 2906 1883 2937 p.
1899 2897 1973 2927 309.

206 2962 240 2967 —
269 2946 381 2977 uirum
405 2946 523 2977 bonum
549 2957 628 2979 cum
655 2949 765 2979 Nonio
791 2957 808 2979 c
832 2965 876 2971 -—
900 2950 952 2979 ⁵31.
972 2950 1143 2986 Dywenes
1167 2955 1344 2987 superscr.
1365 2956 1411 2977 ni.
1432 2956 1503 2976 sec.
1523 2947 1570 2976 ait
1594 2955 1612 2977 c
1641 2965 1674 2968 —
1701 2946 1754 2978 22.
1778 2948 1934 2985 quatinus
1958 2953 1975 2976 c

207 3011 242 3016 —
269 2995 429 3035 oportere]
456 3005 594 3036 operare
624 2998 651 3028 ll
690 3015 724 3020 —
763 2998 817 3029 ⁵25.
844 3006 908 3035 quo
931 2999 1041 3028 maior
1065 3005 1082 3027 c
1121 3013 1154 3017 —
1195 2995 1247 3026 ²28.
1274 2999 1309 3025 ut
1339 3004 1408 3025 oni.
1436 2995 1458 3024 B
1497 3011 1531 3015 ——
1571 2996 1623 3025 ἓξ).
1650 2999 1707 3026 lua
1731 2997 1771 3027 sit
1794 2997 1976 3026 communis

204 3045 330 3075 utililas
354 3046 379 3076 ll
424 3064 459 3068 —
501 3045 627 3076 utililas
651 3049 710 3077 tua
734 3047 773 3076 sil
797 3047 942 3077 utililas.
969 3045 1088 3076 celabis
1118 3053 1135 3076 c
1177 3061 1210 3066 -—
1254 3046 1306 3077 130.
1332 3045 1374 3075 *iis
1397 3045 1467 3075 Bb:
1503 3045 1563 3075 hiis
1588 3045 1633 3082 ll,
1665 3046 1713 3076 his
1737 3055 1776 3084 a,
1808 3046 1868 3085 hijs
1892 3054 1910 3076 c
1937 3063 1970 3067 —

206 3093 377 3132 Respondit
401 3103 438 3126 a:
466 3096 643 3134 Respondet
667 3104 684 3127 c
719 3114 754 3118 —
791 3096 842 3126 3⁴.
870 3097 1008 3134 sortasse
1031 3096 1076 3125 sic
1101 3096 1261 3133 dwmenes
1285 3103 1302 3124 e
1329 3112 1362 3116 -
1392 3095 1483 3124 alind
1507 3098 1551 3124 est
1575 3097 1682 3125 lacere
1706 3104 1724 3126 c
1751 3114 1786 3118 —-
1819 3096 1896 3126 celo.
1922 3096 1976 3125 scd

206 3142 262 3173 tibi
288 3151 305 3173 c
341 3161 381 3166 -—
419 3145 471 3175 32.
499 3145 578 3182 quid
602 3145 641 3175 sit
664 3146 738 3179 linis
761 3146 800 3180 h;
829 3147 901 3183 quis
923 3147 962 3175 sil
984 3146 1060 3185 finis
1084 3153 1101 3174 e
1128 3162 1168 3165 —
1200 3144 1252 3173 5353.
1279 3144 1391 3172 uilitas
1416 3150 1453 3173 a:
1482 3143 1610 3173 utililas
1634 3145 1656 3174 B
1674 3144 1698 3175 ll
1714 3146 1734 3176 b
1750 3153 1767 3175 e
1793 3162 1834 3167 --
1858 3145 1976 3174 audire

207 3190 263 3221 tibi
286 3190 306 3222 b
335 3208 368 3214 —
396 3192 448 3224 34.
475 3197 519 3224 est
545 3195 635 3231 (ante
654 3195 695 3233 ici)
723 3203 793 3225 om,
813 3202 830 3224 c
858 3211 893 3217 —
920 3195 1006 3225 idem
1029 3194 1109 3225 mihi
1133 3194 1155 3223 B
1171 3194 1222 3224 ab
1248 3209 1283 3214 —
1310 3193 1411 3223 Immo
1434 3200 1511 3223 vero
1528 3209 1575 3216 --
1592 3202 1716 3225 necesse
1739 3198 1785 3225 est
1809 3201 1874 3233 cp:
1902 3202 1973 3226 om.

207 3239 340 3272 Bliab
368 3258 396 3262 —
428 3242 553 3283 inquiet
575 3244 630 3275 ille
653 3253 722 3275 om.
743 3253 763 3283 p
791 3261 824 3266 -
857 3245 910 3275 30.
936 3244 988 3275 ille
1012 3252 1081 3275 om.
1102 3252 1132 3275 c.

282 3301 401 3331 cictno
422 3301 457 3332 Τ.
473 3302 522 3334 lV.
1572 3304 1626 3347 4ss
