2249 3624
346 123 427 165 5114
997 124 1067 163 DE
1097 124 1450 164 DIVINATIONE

344 230 521 272 Romulo
551 229 654 268 haec
686 227 888 267 calliditas
920 241 1012 267 esse
1042 230 1191 280 potuit,
1225 234 1269 268 ut
1299 229 1349 269 ad
1383 242 1563 269 errorem
1595 230 1873 271 multitudinis
1893 232 2105 286 religionis

345 294 566 334 simulacra
596 292 813 343 fingerent.
865 289 946 328 Sed
969 288 1190 329 difficultas
1221 291 1423 344 laborque
1456 292 1644 331 discendi
1667 292 1862 332 disertam
1884 293 2106 347 neglegen-

344 357 441 396 tiam
472 354 666 394 reddidit.
722 352 881 391 Malunt
911 352 1018 390 enim
1051 351 1258 391 disserere
1290 353 1393 392 nihil
1424 366 1518 392 esse
1548 354 1589 392 in
1622 355 1819 407 auspiciis
1852 368 1973 408 quam
2006 356 2105 409 quid

343 419 395 458 sit
426 418 628 458 ediscere.
704 412 796 453 406.
844 413 954 461 Quid
994 420 1056 453 est
1096 413 1168 453 illo
1211 416 1401 467 auspicio
1444 415 1654 463 divinius,
1697 415 1812 470 quod
1848 417 1959 469 apud
1992 422 2031 456 te
2062 417 2107 456 in

309 481 472 520 salario
504 481 599 519 est‘?
646 484 691 517 ut
721 483 813 516 utar
844 477 1119 529 potissumum
1151 482 1322 516 auctore
1354 483 1420 518 te:

452 542 547 581 Hic
591 540 734 579 Iovis
780 538 1004 577 altisoni
1048 538 1216 578 subito
1258 540 1474 592 pinnata
1515 541 1742 581 satelles

453 603 671 644 Arboris
716 615 737 640 e
776 606 963 640 trunco
1007 603 1283 653 serpentis
1323 603 1502 643 saucia
1543 617 1714 643 morsu

454 665 726 717 Subrigit,
758 664 877 716 ipsa
907 662 1037 702 feris
1069 664 1396 717 transfigens
1427 665 1725 718 unguibus,
1770 677 1994 717 anguem

453 727 811 768 Semianimum
856 731 904 765 et
945 726 1092 765 varia
1135 728 1379 778 graviter
1419 728 1635 768 cervice
1677 728 1979 767 micantem.

288 800 324 829 ⁴0
452 790 614 838 Quem
645 803 701 829 se
732 790 1134 841 intorquentem
1166 788 1374 829 lanians
1407 796 1702 843 rostroque
1733 795 2051 837 cruentans,

450 853 555 892 Iam
597 852 794 891 satiata
835 852 1065 898 animos,
1108 852 1204 892 iam
1246 852 1407 891 duros
1451 852 1560 891 ulta
1601 852 1832 898 dolores,

449 915 665 954 Abiecit
707 912 1006 953 ecflantem
1048 920 1098 954 et
1140 915 1428 954 laceratum
1468 914 1775 965 adfligit·in
1806 914 1967 960 unda,

451 978 623 1030 Seque
666 977 816 1016 obitu
855 990 878 1016 a
917 977 1046 1016 solis
1090 977 1295 1017 nitidos
1340 977 1613 1016 convertit
1655 976 1713 1015 ad
1755 982 1920 1016 ortus.

448 1040 595 1079 Hanc
638 1039 720 1078 ubi
763 1039 1111 1092 praepetibus
1151 1039 1340 1092 pinnis
1384 1039 1649 1092 lapsuque
1688 1039 1945 1078 volantem

287 1111 322 1139 45
451 1101 755 1155 Conspexit
796 1102 1021 1147 Marius,
1062 1101 1230 1140 divini
1273 1103 1501 1142 numinis
1541 1115 1733 1155 augur,

448 1165 755 1217 Faustaque
799 1164 950 1216 signa
992 1176 1118 1203 suae
1159 1163 1340 1204 laudis
1382 1165 1713 1218 reditusque
1754 1163 1981 1211 notavit,

448 1227 700 1267 Partibus
741 1226 990 1266 intonuit
1031 1226 1164 1265 caeli
1204 1231 1351 1279 pater
1390 1227 1510 1280 ipse
1554 1227 1793 1267 sinistris.

450 1291 533 1330 Sic
574 1289 780 1343 aquilae
822 1289 1012 1329 clarum
1055 1287 1286 1328 firmavit
1328 1290 1562 1343 Iuppiter
1603 1302 1770 1329 omen.

446 1353 630 1392 XLVIII.
678 1350 766 1390 107.
798 1353 936 1404 Atque
967 1349 1036 1391 ille
1068 1351 1233 1391 Romuli
1265 1358 1494 1404 auguratus
1526 1352 1769 1406 pastoralis,
1801 1365 1884 1391 non
1920 1349 2107 1392 urbanus

285 1423 322 1452 20
335 1416 436 1463 fuit,
478 1430 554 1456 nec
586 1413 703 1455 fictus
735 1415 786 1454 ad
818 1413 1040 1467 opiniones
1072 1412 1368 1466 inperitorum,
1413 1414 1486 1453 sed
1517 1427 1539 1454 a
1573 1415 1695 1454 certis
1726 1418 1924 1466 acceptus
1963 1419 2004 1453 et
2035 1427 2108 1467 po-

335 1480 456 1520 steris
487 1478 677 1518 traditus.
726 1478 872 1530 ltaque
903 1476 1106 1516 Romulus
1138 1489 1291 1528 augur,
1322 1483 1366 1516 ut
1396 1477 1507 1530 apud
1529 1477 1711 1517 Ennium
1744 1481 1826 1524 est,
1858 1489 1951 1517 cum
1981 1476 2108 1516 fratre

334 1542 434 1581 item
466 1554 638 1594 augure,

451 1604 714 1643 Curantes
756 1615 934 1654 magna
975 1614 1085 1640 cum
1127 1614 1244 1641 cura
1285 1603 1669 1656 concupientes

448 1667 605 1719 Regni
648 1665 771 1704 dant
812 1677 1021 1717 operam
1060 1663 1216 1703 simul
1257 1665 1504 1717 auspicio
1546 1664 1882 1718 augurioque.

285 1735 322 1763 25
449 1728 581 1767 Hinc
623 1729 811 1767 Remus
852 1725 1104 1779 auspicio
1148 1739 1202 1765 se
1235 1726 1467 1766 devovet
1507 1732 1667 1780 atque
1710 1726 1995 1766 secundam

450 1791 600 1830 Solus
642 1803 784 1829 avem
828 1794 1021 1828 servat.
1081 1791 1140 1827 At
1177 1789 1433 1828 Romulus
1476 1789 1700 1842 pulcher
1738 1790 1789 1829 in
1828 1789 1934 1829 alto

451 1853 673 1902 Quaerit
703 1851 998 1897 Aventino,
1039 1856 1217 1890 servat
1259 1864 1424 1904 genus
1466 1850 1865 1891 altivolantum.

451 1916 729 1956 Certabant
769 1915 941 1954 urbem
985 1914 1189 1952 Romam
1233 1915 1570 1954 Remoramne
1611 1919 1882 1954 vocarent.

450 1978 701 2018 Omnibus
745 1991 864 2017 cura
906 1977 1030 2016 viris
1071 1982 1182 2016 uter
1220 1983 1361 2016 esset
1401 1977 1778 2029 induperator:

285 2046 322 2075 30
448 2042 787 2095 Exspectant
828 2039 1025 2085 veluti,
1057 2039 1243 2079 consul
1286 2053 1430 2093 quom
1474 2040 1679 2079 mittere
1721 2039 1922 2092 signum

451 2103 596 2149 Volt,
639 2116 820 2142 omnes
862 2101 1006 2141 avidi
1048 2107 1300 2154 spectant
1340 2102 1396 2140 ad
1441 2102 1679 2141 carceris
1723 2115 1859 2148 oras,

337 2163 608 2214 408.Quam
640 2177 756 2204 mox
798 2165 1012 2204 emittat
1049 2165 1209 2217 pictis
1251 2178 1272 2204 e
1313 2164 1563 2203 faucibus
1606 2178 1823 2204 currus:

449 2229 528 2267 Sic
572 2228 909 2280 exspectabat
954 2227 1178 2279 populus
1219 2232 1377 2280 atque
1420 2241 1509 2267 ore
1552 2227 1783 2266 timebat

446 2292 639 2337 Rebus,
678 2290 779 2329 utri
820 2290 985 2343 magni
1026 2290 1249 2329 victoria
1289 2290 1363 2329 sit
1401 2289 1523 2329 data
1562 2290 1725 2343 regni.

424 2454 452 2483 t.
479 2452 634 2484 caliditas
656 2452 680 2482 B
721 2468 755 2472 —
793 2460 859 2482 esse
883 2460 954 2482 oni.
975 2451 1002 2480 V
1042 2469 1075 2472 —
1113 2450 1144 2481 2.
1172 2451 1334 2481 desertam
1359 2452 1398 2481 Α1
1433 2468 1468 2472 -
1509 2450 1539 2481 3.
1567 2450 1684 2481 malint
1708 2450 1736 2482 H
1770 2468 1805 2473 —
1844 2451 1987 2490 auspicis
2008 2452 2037 2483 A
2070 2468 2106 2473 —-

334 2504 365 2534 6.
388 2507 535 2542 pennata
559 2503 600 2532 V2
626 2520 659 2524 —
688 2502 719 2533 8.
746 2501 885 2541 subrigit
910 2501 1110 2532 Lachmann
1138 2501 1192 2539 (ad
1217 2502 1354 2532 Lucret.
1382 2510 1414 2541 p.
1435 2500 1506 2538 35):
1542 2500 1674 2540 Subigit
1699 2500 1853 2540 BHVO,
1889 2501 1994 2532 Subiit
2017 2503 2045 2533 A
2072 2519 2107 2525 -

334 2554 364 2585 9.
391 2554 606 2585 semanimmn
629 2550 727 2588 A¹ss¹,
753 2552 958 2582 sedani-mum
985 2551 1010 2582 H
1040 2569 1072 2572 —
1101 2551 1277 2581 minantem
1302 2549 1497 2581 W'akefield
1526 2568 1560 2572 —
1590 2552 1640 2581 ll.
1666 2550 1767 2581 satiat
1789 2550 1815 2582 H
1833 2567 1876 2573 —
1898 2551 1991 2582 ultra
2015 2552 2042 2582 H
2070 2568 2106 2573 —

334 2604 386 2634 42.
412 2604 533 2635 Abiecit
558 2603 630 2633 AV:
657 2602 773 2633 Abiicit
797 2602 842 2635 O,
879 2601 921 2632 cf.
951 2601 1090 2631 Lac-hm.
1118 2601 1161 2632 ad
1189 2603 1288 2632 Lucr.
1317 2601 1428 2642 p0128
1464 2617 1498 2623 -
1537 2602 1707 2641 ecflantem
1731 2601 1784 2631 AB
1810 2602 1881 2641 (ecf
1898 2602 1922 2632 B
1948 2602 1981 2632 in
2005 2601 2106 2641 ras.):

334 2654 497 2694 efflantem
524 2653 620 2685 HVO
659 2669 694 2674 ——
734 2651 764 2681 in
790 2652 896 2681 undas
921 2650 1111 2681 Lambinus
1151 2668 1184 2672 —
1224 2650 1275 2682 1¹4.
1298 2652 1415 2690 pennis
1439 2652 1518 2682 Bw
1549 2669 1581 2673 —
1620 2652 1672 2683 46.
1697 2651 1851 2691 fastuque
1876 2652 1914 2682 V¹
1939 2669 1974 2674 —
2007 2651 2060 2683 20.
2088 2660 2110 2682 a

334 2705 447 2734 ceteris
472 2704 510 2741 Η,
537 2712 558 2734 α
581 2702 780 2733 certantibus
805 2702 987 2740 Hottinger
1014 2716 1046 2722 —
1083 2702 1135 2732 ⁹2¹.
1163 2710 1274 2742 auyur
1297 2704 1322 2732 A
1349 2710 1426 2742 sup.
1453 2701 1511 2732 lin.
1542 2719 1575 2722 —
1609 2710 1683 2732 cum
1706 2711 1780 2733 cum
1802 2702 1910 2742 fratre
1933 2701 1956 2732 B
1981 2719 2023 2724 —
2053 2700 2107 2733 23.

334 2752 501 2784 Cei-lantes
525 2752 688 2784 Ciofanus
713 2760 754 2782 cx
779 2751 917 2785 codice,
945 2752 981 2781 ut
1006 2751 1052 2780 ait
1079 2768 1112 2772 ——
1146 2755 1301 2782 curatum
1326 2751 1486 2791 (curarim
1504 2751 1548 2790 H)
1574 2752 1738 2790 cupientes
1762 2751 1786 2783 C
1815 2769 1850 2774 —
1883 2749 1936 2782 ⁶24.
1962 2751 2109 2790 auspicio

333 2803 534 2842 imperioque
559 2803 660 2833 Giese
689 2818 723 2822 —-
758 2801 810 2832 ⁵25.
839 2801 920 2831 chc
945 2800 999 2831 ed.
1019 2800 1174 2831 Iuntina:
1208 2801 1239 2831 in
1263 2804 1371 2831 monle
1396 2802 1438 2838 C,
1471 2801 1522 2831 hic
1545 2801 1733 2833 Victorius.
1774 2799 1961 2832 Vahlenius
1985 2800 2107 2832 eiectis

333 2852 451 2883 verbis
478 2854 509 2883 in
534 2856 640 2883 monte
663 2860 806 2882 versum
831 2852 941 2881 totuin
968 2852 1001 2881 et
1026 2851 1159 2881 initium
1185 2850 1325 2881 alterius
1350 2849 1569 2881 intercidisse
1596 2859 1720 2890 parum
1744 2849 1974 2891 probabiliter
1989 2850 2109 2882 statuit

336 2919 370 2923 —
392 2903 636 2940 deuoueralque
655 2901 744 2932 AHV
770 2901 844 2940 (sed
862 2901 919 2931 ΑΗ
939 2902 1031 2939 quae)
1058 2917 1092 2922 --
1121 2901 1173 2931 QG.
1193 2909 1289 2931 auem
1313 2900 1353 2931 B:
1381 2903 1491 2931 aulem
1516 2901 1617 2932 AHV
1643 2916 1677 2922 —
1704 2900 1852 2931 romolus
1875 2899 1969 2930 H1—
1991 2899 2109 2938 pulcer

335 2953 359 2984 O
389 2970 431 2975 --
470 2952 520 2982 27.
547 2956 660 2982 seruat
685 2953 728 2982 C:
763 2960 900 2982 seruans
932 2951 1009 2982 cod.
1038 2951 1171 2982 Ciol'ani
1201 2952 1235 2981 et
1270 2951 1317 2986 O;
1357 2950 1525 2981 sortasse:
1563 2951 1603 2982 Aa
1627 2950 1782 2981 Romulus
1809 2949 1947 2989 pulcher
1976 2950 2011 2980 in
2040 2949 2107 2980 allo

334 3003 443 3033 Monte
458 3003 608 3032 Palatino
632 3002 762 3039 quaerit
785 3010 886 3041 glenus
909 3002 1150 3031 altlrolantum.
1181 3018 1215 3022 —
1242 3000 1480 3030 alteuolwztum
1506 3000 1551 3037 C,
1579 3003 1615 3031 ut
1638 2999 1717 3031 libri
1744 2999 1891 3030 Lucretii
1919 2998 1955 3036 V,
1978 2997 2040 3030 433
2067 3014 2103 3019 —

333 3052 386 3082 ⁴28.
414 3060 542 3081 romum
566 3059 772 3081 remor-amne
802 3053 824 3081 A
839 3050 883 3080 V:
911 3058 1281 3105 romamsetnuamne
1305 3050 1347 3084 B,
1378 3059 1508 3081 romam
1532 3058 1698 3080 remoram
1721 3057 1823 3088 neque
1849 3048 1895 3086 H,
1928 3049 2106 3079 Romam-ne

335 3101 509 3130 Remamne
526 3100 550 3130 O
580 3117 608 3121 «-
640 3100 691 3129 ³29.
711 3099 859 3129 omnibus
876 3100 917 3130 C:
945 3099 1049 3130 onmis
1074 3100 1110 3135 Ο,
1138 3101 1173 3130 ut
1199 3100 1230 3129 in
1257 3099 1282 3128 V
1308 3102 1506 3130 correctum
1533 3101 1586 3131 est
1611 3115 1645 3121 --
1673 3099 1757 3131 indit
1778 3100 1915 3137 perator
1941 3097 1966 3127 H
1985 3112 2020 3117 —
2048 3094 2101 3126 30.

333 3158 430 3188 quom
454 3150 580 3180 mittere
604 3148 734 3179 Vahlen
762 3149 804 3186 (in
823 3149 966 3189 praefat.
987 3148 1031 3179 ad
1049 3149 1145 3180 Ennii
1171 3147 1277 3182 rell.):
1311 3150 1511 3181 committere
1527 3147 1614 3187 Ass2,
1640 3157 1715 3180 cum
1736 3149 1866 3179 mittere
1890 3144 2037 3177 B¹HVO
2064 3160 2101 3167 —-

334 3198 385 3230 31.
412 3198 481 3228 uult
507 3198 565 3229 BH
600 3216 632 3220 —
671 3199 749 3228 audi
776 3199 801 3229 Η
838 3215 871 3220 -
906 3199 974 3229 oris
1000 3197 1038 3228 V¹
1065 3215 1099 3220 —-
1133 3198 1186 3228 32.
1215 3199 1323 3236 Quam
1350 3197 1507 3239 Erlang.:
1542 3199 1616 3238 Qua
1641 3198 1665 3230 C
1694 3215 1729 3220 —
1761 3196 1815 3228 33.
1841 3205 1898 3228 ore
1919 3193 2053 3227 timebat
2076 3192 2100 3224 C

334 3248 410 3290 (sed
428 3248 455 3279 H
473 3247 659 3286 tirnebant):
686 3256 747 3278 ora
771 3248 898 3280 tenebat
922 3247 1006 3279 dett.
1034 3246 1165 3288 aliquot
1189 3249 1223 3278 et
1248 3248 1285 3279 O.
