2249 3624
815 250 1141 294 FRAGMENTA.

93 360 295 400 Demersit
323 363 507 410 caputet
534 358 697 396 {luctum
724 356 883 394 cervice
916 357 1091 407 recepit:

92 421 415 473 Mollipedesque
448 419 575 458 boves
605 424 841 470 spectantes
866 417 1017 457 lumina
1050 418 1150 458 caeli

93 484 267 524 Naribus
295 483 506 522 umiferum
536 482 691 520 duxere
715 493 765 519 ex
796 487 890 519 a'e're
926 494 1082 520 sucum.

93 548 244 594 Saepius
272 553 302 583 et
330 549 427 583 tectis
454 548 550 592 effert
576 546 818 592 penetralibus
853 557 922 580 ora

93 612 289 658 Angustum
315 611 470 654 formica
499 614 611 643 terens
642 610 726 648 iter,
758 609 914 653 undique
941 613 972 643 et
1000 609 1101 643 albos

93 674 298 720 Millepedes
325 674 422 708 circa
450 684 571 707 muros
602 678 796 708 cernuntur
823 672 909 711 iuli,

95 736 264 783 Quaeque
291 738 416 782 m‘yrae
435 741 564 770 veteres
589 736 759 770 dixerunt
790 736 929 770 viscera
955 739 1084 769 terrae.

97 800 193 835 Tunc
220 810 357 845 quoque
383 800 553 834 cristatae
578 799 715 834 soboles
746 799 887 845 yallina
915 799 1072 833 volucris

93 863 158 899 Ore
184 863 287 908 pedes
315 862 398 907 leyit
423 868 453 896 et
479 863 657 896 crocitans
684 873 701 896 e
723 866 863 907 qutture
895 872 1006 896 rauco

97 926 280 972 Expressit
305 926 442 960 sonitus
464 926 580 960 undae
606 925 780 960 stillantis
807 927 846 960 in
872 926 1023 960 undam.

98 988 229 1025 Corvus
256 993 287 1023 et
315 990 447 1022 atratis
475 988 593 1022 velata
622 988 812 1022 monedula
836 988 963 1032 pennis

102 1052 253 1089 Ventura
280 1056 395 1086 terras
422 1051 627 1085 madituras
654 1050 768 1084 imbre
798 1050 1012 1093 monebunt,

97 1115 318 1161 Accipitrum
346 1115 383 1148 in
410 1124 544 1149 morem
572 1115 604 1148 si
632 1115 771 1159 maynis
797 1113 953 1159 yarrula
984 1113 1114 1147 turmis

98 1178 253 1225 Aymina
279 1178 542 1214 concelebrent:
571 1178 744 1223 qracibas
771 1187 843 1212 vox
870 1177 1015 1212 aemula
1041 1177 1151 1222 yuttis

98 1240 294 1277 Corvorum
311 1241 455 1286 pluvias
481 1241 667 1286 praedioeit
694 1251 798 1285 saepe
826 1241 996 1284 suturas,

97 1303 166 1339 Aut
195 1305 283 1338 adeo
310 1308 486 1348 streperas
513 1304 672 1348 gaudens
699 1303 912 1349 coniunyere
942 1314 1042 1338 voces

96 1366 278 1412 Increpuit
304 1368 462 1402 crociens
488 1367 606 1402 densis
633 1367 808 1402 eaeercitus
835 1366 920 1402 alis.

100 1430 196 1465 Tunc
221 1434 427 1464 mansuetae
453 1434 577 1464 anates
605 1434 711 1474 atque
738 1430 838 1464 intra
865 1429 995 1463 limina
1014 1428 1141 1472 deyens

98 1491 275 1533 Graculus
303 1494 459 1528 assiduis
486 1494 654 1538 quatiunt
680 1493 904 1539 suyqrundia
939 1492 1089 1537 pennis.-

102 1555 198 1591 Tunc
223 1549 357 1600 fulicae
383 1556 525 1601 maqnis
550 1561 700 1600 poscunt
727 1555 948 1591 clamoribus
982 1554 1112 1588 undas.

99 1618 199 1654 Haec
223 1629 285 1659 ne,
316 1619 348 1653 si
373 1619 518 1663 pluviae
545 1620 663 1663 cupies
691 1629 900 1664 coqnoscere
926 1621 1056 1652 sortem
1073 1643 1083 1659 ‚

100 1682 312 1728 Despicias‚
341 1693 403 1718 nec
431 1693 510 1718 cum
529 1682 635 1716 solito
662 1682 864 1716 maioribus
893 1682 992 1716 ausis

102 1745 325 1791 Purpuream
351 1757 494 1780 muscae
519 1750 655 1781 certant
681 1746 830 1780 haurire
856 1755 1040 1781 cruorem:

101 1808 172 1845 Aul
197 1813 297 1843 nocte
324 1809 499 1853 incipiunt
525 1813 644 1853 putres
670 1818 891 1843 concrescere
915 1807 1037 1852 sunqi,

102 1869 252 1906 Ardenti
279 1871 316 1905 in
345 1875 452 1905 tesca.-
483 1870 621 1916 9elidae
647 1871 702 1906 vel
729 1875 884 1915 tempore
912 1870 1080 1907 brumae,

100 1932 204 1969 Nunc
230 1944 265 1968 se
291 1933 458 1968 submisit
484 1933 653 1968 sublimes
681 1934 794 1967 ardor
820 1933 859 1967 in
890 1942 1025 1975 auras,

103 1996 147 2031 Et
173 2007 268 2031 nunc
294 1997 462 2031 deciduos
488 1997 586 2042 ignes
613 2007 777 2032 vomuere
809 1996 974 2030 lucernae

102 2058 282 2104 Ampullis
310 2059 444 2094 similes
472 2063 631 2094 tenuesve
659 2070 681 2093 a
709 2059 843 2094 lumine
869 2068 1006 2092 summo

102 2121 305 2162 Dimanant
329 2123 454 2163 radii,
485 2134 545 2157 seu
571 2123 664 2166 sorte
691 2126 823 2157 aestate
849 2131 975 2156 serena

106 2183 313 2230 Conspicias
339 2185 466 2220 densas
494 2190 645 2220 anatum
671 2186 826 2220 volitare
852 2189 1035 2220 catervas:

106 2246 176 2282 Aut
203 2248 281 2293 iyni
308 2249 494 2293 appositas
519 2248 632 2282 multo
660 2259 740 2283 cum
768 2248 901 2282 lumine
929 2247 1043 2281 cernis

107 2307 316 2345 Scintillare
343 2310 435 2344 ollas
462 2314 494 2344 et
520 2310 631 2345 multo
659 2320 704 2344 ex
731 2321 811 2344 acre
839 2309 980 2344 lebetes:

106 2371 150 2407 ln
177 2373 331 2408 cinerive
357 2374 455 2407 vides
482 2373 614 2408 rutilas
640 2373 793 2408 carbone
820 2372 948 2417 tepenti

107 2434 284 2480 Effervere
311 2439 440 2479 notas,
468 2436 589 2479 [orma
615 2445 688 2469 non
715 2435 861 2479 dispare
887 2432 1061 2468 cenchris.

109 2497 208 2533 Haec
233 2502 333 2533 catus
359 2498 507 2533 observa
534 2503 565 2533 et
590 2498 753 2543 pluviam
779 2508 926 2542 sperare
953 2498 1139 2533 memento,

107 2559 239 2605 Infima
272 2562 304 2595 si
330 2561 460 2595 montis
486 2562 609 2596 videas
636 2561 716 2595 sola
742 2565 869 2595 cuncta
902 2559 1055 2594 tenebris

108 2623 155 2659 Et
182 2634 288 2659 caeca
314 2624 458 2659 obvolvi
484 2624 615 2659 nebula
641 2633 887 2668 summumque
915 2632 1086 2658 cacumen

107 2684 221 2721 Nulla
246 2686 337 2721 nube
353 2687 491 2731 premi,
521 2687 690 2722 candenti
715 2687 782 2730 fide
809 2695 944 2720 sereno.

110 2747 200 2790 Fide
225 2759 346 2783 sereno
374 2750 506 2790 etiam,
535 2750 637 2794 ponti
663 2759 769 2793 super
796 2758 956 2793 aequora
987 2746 1078 2790 ferri

111 2809 248 2845 Nubila
272 2812 305 2846 si
332 2822 478 2852 cernas,
508 2813 569 2846 sed
595 2812 754 2846 nondum
781 2822 923 2856 veryere
950 2811 989 2844 in
1016 2808 1152 2853 altum,

116 2871 182 2907 Ceu
204 2873 333 2919 pelaqo
360 2874 537 2909 eminulas
565 2875 687 2909 videas
715 2884 928 2918 consurqere
962 2881 1082 2916 rupes.

118 2933 204 2969 Cum
230 2937 356 2971 renitet
380 2937 530 2981 sudum,
560 2941 749 2972 venturam
777 2937 918 2980 inquire
948 2933 1147 2980 procellam
1164 2943 1175 2962 .-

120 2996 272 3042 Cumque
296 2999 455 3043 procella
480 3000 592 3042 furit,
622 2998 778 3032 sudum.-
808 3001 914 3042 atque
941 3000 1022 3030 ante
1051 2994 1173 3028 omnia
1204 2990 1362 3026 Pltatnen

119 3058 289 3104 Adspice,
319 3071 410 3106 quae
435 3062 536 3096 curvi
562 3060 729 3095 conclusa
757 3063 806 3093 est
831 3059 947 3094 sidere
984 3056 1133 3095 Cancri,

120 3120 281 3156 Primum
307 3123 395 3157 adeo
422 3123 590 3157 abstersis
617 3133 695 3156 cum
722 3121 833 3166 sulqet
858 3131 953 3165 pura
985 3118 1164 3154 tenebris:

122 3183 203 3218 Hac-
228 3195 323 3228 pura
346 3185 464 3219 subito
491 3189 676 3229 tempestas
703 3183 856 3218 horrida
891 3183 996 3218 cedit.

123 3244 220 3280 Hinc
245 3247 376 3281 tacitae
401 3247 440 3281 in
465 3247 604 3292 lychnis
630 3247 799 3292 flammae
816 3272 825 3286 ,
857 3245 1099 3288 blandumque
1117 3248 1312 3275 susurrans

124 3305 264 3344 Noctua
289 3308 353 3343 sub
380 3309 535 3344 mediam
561 3313 714 3350 noctem,
744 3319 960 3344 marcescere
987 3305 1117 3342 sensim

1744 248 1852 292 ⁴043

1782 415 1853 454 225

1782 729 1855 768 230

1783 1042 1856 1080 235

1784 1356 1857 1395 240

1787 1668 1858 1708 245

1790 1984 1863 2024 250

1797 2605 1875 2647 260

1803 2917 1875 2956 265

1805 3225 1878 3264 270
