2249 3624
221 181 303 224 624
992 180 1216 221 LAELIUS

333 290 425 329 XII.
462 286 528 327 40.
567 287 680 326 Haec
717 285 843 339 igitur
880 285 949 325 lex
986 286 1028 325 in
1066 286 1251 326 amicitia
1281 286 1510 334 sanciatur,
1550 293 1595 327 ut
1624 300 1761 340 neque
1790 301 1985 341 rogemus

220 367 287 394 res
326 359 469 404 turpes
510 363 585 390 nec
624 347 825 388 faciamus
862 349 1007 400 rogati.
1068 350 1219 401 Turpis
1257 350 1367 388 enim
1406 350 1620 389 excusatio
1652 355 1715 390 est
1746 355 1787 390 et
1815 351 1984 392 minime

221 414 465 468 accipienda
497 426 588 452 cum
619 411 661 450 in
692 410 842 449 ceteris
873 411 1070 462 peccatis,
1102 417 1189 450 tum
1221 412 1255 451 si
1288 412 1382 464 quis
1414 417 1559 451 contra
1590 425 1674 452 rem
1708 411 1919 465 publicam
1941 427 1985 454 se

221 478 343 517 amici
376 488 498 516 causa
528 474 678 513 fecisse
709 473 901 512 fateatur.
961 473 1126 512 Etenim
1159 487 1208 513 eo
1240 473 1346 520 loco,
1378 474 1507 513 Fanni
1540 480 1580 514 et
1611 475 1832 523 Scaevola,
1863 476 1986 517 locati

192 553 376 585 asumus‚
409 544 454 577 ut
484 550 560 576 nos
592 536 714 587 longe
746 535 986 588 prospicere
1019 542 1212 588 oporteat
1241 535 1402 576 futuros
1425 549 1545 576 casus
1568 537 1628 576 rei
1652 538 1857 590 publicae.
1907 540 1987 579 De-

219 603 336 642 ssexit
375 601 455 640 iam
496 597 802 652 aliquantulum
847 597 897 636 de
939 598 1074 650 spatio
1121 598 1420 651 curriculoque
1466 600 1726 639 consuetudo
1765 601 1983 641 maiorum.

219 662 286 703 41.
318 664 378 703 Ti.
402 661 612 701 Gracchus
642 673 816 712 regnum
848 672 1054 712 occupare
1087 666 1261 699 conatus
1293 666 1376 707 est,
1419 660 1482 700 vel
1523 661 1712 712 regnavit
1749 663 1784 702 is
1816 663 1987 715 quidem

219 740 373 780 paucos
408 737 586 764 menses.
636 724 742 762 Num
775 722 878 775 quid
910 722 1045 762 simile
1067 722 1248 775 populus
1271 724 1480 763 Romanus
1501 723 1692 763 audierat
1711 729 1782 763 aut
1803 724 1986 765 viderat?

218 789 339 827 Hunc
372 788 495 826 etiam
527 791 622 839 post
653 790 830 824 mortem
862 785 995 824 secuti
1026 785 1150 824 amici
1184 791 1224 824 et
1255 786 1483 838 propinqui
1516 786 1616 839 quid
1648 787 1691 825 in
1723 787 1763 825 P.
1788 786 1986 840 Scipione

168 866 204 894 κιο
219 852 433 891 effecerint
469 851 557 889 sine
590 848 772 887 lacrimis
812 860 896 886 non
929 860 1038 900 queo
1075 847 1229 887 dicere.
1290 849 1394 887 Nam
1428 848 1684 895 Carbonem,
1721 861 1987 903 quocumque

217 914 342 954 modo
375 912 607 966 potuimus,
640 915 811 963 propter
841 915 1052 949 recentem
1084 923 1261 962 poenam
1295 911 1356 950 Ti.
1381 910 1555 950 Gracchi
1587 911 1875 951 sustinuimus.
1929 913 1987 952 De

217 977 291 1016 Gai
323 982 462 1016 autem
494 973 668 1014 Gracchi
700 972 911 1011 tribunatu
954 972 1055 1024 quid
1088 979 1306 1025 expectem
1338 986 1421 1012 non
1452 973 1568 1013 lubet
1598 973 1819 1026 augurari:
1860 973 1990 1027 serpit

217 1039 370 1078 deinde
402 1051 489 1085 res,
532 1050 639 1090 quae
680 1035 907 1088 proclivius
947 1034 999 1074 ad
1036 1035 1289 1087 perniciem,
1331 1049 1424 1074 cum
1466 1036 1595 1075 semel
1637 1036 1790 1089 coepit,
1822 1036 1987 1077 labitur.

216 1101 377 1141 Videtis
416 1101 458 1139 in
497 1099 653 1139 tabella
683 1098 765 1137 iam
798 1102 892 1136 ante
925 1103 1081 1150 quanta
1112 1097 1166 1136 sit
1196 1096 1304 1137 facta
1336 1097 1470 1145 labes,
1507 1099 1641 1151 primo
1675 1098 1851 1138 Gabinia
1881 1098 1987 1151 lege,

167 1179 203 1207 45
217 1164 386 1203 biennio
424 1167 564 1202 autem
604 1166 699 1214 post
730 1160 886 1200 Cassia.
946 1159 1100 1199 Videre
1138 1160 1218 1199 iam
1262 1159 1407 1199 videor
1438 1161 1641 1214 populum
1672 1174 1695 1200 a
1726 1166 1873 1200 senatu
1906 1161 1989 1200 dis-

216 1226 425 1272 iunctum,
468 1223 748 1264 multitudinis
791 1222 963 1261 arbitrio
1005 1235 1071 1261 res
1110 1223 1313 1262 maximas
1351 1222 1431 1274 agi.
1493 1223 1638 1262 Plures
1671 1223 1782 1262 enim
1813 1222 1988 1270 discent,

217 1291 343 1341 quem
385 1287 437 1327 ad
480 1287 647 1327 modum
695 1287 795 1324 haec
834 1284 957 1331 fiant,
1004 1298 1129 1336 quam
1171 1297 1293 1337 quem
1334 1285 1386 1324 ad
1426 1285 1598 1325 modum
1643 1285 1708 1325 his
1754 1286 1986 1326 resistatur.

215 1349 285 1389 4-2.
320 1350 533 1398 Quorsum
565 1349 699 1388 haec?
732 1348 831 1400 quia
863 1348 952 1386 sine
984 1346 1108 1386 sociis
1130 1360 1253 1386 nemo
1278 1347 1505 1401 quicquam
1529 1348 1610 1387 tale
1633 1353 1822 1388 conatur.
1863 1349 1990 1388 Prae-

216 1414 456 1467 cipiendum
488 1417 551 1452 est
582 1412 706 1464 igitur
737 1411 858 1449 bonis
891 1415 955 1456 ut,
988 1409 1021 1448 si
1054 1409 1096 1448 in
1128 1409 1217 1449 eius
1249 1410 1361 1449 modi
1392 1410 1597 1450 amicitias
1629 1411 1763 1462 ignari
1794 1424 1892 1450 casu
1913 1410 1990 1450 ali-

165 1492 201 1521 20
217 1489 300 1530 quo
332 1476 579 1522 inciderint,
619 1487 670 1512 ne
712 1473 954 1512 existiment
991 1472 1047 1510 ita
1087 1484 1129 1510 se
1161 1471 1390 1524 adligatos,
1431 1478 1478 1512 ut
1507 1472 1558 1512 ab
1590 1473 1735 1512 amicis
1766 1473 1809 1512 in
1840 1485 1990 1525 magna

215 1538 357 1591 aliqua
397 1551 441 1577 re
482 1536 750 1589 peccantibus
788 1548 874 1574 non
914 1533 1156 1581 discedant,
1196 1534 1385 1586 inprobis
1424 1540 1564 1574 autem
1602 1548 1737 1588 poena
1768 1535 1990 1575 statuenda

216 1607 300 1647 est,
342 1613 417 1639 nec
451 1613 547 1639 vero
580 1600 716 1638 minor
746 1599 820 1644 iis,
861 1597 932 1650 qui
966 1597 1100 1636 secuti
1132 1602 1256 1636 erunt
1286 1596 1485 1644 alterum,
1529 1610 1653 1650 quam
1685 1597 1759 1645 iis,
1800 1597 1873 1651 qui
1907 1597 1987 1651 ipsi

214 1663 370 1703 fuerint
412 1662 635 1715 impietatis
679 1662 819 1699 duces.
891 1659 995 1706 Quis
1037 1658 1188 1698 clarior
1227 1659 1268 1698 in
1312 1658 1486 1698 Graecia
1528 1659 1843 1699 Themistocle?
1894 1659 1988 1713 quis

214 1726 455 1779 potentior?
499 1725 572 1777 qui
610 1737 703 1763 cum
746 1723 976 1775 imperator
1016 1721 1125 1761 bello
1158 1722 1324 1760 Persico
1357 1722 1554 1761 servitute
1588 1721 1805 1761 Graeciam
1836 1721 1988 1761 libera-

165 1788 344 1835 25visset
381 1794 634 1841 propterque
674 1785 874 1825 invidiam
912 1786 954 1824 in
995 1784 1168 1824 exilium
1206 1783 1405 1836 expulsus
1437 1788 1569 1831 esset,
1611 1784 1795 1837 ingratae
1827 1784 1986 1837 patriae

214 1851 409 1890 iniuriam
453 1863 536 1889 non
577 1849 689 1895 tulit,
732 1861 856 1902 quam
896 1847 1005 1886 ferre
1045 1847 1211 1886 debuit:
1252 1846 1353 1885 fecit
1390 1845 1502 1885 idem
1540 1846 1653 1900 quod
1683 1846 1831 1899 viginti
1865 1846 1986 1886 annis

214 1919 310 1954 ante
342 1912 452 1965 apud
486 1926 562 1951 nos
593 1911 750 1950 fecerat
783 1911 1043 1950 Coriolanus.
1103 1910 1178 1948 His
1210 1908 1377 1948 adiutor
1407 1914 1552 1948 contra
1582 1909 1758 1962 patriam
1790 1909 1986 1948 inventus

215 1982 278 2015 est
308 1989 457 2015 nemo:
490 1976 631 2028 itaque
663 1979 839 2013 mortem
871 1973 949 2012 sibi
983 1977 1157 2025 uterque
1181 1971 1395 2011 conscivit.
1456 1968 1522 2010 43.
1555 1970 1695 2019 Quare
1716 1970 1809 2010 talis
1832 1971 1988 2024 impro—

213 2039 364 2078 borum
396 2040 618 2077 consensio
652 2049 734 2075 non
766 2035 890 2074 modo
923 2035 1197 2074 excusatione
1229 2034 1439 2073 amicitiae
1471 2033 1651 2086 tegenda
1680 2046 1766 2072 non
1798 2038 1882 2081 est,
1914 2031 1987 2072 sed

164 2101 354 2155 30p0tius
386 2100 591 2154 supplicio
623 2099 737 2138 omni
768 2097 1017 2137 vindicanda
1049 2102 1132 2144 est,
1171 2103 1216 2135 ut
1246 2108 1298 2134 ne
1331 2096 1425 2149 quis
1458 2109 1705 2135 concessum
1736 2101 1855 2148 putet
1885 2095 1988 2135 ami-

216 2177 307 2203 cum
347 2162 415 2201 vel
456 2162 610 2201 bellum
651 2161 810 2213 patriae
852 2160 1102 2199 inferentem
1144 2158 1279 2211 sequi.
1350 2158 1475 2205 Quod
1516 2157 1713 2211 quidem,
1757 2163 1896 2197 utres
1927 2158 1986 2196 ire

215 2225 372 2278 coepit,
416 2223 524 2263 baud
565 2225 650 2263 scio
694 2236 747 2262 an
788 2221 1018 2275 aliquando
1060 2220 1245 2260 futurum
1288 2220 1368 2260 sit:
1414 2219 1516 2259 mihi
1549 2225 1686 2260 autem
1718 2232 1802 2259 non
1834 2217 1988 2259 minori

215 2301 338 2327 curae
370 2292 453 2333 est,
486 2286 623 2339 qualis
655 2299 723 2325 res
754 2282 925 2338 publica
956 2289 1052 2336 post
1082 2288 1258 2323 mortem
1288 2295 1422 2322 meam
1452 2281 1591 2322 futura
1622 2282 1695 2329 sit,
1727 2295 1852 2335 quam
1884 2293 1987 2335 qua-

216 2350 266 2390 lis
296 2349 425 2390 hodie
458 2349 525 2389 sit.

304 2519 333 2548 11.
361 2516 527 2548 amicitiae
550 2515 643 2546 BSV
669 2531 704 2536 —
740 2514 770 2545 ⁶2.
798 2517 910 2553 turpes
933 2521 984 2544 res
1007 2514 1028 2544 S
1064 2529 1094 2535 —
1133 2511 1165 2544 4.
1190 2514 1396 2542 memoratur
1421 2512 1465 2548 G,
1499 2508 1563 2540 sed
1588 2518 1665 2550 sup.
1692 2507 1750 2540 lin.
1774 2509 1923 2549 fateatur
1947 2524 1982 2531 -

215 2567 313 2599 loculi
338 2569 364 2598 D
405 2585 438 2589 —
479 2567 507 2597 6.
535 2565 746 2605 aliquantum
776 2564 799 2594 B
840 2582 874 2585 —
912 2564 1024 2603 spacio
1056 2563 1119 2593 GV
1157 2579 1190 2584 —-
1230 2562 1260 2593 8.
1282 2571 1362 2601 pop.
1381 2559 1487 2601 Rom]
1510 2563 1582 2599 post
1606 2560 1651 2599 E,
1685 2560 1776 2590 Rom.
1803 2568 1873 2590 om.
1892 2560 1919 2590 D
1950 2575 1981 2581 —-

215 2617 283 2655 aul]
304 2616 353 2647 uel
377 2617 396 2647 S
425 2632 458 2637 —
488 2616 516 2647 9.
544 2616 646 2646 secuti
667 2618 742 2646 sunt
766 2613 870 2644 BSW
898 2631 931 2635 ——
960 2615 993 2645 in
1015 2624 1047 2653 p.
1067 2614 1242 2653 scipionem
1269 2612 1347 2648 DE,
1374 2611 1408 2641 in
1430 2620 1463 2650 p.
1484 2609 1633 2641 nasicam
1654 2610 1833 2648 scipionem
1856 2607 1986 2640 BGSV

218 2681 253 2688 —
275 2666 325 2697 210.
349 2666 487 2705 fec-crint
510 2665 599 2696 sssV
625 2682 659 2687 -—
689 2672 892 2704 quocumque
906 2665 1001 2694 morlo
1026 2663 1121 2694 Klotz
1146 2664 1191 2701 (in
1209 2661 1264 2693 ed.
1283 2660 1443 2699 Teubn.):
1471 2668 1598 2699 quoquc
1614 2667 1708 2698 quem
1726 2660 1822 2698 (quae
1838 2659 1873 2697 G)
1891 2657 1987 2689 modo

217 2718 259 2753 C,
292 2725 420 2755 quoquo
445 2716 538 2746 modo
570 2716 594 2745 O
634 2732 668 2736 —
709 2715 760 2745 Η.
783 2715 954 2753 posuimus
985 2714 1008 2745 C
1049 2730 1084 2735 --
1124 2713 1174 2744 4⁴2.
1201 2716 1312 2743 aulem
1335 2720 1405 2742 orn.
1428 2711 1473 2745 D;
1507 2711 1545 2740 de
1569 2718 1596 2740 e.
1615 2709 1750 2749 9racchi
1776 2709 1904 2750 (yracci
1921 2708 1985 2748 BS)

216 2770 323 2796 aulem
355 2765 529 2801 BEGSY,
567 2764 659 2795 unde
685 2763 915 2795 scribendum
941 2763 1094 2794 videtur:
1129 2763 1166 2793 dc
1191 2763 1254 2793 Gai
1279 2765 1388 2792 aulem
1412 2760 1583 2791 tribunatu
1622 2776 1655 2781 —
1694 2759 1873 2798 auyw-iari
1896 2759 1922 2789 G
1948 2773 1983 2779 -

217 2816 268 2846 43.
293 2815 455 2854 procliuis.
475 2814 597 2845 BDSV
626 2831 658 2835 -
684 2814 858 2853 pernicicm
882 2814 907 2843 G
934 2830 968 2835 -
998 2812 1049 2844 44.
1067 2813 1159 2851 facta
1182 2813 1222 2842 sit
1246 2811 1371 2842 sssvo
1400 2827 1434 2832 —-
1462 2810 1513 2840 45.
1534 2809 1717 2839 diiunctum
1741 2809 1761 2839 S
1787 2810 1867 2839 ante
1892 2815 1983 2839 corr.

218 2866 268 2897 49.
296 2866 397 2904 igilur
420 2868 465 2896 esc
490 2864 581 2894 BSV
610 2882 643 2886 —
676 2864 772 2894 huius
797 2864 883 2894 modi
909 2864 934 2894 D
963 2879 997 2885 ——
1036 2863 1090 2893 20.
1116 2871 1147 2893 sc
1171 2863 1219 2893 ila
1244 2861 1336 2892 BSV
1363 2877 1397 2882 —
1432 2861 1466 2891 in
1490 2859 1617 2899 maync'z
1638 2857 1755 2898 aliqua
1778 2856 1827 2889 rE.
1850 2866 1885 2897 p.
1906 2864 1987 2896 pec-

215 2914 364 2945 cantibus
389 2915 430 2951 (J,
466 2914 528 2944 sed
555 2913 655 2944 deest
677 2923 709 2952 p.
739 2915 835 2951 (ante
850 2912 951 2951 pecc.)
978 2913 1012 2944 in
1036 2912 1082 2948 V;
1117 2912 1150 2942 in
1177 2920 1211 2942 re
1232 2912 1365 2950 publica
1386 2919 1476 2950 pecc·
1503 2910 1528 2940 O
1570 2927 1604 2932 —
1644 2910 1696 2941 22.
1722 2909 1770 2939 his
1793 2907 1920 2939 BGSV
1948 2923 1982 2928 —

215 2967 309 2995 crant
335 2964 358 2994 Ε
387 2981 417 2985 -
448 2973 547 3002 quam
570 2964 618 2993 his
643 2963 768 2994 BGSV
791 2979 826 2984 —
852 2963 955 3001 ipsius
972 2964 997 2993 G
1025 2979 1059 2983 -
1088 2962 1140 2992 23.
1161 2962 1331 3000 imperatis
1348 2961 1372 2992 E
1393 2977 1428 2983 —
1456 2959 1508 2991 ⁴24.
1527 2959 1697 3000 graeciam
1713 2960 1869 2990 seruitute
1891 2954 1984 2988 BSV

219 3030 253 3034 —-
274 3012 475 3043 liber-auisset.
500 3013 646 3043 BGSV:
674 3012 841 3043 liberasset
865 3012 960 3042 DEO
989 3029 1023 3034 —-
1058 3012 1110 3042 25.
1129 3011 1287 3050 ‹3³.-pulsus
1311 3014 1389 3042 esset
1412 3010 1507 3041 DEG
1533 3012 1567 3040 et
1586 3009 1611 3039 V
1635 3017 1711 3049 sup.
1732 3008 1790 3040 lin.
1818 3006 1984 3047 (n1.anti-

217 3064 322 3101 qua):
356 3062 472 3092 missus
495 3067 571 3093 csse!
597 3063 713 3100 BSVl,
749 3063 823 3092 isset
854 3061 878 3092 O
919 3078 953 3082 —
994 3061 1047 3092 ⁶26.
1073 3060 1159 3101 fecit]
1183 3061 1271 3099 ferre
1300 3061 1333 3091 S¹
1370 3076 1403 3081 —
1445 3053 1492 3091 28‘
1523 3062 1661 3089 mortem
1684 3058 1743 3088 sibi
1766 3058 1914 3095 interque
1944 3055 1981 3092 G,

216 3114 354 3142 mortem
378 3114 514 3150 uterquc
537 3112 595 3141 sibi
620 3113 684 3149 135,
711 3114 848 3149 uterque
871 3117 897 3140 s.
917 3112 1013 3141 mort.
1033 3110 1073 3148 V,
1100 3118 1124 3140 s.
1143 3113 1240 3140 mort.
1257 3113 1396 3148 uterque
1420 3109 1443 3139 E
1464 3126 1498 3130 —
1525 3108 1702 3147 impiorum
1718 3108 1745 3138 D
1772 3123 1806 3128 —
1833 3106 1886 3137 30.
1904 3113 1983 3143 sup-

214 3161 312 3201 plicio
338 3159 504 3199 (subplilio
529 3163 569 3198 G>
596 3162 684 3191 omni
706 3159 911 3191 uindicanda
934 3163 979 3190 est
1002 3160 1050 3191 C:
1087 3160 1176 3189 omni
1199 3158 1354 3197 supplicio
1377 3157 1580 3188 vindicanda
1603 3157 1628 3188 O
1672 3174 1702 3179 —
1747 3162 1930 3186 concessum
1954 3151 1978 3183 C

220 3210 293 3250 (sed
320 3210 343 3241 E
367 3212 586 3247 consensumJ:
623 3209 703 3250 [sibi]
730 3216 915 3240 concessum
939 3209 963 3240 O
1001 3224 1045 3230 —
1081 3207 1134 3238 uel
1157 3206 1302 3238 amicum
1325 3207 1442 3238 bellum
1471 3207 1498 3237 D
1542 3223 1577 3228 —
1618 3205 1671 3236 34.
1694 3205 1829 3244 patriae
1850 3202 1909 3242 inf.
1927 3218 1946 3224 -
1961 3217 1980 3223 -

218 3262 298 3292 hauc
322 3260 344 3290 B
370 3260 402 3290 iu
428 3267 536 3299 marg.
563 3266 610 3290 m.
638 3260 654 3289 2
697 3275 731 3280 —
773 3258 877 3297 coepit
899 3258 948 3290 ire
972 3258 997 3289 O
1035 3273 1078 3280 —
1116 3256 1169 3288 33.
1194 3256 1236 3287 sit
1259 3258 1338 3297 post
1358 3257 1476 3297 futura
1500 3264 1570 3287 om.
1597 3255 1639 3295 E,
1670 3256 1749 3296 post
1772 3252 1866 3285 hodie
1887 3251 1912 3283 B
1940 3266 1975 3273 —

221 3319 287 3351 qua
311 3309 417 3350 qualis
441 3310 478 3340 G.
