2249 3624
297 106 379 149 606
1011 106 1151 148 CATO
1181 106 1355 148 MAIOR

299 229 393 256 cum
423 213 707 255 adulescentia
738 225 829 254 esse
860 213 1116 253 commune?
1176 210 1242 251 68.
1276 213 1397 253 Sensi
1429 225 1506 266 ego
1537 213 1581 253 in
1613 213 1769 267 optimo
1800 214 1907 263 filio,
1947 220 1992 256 tu
2021 217 2064 258 in

299 278 530 330 expectatis
573 277 623 316 ad
664 275 965 329 amplissimam
1003 275 1243 326 dignitatem
1283 275 1505 323 fratribus,
1546 276 1706 329 Scipio,
1744 283 1922 317 mortem
1953 281 2065 320 omni

298 340 424 380 aetati
464 353 555 380 esse
596 351 872 378 communem.
932 338 985 375 At
1022 343 1163 389 sperat
1202 337 1450 378 adulescens
1490 338 1562 378 diu
1602 352 1646 378 se
1686 339 1910 387 victurum,
1952 340 2066 393 quod

298 415 466 454 sperare
498 402 609 441 idem
641 413 770 440 senex
802 412 884 439 non
917 403 1065 450 potest.
1121 399 1374 452 Insipienter
1406 405 1558 453 sperat.
1611 399 1722 448 Quid
1755 402 1867 441 enim
1898 403 2065 443 stultius

265 470 423 517 5quam
462 464 621 503 incerta
657 476 732 515 pro
772 461 896 501 certis
937 460 1115 508 habere,
1153 461 1258 501 falsa
1297 475 1372 515 pro
1411 463 1554 501 veris?
1614 464 1667 502 At
1697 476 1827 503 senex
1868 477 1920 503 ne
1952 466 2066 518 quod

296 531 436 578 speret
466 525 635 578 quidem
667 524 803 563 habet.
862 524 914 562 At
957 528 1019 562 est
1059 536 1109 563 eo
1150 523 1322 564 meliore
1362 524 1610 564 condicione
1650 537 1774 578 quam
1804 526 2066 575 adulescens,

296 601 390 627 cum
423 587 486 634 id,
519 587 630 640 quod
663 586 734 626 ille
765 590 928 639 sperat,
962 584 1029 624 bic
1060 592 1312 626 consecutus
1344 592 1417 626 est.
1478 586 1553 626 Ille
1586 585 1674 626 vult
1704 586 1774 625 diu
1805 588 1969 636 vivere,
2001 589 2067 629 hic

297 649 368 689 diu
398 650 515 689 vixit.
575 647 642 688 69.
676 648 961 701 Quamquam,
1003 662 1026 687 ο
1059 647 1101 686 di
1131 648 1262 687 honi!
1313 648 1415 701 quid
1457 653 1520 688 est
1558 649 1600 688 in
1638 648 1821 688 hominis
1853 650 1936 690 vita
1966 650 2067 691 diu?

295 713 358 752 Da
398 712 509 752 enim
551 724 790 763 supremum
834 715 1026 763 tempus,
1069 715 1342 762 expectemus
1375 711 1684 750 Tartessiorum
1716 711 1825 762 regis
1857 717 2065 762 aetatem3

245 780 282 809 ⁴0
296 773 377 814 fuit
406 774 538 821 enim,
569 779 616 812 ut
647 773 846 826 scriptum
878 772 1024 820 video,
1057 773 1368 825 Arganthonius
1401 773 1572 826 quidam
1608 773 1817 821 Gadibus,
1849 774 1923 827 qui
1955 780 2069 815 octo-

296 837 411 890 ginta
441 840 690 888 regnaverat
720 848 868 882 annos,
900 840 1067 874 centum
1099 835 1246 887 viginti
1269 836 1441 875 vixerat.
1493 836 1575 875 Sed
1608 836 1709 875 mihi
1739 849 1792 875 ne
1823 835 2069 877 diuturnum

297 898 469 953 quidem
501 897 726 950 quicquam
758 897 943 944 videtur,
975 897 1017 936 in
1051 911 1134 951 quo
1167 903 1230 937 est
1259 897 1418 950 aliquid
1449 904 1697 938 extremum.
1751 898 1853 938 Cum
1885 899 1996 939 enim
2026 900 2068 939 id

296 960 491 1007 advenit,
533 965 619 999 tum
657 960 786 1007 illud,
826 961 940 1013 quod
980 960 1216 1013 praeteriit,
1259 959 1451 1008 effluxit3
1499 965 1659 999 tantum
1701 967 1912 1009 remanet,
1956 961 2069 1015 quod

295 1023 449 1064 virtute
491 1028 531 1061 et
570 1028 682 1062 recte
714 1022 831 1062 factis
864 1028 1115 1062 consecutus
1147 1023 1217 1062 sis.
1277 1022 1416 1062 Horae
1449 1023 1619 1075 quidem
1651 1022 1805 1062 cedunt
1836 1028 1876 1063 et
1908 1023 1998 1063 dies
2030 1029 2071 1063 et

246 1092 461 1125 ⁴5menses
504 1089 544 1123 et
581 1086 700 1133 anni,
743 1097 819 1124 nec
856 1085 1131 1138 praeteritum
1169 1090 1334 1138 tempus
1371 1097 1571 1137 umquam
1602 1086 1827 1125 revertitur
1856 1098 1934 1125 nec
1966 1085 2069 1139 quid

295 1152 494 1200 sequatur
535 1148 631 1187 sciri
670 1152 821 1201 potest.
883 1147 1006 1195 Quod
1048 1147 1201 1200 cuique
1243 1147 1445 1200 temporis
1482 1147 1532 1186 ad
1571 1147 1798 1187 vivendum
1836 1147 1981 1195 datur,
2019 1161 2068 1187 eo

295 1210 419 1250 debet
449 1223 541 1250 esse
573 1215 810 1250 contentus.
870 1208 937 1248 70.
969 1211 1114 1262 Neque
1148 1209 1259 1249 enim
1290 1209 1512 1257 histrioni,
1546 1214 1590 1249 ut
1620 1209 1799 1263 placeat,
1830 1210 2068 1263 peragenda

292 1272 434 1312 fabula
465 1277 551 1319 est,
592 1272 717 1312 modo
760 1273 803 1311 in
845 1285 1117 1325 quocumque
1157 1271 1284 1311 fuerit
1322 1277 1415 1311 actu
1448 1271 1673 1325 probetur,
1719 1285 1857 1325 neque
1890 1272 2069 1325 sapienti

293 1349 431 1389 usque
469 1335 521 1375 ad
557 1334 794 1389 «plaudite»
830 1334 1083 1373 veniendum
1116 1339 1191 1373 est.
1252 1336 1384 1374 Breve
1423 1335 1535 1373 enim
1575 1340 1740 1387 tempus
1779 1335 1927 1374 aetatis
1969 1335 2068 1374 satis

243 1398 465 1452 aolongum
498 1403 561 1438 est
591 1398 642 1438 ad
674 1398 781 1437 bene
812 1397 1074 1449 honesteque
1108 1395 1356 1435 vivendum:
1390 1397 1453 1436 sin
1485 1396 1743 1449 processerit
1773 1397 1954 1450 longius,
1985 1411 2070 1437 non

293 1461 425 1514 magis
465 1460 694 1500 dolendum
734 1464 799 1499 est
838 1472 963 1512 quam
1003 1458 1212 1510 agricolae
1251 1457 1416 1505 dolent,
1456 1458 1681 1512 praeterita
1720 1459 1838 1498 verni
1870 1460 2069 1513 temporis

294 1524 497 1564 suavitate
529 1528 731 1563 aestatem
762 1527 1094 1573 autumnumque
1127 1521 1308 1560 venisse.
1353 1521 1436 1560 Ver
1458 1521 1568 1560 enim
1591 1526 1805 1574 tamquam
1826 1522 2070 1562 adulescen-

293 1586 394 1625 tiam
435 1585 644 1637 significat
684 1583 953 1636 ostenditque
989 1582 1147 1622 fructus
1185 1582 1370 1630 futuros,
1411 1584 1575 1637 reliqua
1606 1588 1745 1623 autem
1777 1589 1968 1637 tempora
1998 1583 2069 1625 de-

294 1647 502 1688 metendis
542 1647 745 1687 fructibus
785 1652 826 1685 et
864 1645 1147 1698 percipiendis
1179 1646 1492 1685 accommodata
1523 1652 1632 1686 sunt.
1691 1643 1758 1684 71.
1790 1647 1967 1687 Fructus
1998 1661 2070 1688 au-

243 1719 280 1749 25
294 1716 377 1751 tem
410 1710 638 1750 senectutis
671 1714 756 1756 est,
796 1713 842 1748 ut
872 1721 998 1760 saepe
1031 1706 1137 1754 dixi,
1175 1712 1271 1747 ante
1311 1712 1525 1760 partorum
1558 1708 1763 1747 bonorum
1796 1710 1998 1750 memoria
2029 1714 2070 1750 et

294 1774 425 1827 copia.
486 1772 637 1812 Omnia
676 1778 840 1818 autem,
881 1783 989 1823 quae
1022 1769 1255 1809 secundum
1288 1776 1478 1810 naturam
1511 1768 1635 1818 fiunt,
1677 1775 1774 1810 sunt
1804 1771 1997 1812 habenda
2026 1773 2067 1812 in

292 1836 429 1876 bonis.
492 1834 602 1883 Quid
644 1840 707 1874 est
744 1837 886 1874 autem
923 1838 1006 1872 tam
1046 1831 1277 1872 secundum
1315 1838 1507 1873 naturam
1540 1846 1666 1886 quam
1698 1833 1870 1874 senibus
1905 1835 2068 1874 emori?

294 1899 408 1953 quod
449 1898 562 1938 idem
605 1895 810 1949 contingit
848 1894 1188 1935 adulescentibus
1230 1894 1479 1935 adversante
1528 1901 1569 1935 et
1607 1901 1868 1949 repugnante
1907 1902 2068 1936 natura.

293 1962 439 2015 Itaque
479 1960 769 2000 adulescentes
802 1957 904 1997 mihi
937 1957 1043 1996 mori
1076 1957 1136 1996 sic
1168 1956 1386 2005 videntur,
1432 1963 1477 1997 ut
1509 1971 1603 1998 cum
1634 1971 1767 2011 aquae
1799 1958 2068 1998 multitudine

244 2033 281 2063 30
294 2024 486 2065 flammae
516 2023 578 2063 vis
611 2021 875 2076 opprimitur,
907 2033 1029 2059 senes
1062 2024 1200 2059 autem
1232 2019 1305 2067 sic,
1337 2025 1383 2059 ut
1414 2033 1506 2060 cum
1538 2033 1615 2060 sua
1645 2025 1795 2073 sponte
1817 2020 1933 2060 nulla
1954 2020 2070 2060 adhi-

294 2087 381 2127 bita
411 2086 452 2127 vi
485 2090 759 2138 consumptus
790 2083 899 2136 ignis
933 2082 1218 2135 extinguitur:
1250 2087 1292 2121 et
1313 2082 1435 2136 quasi
1457 2096 1582 2136 poma
1604 2095 1658 2122 ex
1679 2083 1920 2131 arboribus,
1942 2082 2071 2123 cruda

386 2331 415 2362 ⁴.
443 2338 500 2370 eqo
525 2328 694 2360 BIPRS:
730 2336 788 2368 ego
811 2336 887 2358 cum
911 2327 1002 2366 E(‘*')‚
1037 2336 1095 2368 eqo
1119 2331 1187 2358 tum
1212 2328 1237 2358 O
1277 2344 1310 2348 —
1351 2330 1483 2366 optumo
1508 2327 1575 2357 P2S
1613 2343 1645 2347 —
1686 2326 1768 2367 filie,
1795 2329 1830 2357 tu
1852 2326 1886 2357 in
1909 2325 2067 2365 Madvig:

291 2382 361 2423 filio
384 2384 453 2412 tum
476 2381 525 2416 P¹,
549 2378 618 2419 filio
642 2381 711 2408 tam
734 2378 767 2408 in
794 2378 816 2408 B
833 2377 856 2408 E
873 2378 883 2407 Ι
900 2378 1007 2409 P2RS
1034 2379 1081 2417 (in
1109 2378 1141 2408 in
1167 2379 1190 2408 P
1217 2385 1262 2408 m.
1290 2377 1308 2408 2
1335 2376 1450 2416 add),
1473 2376 1541 2417 filio
1565 2385 1654 2414 meo,
1681 2379 1751 2407 tum
1774 2376 1809 2407 in
1833 2376 1858 2407 Ο
1897 2392 1932 2398 -
1970 2376 2002 2408 2.
2028 2375 2071 2406 ad

295 2440 365 2463 om.
384 2432 408 2462 P
436 2447 471 2452 —
496 2428 658 2469 fratribus
683 2428 730 2459 C:
758 2427 919 2467 fratribus
936 2428 1000 2458 tuis
1024 2428 1048 2458 O
1077 2446 1110 2449 —
1139 2427 1169 2458 3.
1189 2430 1297 2458 aetate
1321 2424 1416 2457 BFR
1443 2443 1477 2447 —
1506 2427 1694 2457 adulescens
1718 2434 1787 2458 om.
1808 2427 1820 2457 Ι
1848 2444 1881 2449 -
1910 2425 1942 2458 4.
1960 2427 2071 2466 sperat

294 2481 489 2513 adolescens.
522 2478 606 2518 Quid
631 2479 642 2509 1
677 2496 711 2500 —
750 2478 829 2517 qaid
853 2481 897 2508 est
922 2478 1008 2508 enim
1032 2478 1092 2508 ER
1131 2495 1165 2498 —
1203 2478 1235 2508 5.
1263 2478 1301 2508 Ac
1326 2477 1456 2507 BIPS:
1485 2484 1555 2507 om.
1575 2476 1667 2507 ERO
1706 2493 1741 2498 -
1778 2484 1838 2507 nec
1861 2476 1948 2516 quod
1971 2476 1997 2508 R
2022 2475 2071 2515 (ne

294 2531 425 2570 quidem
449 2528 536 2568 quod
558 2531 663 2567 speret
689 2528 714 2566 l)
743 2544 778 2548 —
817 2527 848 2557 7.
875 2527 908 2557 id
932 2535 1000 2558 om.
1022 2528 1034 2557 Ι
1061 2544 1095 2548 -
1123 2527 1175 2558 hic
1200 2527 1223 2558 C
1251 2526 1330 2567 (sed
1348 2526 1372 2557 E
1390 2526 1489 2564 hoc):
1517 2526 1569 2557 hic
1586 2525 1677 2567 [iam]
1703 2526 1728 2558 O
1753 2543 1796 2549 —
1820 2527 1851 2558 8.
1878 2527 1924 2558 dii
1949 2526 2010 2558 CO
2031 2541 2065 2548 -

293 2580 376 2619 vita]
401 2582 527 2610 natura
553 2579 575 2608 P
600 2575 695 2609 solus
720 2585 763 2607 ex
787 2577 877 2607 notis
910 2595 951 2599 -
984 2577 1014 2607 9.
1041 2577 1276 2607 tarcessiorum
1301 2578 1329 2615 1,
1357 2576 1538 2607 tar-siorum
1561 2577 1586 2607 R
1622 2593 1657 2598 —
1694 2576 1746 2607 ⁴0.
1772 2577 1858 2607 enim
1882 2584 1952 2607 om.
1980 2575 2005 2607 E
2032 2592 2066 2597 —

295 2630 516 2672 aryalhanz'us
539 2629 575 2665 P,
602 2627 848 2667 aryavztaonius
873 2627 910 2665 E,
937 2627 1151 2659 arehatonius
1177 2628 1229 2665 IS,
1256 2627 1495 2658 archantorzius
1511 2628 1548 2664 R,
1568 2627 1793 2657 archalomius
1809 2627 1852 2664 B;
1880 2626 1922 2658 cf.
1940 2624 2067 2657 Herod.

295 2682 327 2721 rt,
347 2680 421 2711 463.
454 2680 536 2710 Luc.
555 2676 709 2708 Macrob.
730 2677 782 2708 40.
820 2675 891 2707 Val.
912 2677 1000 2708 Max.
1020 2677 1114 2715 VIII,
1135 2676 1175 2707 43
1201 2679 1269 2708 ext.
1290 2676 1321 2709 4.
1362 2694 1398 2699 —
1438 2678 1489 2708 Μ.
1516 2680 1721 2717 reynauerat
1745 2677 1845 2708 EIP:
1878 2675 2072 2717 reynauem't

293 2731 366 2769 ΒΞ,
397 2728 554 2770 reynauit
577 2727 638 2757 RO
674 2743 708 2746 —-
742 2729 772 2757 ec
795 2726 912 2766 viginti
938 2727 962 2757 O
990 2743 1026 2748 —
1059 2727 1198 2756 uit-erat
1222 2727 1268 2757 P:
1306 2727 1433 2758 uioeerit
1456 2727 1629 2766 BEIRS,
1660 2727 1749 2758 uixit
1774 2725 1895 2758 Duisb.
1923 2728 1957 2758 et
1981 2726 2006 2758 Ο
2034 2742 2067 2748 -

295 2781 347 2812 43.
375 2783 443 2811 lum
467 2779 515 2811 C:
543 2781 621 2808 tunc
645 2777 669 2807 O
698 2793 732 2797 —
763 2777 960 2816 praeterit*
978 2777 1000 2807 Ρ
1030 2793 1064 2798 -
1099 2779 1227 2806 tantam
1251 2777 1337 2807 enim
1361 2780 1510 2808 remanet
1534 2777 1592 2808 ΕΡ
1621 2794 1654 2798 -
1690 2777 1741 2808 45.
1761 2779 1791 2807 et
1808 2777 1889 2808 anni
1905 2779 1935 2808 et
1950 2782 2072 2807 menses

294 2831 349 2862 BS
388 2847 423 2852 —
461 2828 548 2867 quod
579 2828 604 2858 R
642 2843 676 2847 —
718 2825 769 2856 ⁴6.
797 2826 915 2865 cuique
951 2827 973 2857 P
1009 2833 1101 2856 corr.
1137 2834 1178 2857 ex
1215 2834 1354 2864 cumque
1391 2843 1425 2847 —
1468 2826 1519 2857 48.
1545 2825 1662 2866 fabula
1690 2829 1737 2857 esc
1768 2826 1828 2858 ΕΡ
1861 2827 1896 2858 et
1926 2823 2069 2858 Duisb.:

294 2883 340 2912 est
361 2879 478 2920 fabula
502 2877 608 2909 BIRS
637 2893 668 2899 -
697 2875 800 2915 probo
824 2876 851 2906 is
876 2877 898 2907 P
927 2892 961 2897 ——
999 2883 1104 2914 neque
1128 2875 1209 2906 EP:
1239 2884 1296 2906 nec
1321 2876 1466 2907 BIRSO
1495 2892 1526 2897 —
1569 2875 1768 2915 sapientibus
1792 2876 1850 2908 ΕΡ
1876 2892 1911 2897 -
1950 2874 2002 2906 49.
2028 2872 2072 2904 ad

296 2937 367 2961 om.
387 2930 412 2960 R
440 2946 474 2950 —
499 2926 704 2959 ueniundum
727 2926 790 2964 BI,
815 2925 1038 2957 uenieundum
1062 2925 1082 2955 S
1110 2942 1145 2947 —
1181 2929 1227 2956 esc
1251 2934 1319 2957 om.
1341 2926 1366 2956 R
1394 2943 1428 2947 —
1461 2925 1513 2956 20.
1541 2926 1677 2966 lonyum
1699 2929 1744 2957 est
1769 2925 1793 2957 C
1821 2925 1896 2966 (sed
1918 2927 1963 2956 est
1985 2923 2019 2955 in
2042 2924 2065 2955 P

296 2990 377 3022 add.
405 2998 452 3021 m.
478 2990 587 3028 rec.):
616 2991 661 3020 est
685 2987 820 3027 longum
844 2987 868 3018 Ο
897 3004 931 3009 -—
955 2987 1152 3026 processerit
1177 2988 1211 3025 P,
1241 2987 1325 3018 item
1351 2985 1438 3018 Gud.
1467 2988 1500 3017 et
1524 2986 1647 3018 Duisb.
1675 2995 1717 3018 ex
1742 2987 1853 3019 meis:
1874 2983 2071 3027 processeris

295 3040 476 3073 BEIRSO
510 3057 545 3061 —
578 3039 631 3069 24.
654 3041 830 3077 praeterea
855 3038 891 3068 P1
918 3054 954 3059 —
988 3037 1041 3068 23.
1069 3036 1206 3067 ostendit
1231 3037 1255 3067 R
1284 3053 1318 3058 —
1350 3036 1481 3075 futuros
1503 3036 1630 3075 fructos
1653 3036 1678 3067 E
1705 3053 1741 3057 -——
1767 3039 1878 3067 aulem
1901 3034 2066 3067 BEIPS:

297 3098 367 3122 om.
388 3089 471 3125 1³03
509 3091 652 3120 celerum
676 3091 705 3117 et
729 3090 879 3126 tempora
902 3087 1057 3118 metendis
1079 3085 1231 3126 frugibus
1261 3089 1291 3117 et
1315 3086 1536 3125 percipiendis
1559 3086 1811 3117 accommodata
1834 3089 1909 3118 sunt
1940 3085 2068 3117 Nonius

296 3148 331 3180 p.
349 3136 425 3176 244,
444 3138 498 3168 24.
529 3155 562 3159 —
589 3136 643 3168 ⁶24.
673 3136 829 3166 'metendis
853 3136 877 3166 E
903 3152 938 3157 —
967 3135 1183 3166 accomodata
1207 3136 1231 3166 P
1260 3153 1292 3157 —
1321 3136 1373 3167 ⁴25.
1393 3135 1467 3166 dixi
1488 3138 1705 3174 peractorum
1728 3134 1756 3165 b,
1776 3137 1800 3167 P
1827 3153 1861 3158 —
1889 3135 1942 3166 26.
1961 3136 2069 3165 autem

296 3189 377 3221 EP:
404 3196 484 3219 uero
508 3186 658 3218 BlRSO
686 3203 718 3208 —
755 3187 808 3218 28.
835 3186 971 3226 conliyit
994 3186 1021 3217 R
1044 3202 1086 3208 -—
1111 3185 1163 3216 29.
1191 3184 1270 3215 mihi
1293 3185 1379 3216 mori
1402 3186 1448 3216 sic
1474 3185 1520 3216 C:
1548 3185 1635 3216 mori
1657 3185 1703 3215 sic
1726 3184 1806 3215 mihi
1829 3184 1855 3216 Ο
1882 3201 1917 3207 -
1943 3183 1996 3216 30.
2020 3182 2068 3214 vis

295 3239 452 3281 flammae
476 3237 501 3269 Ο
528 3252 562 3259 —
589 3237 634 3267 sic
657 3236 694 3266 uc
716 3243 791 3267 cum
813 3243 876 3267 sua
898 3237 945 3268 P:
971 3236 1056 3267 sicut
1078 3242 1140 3266 sua
1163 3234 1187 3266 B
1202 3235 1326 3266 EIRS
1342 3235 1366 3266 O
1398 3251 1441 3258 —
1476 3233 1532 3267 31.
1548 3242 1653 3274 poma
1677 3242 1747 3267 om.
1768 3234 1805 3266 R.
