2249 3624
254 188 300 230 8l
310 188 335 229 4
918 187 988 226 DE
1020 187 1087 226 RE
1119 185 1345 227 PUBLICA

366 293 405 335 Ξ).
453 295 509 335 Μ.
543 294 697 333 Tullius
737 293 782 332 de
821 305 864 332 re
895 292 1003 345 publ.
1053 292 1117 331 lib.
1147 293 1212 331 II:
1272 291 1427 344 cupido
1469 296 1608 333 autem
1646 296 1687 331 et
1728 292 1942 345 expetenti
1982 298 2024 333 et

252 357 494 398 lubidinoso
527 362 568 396 et
597 355 887 395 volutabundo
918 356 960 395 in
991 354 1278 407 voluptatibus
1302 354 1325 375 ²³·
1349 354 1371 372 ³⁴³
1425 352 1632 407 (Nonius
1665 368 1705 394 v.
1736 355 2024 395 volutabundus

361 480 402 522 3.
454 482 510 522 M.
544 481 696 520 Tullius
735 480 780 519 de
820 493 863 520 re
894 481 1005 533 publ.
1057 481 1122 521 lib.
1151 481 1219 519 ΙΙ.·
1280 485 1514 534 quartaque
1555 479 1757 520 anxitudo
1798 492 1930 533 prona
1971 478 2024 519 ad

222 546 409 586 5luctum
448 550 488 584 et
528 556 718 584 maerens
761 555 1010 597 semperque
1049 543 1141 596 ipsa
1182 555 1226 582 se
1266 542 1514 583 sollicitans.
1575 540 1794 595 (Nonius
1833 556 1872 583 v.
1903 542 2026 581 anxi-

251 608 343 648 tudo
373 622 411 660 p.
430 605 516 658 72.)

362 667 399 708 4.
439 670 494 709 M.
528 669 681 709 Tullius
721 669 765 708 de
801 681 844 707 re
876 669 985 719 publ.
1030 669 1094 708 lib.
1116 669 1181 707 II:
1232 681 1324 709 esse
1355 673 1494 708 autem
1526 680 1704 721 angores
1736 666 1766 718 -Χ-
1790 666 1824 706 si
1854 665 2026 706 miseria

247 733 430 773 adflictas
460 736 535 771 aut
565 732 747 771 abiectas
779 731 1005 770 timiditate
1038 736 1079 770 et
1109 731 1292 784 ignavia.
1355 730 1570 783 (Nonius
1603 744 1640 769 v.
1672 731 1794 769 timor
1823 744 1862 783 p.
1879 727 1994 782 2⁶28.)

358 794 396 833 5.
436 794 653 834 Elidere
691 794 852 833 deicere.
913 794 968 833 M.
1004 794 1158 833 Tullius
1200 794 1244 834 de
1283 807 1326 833 re
1349 794 1457 845 publ.
1503 789 1570 832 lib.
1592 793 1658 831 ΙΙ.·
1704 792 1757 832 Ut
1786 792 1932 845 auriga
1961 792 2025 831 in-

195 859 394 899 indoctus
435 869 457 896 e
497 870 622 896 curru
661 855 866 902 trahitur,
911 856 1144 908 opteritur,
1187 857 1389 904 laniatur,
1433 855 1613 895 eliditur.
1686 853 1942 908 (Nonius
1984 867 2023 895 v.

244 921 383 960 elidere
414 933 452 972 p.
477 916 591 971 292.)

358 979 396 1021 6.
439 982 650 1029 Hercules,
684 982 752 1034 qui
783 981 828 1020 ob
858 982 1043 1021 virtutem
1074 982 1327 1021 clarissimus
1357 987 1392 1020 et
1413 982 1530 1033 quasi
1549 981 1768 1032 Africanus
1797 981 1903 1020 inter
1929 980 2021 1020 deos

243 1045 418 1090 liabetur,
449 1057 575 1084 nonne
606 1045 737 1084 orbem
767 1050 910 1088 terrae,
944 1057 1056 1096 quem
1070 1057 1310 1096 perayrasse
1332 1057 1378 1083 ac
1399 1057 1596 1096 puryasse
1617 1050 1830 1090 narratur,
1854 1043 2021 1094 stupris,

244 1108 490 1154 libidinibus,
532 1107 742 1147 adulteriis
773 1107 1026 1159 inquinavit?
1085 1108 1162 1147 Nec
1192 1108 1364 1153 mirum,
1399 1119 1489 1145 cum
1519 1112 1615 1145 esset
1646 1106 1842 1145 adulterio
1870 1105 2025 1158 qenitus

194 1185 230 1214 45
245 1171 451 1211 Alcmenae
473 1201 482 1209 .
506 1201 515 1209 .
540 1201 548 1210 .
613 1171 718 1220 Quid
749 1171 850 1209 enim
883 1176 965 1208 tam
995 1170 1262 1221 maynificum,
1295 1170 1330 1208 si
1361 1170 1508 1208 leonem
1538 1181 1757 1221 aprumque
1789 1167 2024 1220 superavit?

243 1236 279 1274 si
308 1248 397 1274 aves
427 1234 564 1273 deiecit
595 1234 783 1284 sayittis?
823 1233 858 1271 si
889 1233 1044 1284 reqium
1076 1232 1273 1270 stabulum
1293 1233 1460 1283 eqessit?
1499 1232 1534 1270 si
1564 1232 1787 1283 virayinem
1816 1231 1911 1270 ‘eicit
1942 1230 2026 1269 cin-

243 1298 454 1350 yulumque
483 1297 692 1335 detraxit?
722 1296 757 1334 si
788 1308 906 1347 equos
933 1296 1084 1345 feroc-es
1114 1307 1203 1333 eum
1233 1294 1391 1333 domino
1422 1294 1653 1333 interemit?
1674 1323 1683 1333 .
1709 1325 1717 1334 .
1740 1324 1750 1333 .
1800 1295 1890 1334 Non
1921 1293 2025 1332 enim

240 1361 390 1412 sortior
419 1359 623 1410 putandus
664 1364 718 1397 est
754 1358 821 1410 qui
861 1358 1007 1396 leonem
1047 1369 1165 1409 quam
1205 1357 1273 1408 qui
1308 1357 1520 1395 violentam
1563 1358 1605 1395 in
1642 1370 1680 1395 se
1710 1357 1796 1408 ipso
1827 1356 2023 1396 inclusam

240 1423 371 1474 feram
400 1428 560 1473 superat
589 1421 866 1466 iracundiam,
907 1426 976 1458 aut
1012 1421 1080 1471 qui
1119 1420 1407 1471 rapacissimas
1444 1420 1622 1459 volucres
1657 1419 1774 1459 deicit
1806 1431 1925 1471 quam
1955 1417 2024 1469 qui

195 1485 477 1537 eocupiditates
514 1484 768 1523 avidissimas
806 1489 976 1527 coercet,
1020 1488 1089 1520 aut
1127 1483 1195 1533 qui
1231 1483 1472 1520 Amazonem
1514 1481 1753 1520 bellatricem
1794 1493 1913 1533 quam
1953 1479 2024 1531 qui

244 1548 445 1587 libidinem
472 1547 614 1591 vincit,
647 1546 815 1597 pudoris
844 1559 891 1584 ac
915 1546 1049 1596 famae
1078 1545 1382 1593 debellatricem,
1421 1550 1491 1583 aut
1527 1545 1596 1596 qui
1629 1545 1768 1596 fimum
1797 1544 1842 1583 de
1872 1542 2024 1582 stabulo

245 1624 363 1664 quam
393 1612 462 1663 qui
492 1611 590 1649 vitia
620 1609 665 1648 de
695 1609 810 1648 corde
840 1621 911 1647 suo
949 1609 1086 1657 merit,
1134 1621 1231 1659 quae
1262 1608 1392 1659 mayis
1422 1614 1513 1646 sunt
1537 1608 1792 1659 perniciosa,
1832 1606 1927 1658 quia
1957 1604 2026 1643 do-

244 1675 406 1713 mestica
437 1679 471 1712 et
494 1672 666 1724 propria
698 1672 804 1710 mala
835 1677 948 1717 sunt,
980 1684 1099 1722 quam
1130 1670 1217 1716 illa,
1252 1683 1349 1721 quae
1380 1676 1415 1709 et
1448 1671 1568 1709 citari
1594 1675 1781 1721 poterant
1812 1675 1846 1708 et
1876 1667 2023 1707 caveri.

245 1738 317 1776 Ex
348 1750 422 1789 quo
449 1737 494 1787 fit
523 1741 565 1774 ut
595 1735 659 1773 ille
690 1734 797 1772 solus
830 1735 891 1772 cir
917 1733 1038 1784 fortis
1068 1732 1199 1772 debeat
1230 1733 1427 1778 iudicari,
1472 1734 1540 1785 qui
1570 1739 1791 1784 temperans
1830 1736 1865 1770 et
1893 1729 2024 1769 mode—

195 1812 232 1841 25
246 1806 359 1839 ratus
390 1804 445 1838 est
475 1804 509 1837 et
538 1798 683 1836 iustus.
748 1795 1074 1848 (Lactantius
1106 1796 1201 1833 Inst.
1224 1795 1300 1834 dic.
1336 1795 1371 1842 Ι,
1397 1793 1449 1846 9.)

358 1860 397 1900 7.
429 1862 576 1907 Homo,
609 1861 676 1911 qui
706 1860 817 1898 habet
848 1860 1058 1910 imperium
1089 1871 1136 1896 ac
1160 1863 1410 1909 potestatem,
1445 1858 1521 1897 late
1550 1862 1658 1896 nocet
1678 1869 1755 1909 per
1775 1857 1906 1903 iram,
1931 1867 2024 1894 san-

246 1926 404 1978 quinem
440 1923 596 1975 fundit,
644 1922 758 1961 urbes
794 1922 999 1965 subvertit,
1042 1921 1210 1972 populos
1250 1920 1360 1966 delet,
1401 1920 1637 1972 provincias
1679 1920 1731 1959 ad
1774 1919 2026 1958 solitudinem

246 1988 405 2039 rediqit.
457 1985 775 2039 (Lactantius
807 1985 851 2023 de
884 1985 947 2022 ira
977 1984 1038 2022 dci
1069 1996 1104 2022 c.
1131 1981 1186 2034 ὃ.)

360 2048 398 2087 8.
433 2049 528 2087 Tres
557 2054 648 2086 sunt
678 2048 868 2098 adfectus,
901 2047 969 2098 qui
999 2047 1175 2085 homines
1204 2046 1247 2085 in
1269 2046 1403 2084 omnia
1420 2046 1609 2097 facinora
1626 2045 1864 2097 praecipites
1884 2047 2022 2095 ayunt,

197 2124 234 2153 30
249 2114 326 2158 ira,
358 2111 566 2163 cupiditas,
598 2110 737 2158 libido3
764 2115 977 2161 propterea
1004 2115 1139 2160 poetae
1170 2114 1249 2147 tres
1276 2108 1410 2159 furias
1443 2121 1522 2147 esse
1551 2108 1758 2155 dixerunt,
1792 2120 1890 2159 quae
1919 2118 2026 2145 men-

248 2183 304 2215 tes
333 2175 529 2213 hominem
558 2173 772 2223 exaqitent.
831 2172 902 2210 Ira
933 2172 1120 2210 ultionem
1149 2171 1364 2214 desiderat,
1400 2171 1597 2222 cupiditas
1626 2183 1737 2222 opes,
1768 2170 1886 2209 libido
1915 2169 2026 2208 volu-

242 2244 385 2290 ptates.
438 2235 762 2287 (Lactantius
794 2235 918 2272 instit.
940 2235 1017 2272 dir.
1053 2234 1125 2280 VI,
1150 2230 1232 2283 19.)

362 2298 400 2338 9.
448 2298 736 2338 Concitationes
774 2298 1004 2335 animorum
1043 2297 1176 2334 iuncto
1214 2297 1356 2334 currui
1395 2296 1543 2335 similes
1579 2302 1695 2345 sunt,
1739 2295 1782 2334 in
1818 2307 1893 2347 quo
1923 2298 2025 2333 recte

247 2361 485 2402 moderando
515 2373 711 2399 summum
743 2360 908 2398 rectoris
938 2359 1111 2410 officium
1142 2364 1211 2406 est,
1244 2364 1286 2396 ut
1316 2359 1423 2397 viam
1452 2359 1630 2396 noverit:
1661 2370 1780 2409 quam
1810 2357 1846 2396 si
1873 2355 2023 2401 tenebit,

198 2436 235 2464 35
248 2423 460 2478 quamlibet
491 2424 682 2462 concitate
714 2423 826 2466 ierit,
866 2434 943 2460 non
984 2421 1174 2472 offendat,·
1220 2421 1256 2459 si
1286 2427 1416 2460 autem
1446 2421 1716 2467 aberraverit,
1757 2420 1844 2459 licet
1867 2417 2025 2470 placide

248 2501 295 2527 ac
325 2487 464 2527 leniter
493 2491 569 2532 eat,
603 2491 671 2524 aut
695 2496 770 2536 per
800 2485 1037 2534 confrayosa
1069 2482 1277 2522 vexabitur
1306 2489 1375 2522 aut
1399 2496 1474 2534 per
1497 2482 1742 2534 praecipitia
1772 2480 1923 2520 labetur
1953 2484 2024 2519 aut

250 2556 350 2589 certe
380 2562 454 2601 quo
484 2561 564 2587 non
594 2553 648 2586 est
678 2559 775 2598 opus
804 2546 1011 2597 deseretur.
1063 2543 1383 2597 (Lactantius
1414 2546 1539 2588 instit.
1561 2545 1639 2584 div.
1672 2540 1851 2596 v1‚1l7.)

338 2725 369 2755 4.
395 2722 553 2763 expendet
574 2720 759 2752 luuidinoso
784 2717 862 2750 cod.
891 2717 1078 2757 Bainberg.
1108 2734 1142 2740 —
1182 2718 1212 2748 2.
1238 2717 1466 2757 uoluptatibus
1489 2717 1635 2749 Bamb.:
1668 2716 1895 2749 uoluntatibus
1918 2715 2026 2757 pleri-

251 2783 318 2815 que
343 2773 422 2805 libri
446 2772 582 2811 reliqui.
612 2788 647 2792 —
681 2770 710 2800 7,
739 2778 865 2809 angyore
887 2772 917 2799 et
939 2769 1074 2799 miseria
1100 2767 1308 2803 Lambinus3
1335 2777 1488 2808 angores,
1515 2776 1580 2799 esse
1601 2768 1766 2804 miser-iasa
1792 2776 1858 2798 esse
1881 2767 2026 2807 afflictas

248 2827 347 2863 atque
370 2823 512 2853 abiectas
535 2821 726 2851 timiditates
749 2823 778 2850 ct
802 2819 954 2859 iynavias
978 2820 1054 2848 Otto
1080 2817 1173 2857 apud
1200 2818 1379 2848 Osannum
1416 2834 1459 2840 —
1493 2818 1523 2847 8.
1551 2818 1690 2857 adsistas
1713 2816 1818 2848 codd.
1855 2834 1890 2839 —-
1927 2820 2026 2856 atque

249 2873 394 2904 abiectas
417 2871 550 2911 aliquot
574 2870 662 2901 libri.
705 2886 740 2890 —
780 2870 831 2899 40.
859 2868 1021 2907 opterilw·
1046 2866 1246 2897 {undantius
1272 2868 1305 2897 et
1332 2866 1557 2897 Rubnkenius
1589 2867 1637 2906 (v.
1659 2866 1828 2897 Mnemos.
1856 2865 2022 2904 11‚4i9):

248 2923 396 2962 operitur
420 2921 522 2951 codd.
551 2922 583 2951 et
609 2920 633 2950 O
658 2937 699 2941 —
731 2919 780 2949 42.
811 2918 981 2955 Quattuor
1007 2916 1100 2946 tovos
1128 2917 1293 2947 Lactantii
1319 2918 1383 2947 Mai
1409 2917 1554 2948 addidit.
1583 2917 1613 2947 ei
1638 2915 1746 2947 verba
1774 2916 1953 2948 Ciceronis
1978 2915 2023 2948 ob

249 2971 370 3003 oculos
394 2972 532 3001 versata
557 2978 636 3000 esse
662 2969 775 3004 ralus3
809 2967 871 2999 sed
897 2965 995 2997 facile
1021 2968 1072 2997 est
1099 2964 1294 3001 intellectu,
1323 2975 1429 3006 quain
1454 2967 1588 2997 incerta
1611 2966 1655 2997 sit
1681 2965 1769 2996 liaeo
1794 2967 1865 2996 tota
1891 2965 2022 3005 opinio.

249 3022 385 3060 Fragm.
406 3019 424 3049 6
450 3021 483 3049 et
507 3020 538 3054 ἵ,
565 3028 655 3058 quae
681 3018 744 3049 Mai
771 3016 915 3047 denium
942 3017 973 3046 in
1001 3015 1081 3045 edit.
1104 3015 1142 3045 11.
1171 3014 1308 3051 adiecit,
1337 3024 1405 3046 non
1430 3015 1539 3046 habet
1563 3015 1588 3046 O
1615 3031 1649 3036 -—
1678 3014 1731 3045 ⁰29.
1758 3014 1823 3045 Mai
1849 3014 1882 3045 in
1908 3013 1964 3045 ed.
1981 3015 2020 3045 11.

251 3071 356 3102 etiam
381 3069 474 3099 hunc
497 3067 613 3099 locum
639 3067 767 3098 adiecit
791 3076 831 3098 ex
859 3065 1025 3097 Lae-tantu
1046 3064 1133 3103 Epit.
1153 3064 1187 3095 61
1207 3073 1212 3092 ε
1242 3064 1318 3095 Tres
1341 3066 1488 3104 adfectus
1510 3068 1585 3095 sunt
1609 3064 1670 3097 vel.
1696 3067 1732 3094 ut
1754 3066 1803 3095 ita
1819 3065 1939 3103 dicam,
1958 3068 2025 3096 tres

249 3121 359 3160 furiae
382 3121 473 3153 sunt,
511 3127 594 3156 quae
622 3119 657 3148 in
689 3117 809 3148 animis
838 3117 1007 3146 hominum
1039 3117 1149 3144 tantas
1175 3114 1442 3152 perturbationes
1472 3116 1555 3146 cient
1585 3117 1615 3145 et
1644 3115 1810 3145 interdum
1831 3118 1953 3155 cogunt
1974 3115 2024 3145 ita

251 3170 448 3207 delinquere,
476 3170 509 3196 ut
533 3175 588 3196 uec
611 3166 722 3205 famae
745 3175 801 3196 nec
821 3166 963 3204 periculi
987 3165 1036 3194 sui
1062 3165 1240 3202 respectum
1265 3163 1383 3194 habere
1403 3164 1616 3203 permittant:
1640 3164 1708 3201 ira,
1736 3173 1820 3203 qnae
1841 3165 2024 3195 vindictam

250 3219 353 3258 cupit,
378 3216 538 3253 avaritia,
566 3224 651 3254 quac
674 3216 837 3246 desiderat
864 3224 950 3253 opes.
978 3214 1093 3252 libido,
1121 3220 1206 3251 quae
1229 3213 1353 3251 adpetit
1379 3215 1572 3253 voluptates,
1621 3213 1678 3244 His
1700 3215 1788 3244 viliis
1812 3218 1889 3245 ante
1912 3214 2023 3245 omnia

251 3268 465 3299 resistendum
495 3269 559 3303 est,
591 3268 625 3295 ul
657 3266 790 3296 uirtutes
820 3265 920 3296 inseri
943 3264 1084 3305 possint.
1137 3262 1203 3293 llos
1234 3263 1381 3303 adfectus
1411 3264 1513 3296 Stoici
1544 3264 1784 3304 amputandos,
1815 3262 2023 3304 Peripatetici

252 3318 480 3359 temperandos
498 3319 630 3356 putant.
