2249 3624
488 155 575 194 Lm.
606 154 673 194 lv.
713 152 808 193 Cn».
838 151 1260 192 XXVII—XXVIII.
1298 149 1357 203 §§
1388 146 1583 189 74—80.
1833 140 1912 186 475

163 280 267 307 esse.
317 267 368 306 At
399 266 499 320 quid
531 268 639 306 inter
669 271 880 318 parentem
914 271 951 304 et
984 264 1191 303 servulum
1218 262 1398 309 intersit,
1431 260 1615 312 intellegi
1648 264 1688 299 et
1720 265 1852 312 potest
1875 265 1913 298 et

163 330 297 369 debet.
357 331 465 381 Ergo
498 330 537 368 in
571 328 838 380 gubernando
873 328 996 370 nihil.
1037 328 1076 366 in
1109 325 1247 365 oslicio
1280 325 1503 378 plurimum
1536 324 1725 369 interest,
1758 336 1839 374 quo
1871 322 1911 360 in

162 405 313 444 genere
344 399 549 445 peccetur.
599 392 648 430 'Et
680 391 711 429 si
746 391 785 428 in
818 391 905 442 ipsa
929 390 1228 441 gubernatione
1251 388 1515 439 neglegentia
1536 392 1597 426 est
1618 385 1735 424 navis
1758 398 1914 430 eversa,

162 456 294 494 maius
327 461 388 494 cst
420 459 633 506 peccatum
667 454 705 491 iu
738 466 838 492 auro
872 466 994 505 quam
1028 453 1067 491 in
1101 453 1233 504 palea.
1281 451 1482 489 Omnibus
1514 449 1623 488 enim
1656 448 1811 487 artibus
1844 461 1915 486 vo-

162 517 294 555 lumus
326 517 561 555 attributam
595 528 684 553 esse
717 528 828 560 eam,
861 528 967 567 quae
999 514 1229 553 communis
1261 513 1495 565 appellatur
1521 511 1758 565 prudentia,
1791 514 1946 562 quam-⁷1

161 590 322 622 omnes,
355 578 601 628 cuicumque
627 574 799 615 artilicio
831 582 1049 627 praesunt,
1083 576 1234 614 debent
1264 576 1430 615 babere.
1478 576 1537 614 Ita
1566 588 1617 613 ne
1640 573 1718 614 hoc
1746 572 1914 626 quidem

163 640 284 679 modo
318 639 430 689 paria
463 645 632 690 peccata
664 645 772 676 sunt.

272 700 458 737 xxviii.
492 698 555 737 77.
586 700 763 750 Urguent
797 705 934 738 tamen
971 706 1011 738 et
1041 700 1142 738 nibil
1167 701 1394 739 remittunt.
1450 700 1672 747 Quoniam,
1705 697 1916 750 inquiunt,

159 774 280 800 omne
323 767 535 813 peccatum
569 760 865 799 imbecillitatis
898 767 937 799 et
969 761 1274 800 inconstantiae
1307 768 1392 808 est,
1432 761 1535 800 haec
1575 767 1710 801 autem
1745 760 1842 799 vitia
1875 759 1914 798 in

159 823 352 862 omnibus
385 822 520 861 stultis
553 835 684 874 aeque
719 835 864 872 magua
893 828 1008 868 sunt,
1042 836 1213 862 necesse
1237 829 1298 862 est
1321 824 1435 875 paria
1458 837 1546 862 esse
1570 829 1763 876 peccata:
1796 821 1915 873 quasi
1936 827 1966 854 10

160 898 254 924 vero
288 891 357 923 aut
388 884 639 923 coin-edatur
670 885 707 922 in
742 884 932 923 omnibus
965 885 1100 924 stultis
1132 898 1266 938 aeque
1299 898 1445 935 magna
1477 898 1567 924 esse
1591 885 1688 924 vitia
1710 890 1750 922 et
1772 882 1915 922 eadem

158 946 439 986 imbecillitate
473 953 513 985 et
543 947 821 985 inconstantia
853 946 897 988 L,
931 947 1139 985 'I'ubulum
1171 947 1318 993 fuisse,
1352 960 1432 999 qua
1456 947 1592 992 illum,
1625 946 1742 985 cuius
1765 947 1797 985 is
1820 960 1917 985 con-

158 1008 376 1048 demnatus
409 1015 469 1048 cst
501 1009 740 1060 rogatione,
782 1009 823 1047 P.
861 1009 1125 1056 Scaevolam,
1158 1015 1197 1048 et
1229 1009 1347 1062 quasi
1380 1009 1481 1048 nibil
1516 1010 1623 1047 inter
1653 1022 1716 1047 res
1749 1021 1916 1060 quoque

157 1071 289 1123 ipsas,
323 1071 363 1109 iu
397 1070 546 1123 quibus
580 1076 794 1122 peccatur,
827 1070 1008 1117 Intersit,
1037 1078 1102 1117 ut,
1135 1086 1216 1123 quo
1248 1072 1324 1110 hae
1358 1071 1534 1110 maiores
1562 1072 1795 1110 minoresve
1821 1070 1915 1115 sint,

156 1146 204 1172 eo
237 1146 344 1186 quae
377 1139 600 1185 peccentur
631 1133 672 1171 in
704 1132 767 1171 his
799 1132 922 1171 rebus
953 1139 1023 1172 aut
1054 1134 1209 1173 maiora
1243 1134 1326 1172 sint
1356 1139 1427 1172 aut
1449 1133 1631 1172 minoral
1678 1130 1743 1170 78.
1770 1132 1916 1184 ltaque
1934 1138 1967 1166 15

156 1218 209 1222 —
239 1196 319 1234 iam
359 1195 468 1234 enim
512 1194 781 1234 concludatur
822 1196 952 1235 oratio
984 1218 1036 1224 —-
1067 1196 1144 1236 boc
1187 1210 1269 1235 uno
1302 1196 1402 1235 vitio
1443 1196 1622 1235 maxime
1654 1194 1754 1233 mibi
1786 1194 1914 1247 premi

156 1258 349 1297 videntur
386 1257 444 1296 tui
493 1258 643 1303 Stoici,
690 1257 802 1310 quod
842 1272 884 1297 se
932 1272 1056 1310 posse
1096 1264 1241 1312 putant
1280 1259 1383 1297 duas
1425 1257 1652 1298 contrarias
1691 1255 1918 1296 sententias

156 1320 358 1372 optinere.
419 1319 529 1366 Quid
571 1320 680 1357 onim
725 1325 787 1358 est
826 1325 908 1358 tam
948 1334 1185 1373 repugnans
1218 1334 1342 1374 quam
1384 1321 1561 1360 eundem
1602 1320 1761 1366 dicere,
1805 1318 1917 1372 quod

155 1383 376 1422 honestum
419 1382 492 1427 sit,
534 1382 668 1421 solum
711 1381 750 1420 id
790 1382 945 1420 bonum
979 1396 1089 1429 esse,
1131 1383 1199 1436 qui
1232 1384 1344 1422 dicat
1373 1383 1667 1436 appetitionem
1698 1395 1835 1421 rerum
1866 1381 1917 1420 ad

156 1444 378 1484 vivendum
412 1443 815 1483 acconnnodatarum
848 1458 871 1483 a
903 1451 1048 1484 natura
1080 1445 1335 1498 profectam?
1381 1446 1443 1484 Ita
1474 1459 1567 1484 cum
1600 1457 1647 1484 ea
1679 1444 1825 1484 volunt
1854 1457 1918 1484 re·
1931 1450 1966 1478 20

159 1508 311 1553 tinere,
359 1520 465 1560 quae
513 1507 720 1558 superiori
763 1507 993 1546 sententiae
1033 1509 1307 1555 conveniunt,
1353 1509 1394 1547 in
1435 1507 1671 1547 Aristonem
1707 1499 1918 1546 incidunt:

158 1583 250 1609 cum
293 1570 332 1608 id
376 1569 565 1620 fugiunt,
607 1582 650 1607 re
693 1568 839 1607 eadem
881 1568 1111 1608 defendunt
1152 1584 1258 1622 quae
1290 1569 1576 1622 Peripatetici,
1621 1568 1746 1608 verba
1776 1573 1920 1608 tenent

156 1630 381 1671 mordicus.
435 1632 551 1678 Quae
583 1644 725 1670 rursus
758 1630 856 1669 dum
889 1631 965 1670 sibi
998 1632 1117 1671 evelli
1150 1646 1202 1671 ex
1234 1646 1305 1672 ore
1336 1632 1502 1679 nolunt,
1539 1631 1794 1671 horridiores
1826 1643 1919 1669 eva-

157 1693 279 1740 dunt,
317 1694 572 1746 asperiores,
612 1693 799 1732 duriores
841 1699 881 1732 et
920 1694 1107 1732 oratione
1140 1700 1180 1733 et
1211 1695 1406 1734 moribus.
1474 1692 1539 1733 79.
1578 1694 1712 1742 Quam
1750 1693 1916 1732 illorum

155 1756 364 1796 tristitiam
395 1762 521 1809 atque
553 1756 818 1808 asperitatem
849 1755 1014 1807 fugiens
1046 1757 1264 1796 Panaetius
1297 1771 1373 1796 nec
1406 1757 1672 1796 acerbitatem
1695 1755 1917 1795 sententia·
1931 1763 1967 1791 25

156 1832 244 1857 rum
277 1831 353 1857 nec
387 1818 617 1857 disserendi
649 1819 789 1870 spinas
821 1819 1032 1871 probavit,
1072 1818 1234 1872 fuitque
1267 1819 1306 1858 in
1340 1819 1470 1859 altero
1503 1832 1652 1872 genere
1684 1819 1844 1865 mitior,
1876 1818 1918 1856 in

158 1881 288 1920 altero
321 1881 540 1928 illustrior,
583 1894 832 1934 semperque
874 1881 1019 1920 babuit
1050 1882 1090 1920 in
1125 1895 1194 1920 ore
1228 1882 1463 1929 Platonem,
1506 1881 1795 1928 Aristotelem,
1836 1882 1919 1920 Xe-

156 1949 389 1989 nocratem,
422 1943 769 1996 Theophrastum,
802 1943 1113 1989 Dicaearchum,
1145 1950 1187 1983 ut
1215 1944 1346 1996 ipsius
1369 1945 1523 1997 scripta
1547 1944 1779 1984 declarant:
1812 1956 1918 1996 quos

158 2007 325 2058 quidem
359 2006 432 2045 tibi
456 2006 640 2045 studiose
666 2011 705 2044 et
727 2006 947 2057 diligenter
968 2006 1205 2045 tractandos
1227 2020 1377 2058 magno
1401 2020 1526 2059 opere
1550 2019 1714 2046 censeo.
1746 2003 1812 2043 80.
1836 2004 1917 2043 Sed

158 2069 358 2121 quoniam
391 2075 429 2107 et
459 2069 768 2120 advesperascit
799 2074 837 2106 et
869 2067 968 2105 mihi
1002 2067 1052 2106 ad
1086 2068 1224 2107 villam
1257 2070 1550 2108 revertendum
1583 2073 1663 2114 est,
1695 2080 1803 2106 nunc
1826 2066 1967 2119 qui-39

158 2131 250 2169 dem
282 2131 502 2177 haetenus,
533 2145 675 2170 verum
709 2131 787 2169 hoc
818 2130 927 2169 idem
960 2129 1159 2169 faciamus
1192 2143 1330 2182 saepe.
1382 2132 1465 2170 Nos
1497 2144 1617 2178 vero,
1656 2129 1794 2182 inquit
1824 2129 1917 2176 ille;

158 2206 251 2232 nam
295 2193 393 2244 quid
434 2207 657 2246 possumus
698 2192 833 2231 facere
866 2192 1043 2230 melius?
1085 2196 1125 2230 et
1156 2191 1261 2231 hanc
1293 2193 1462 2245 quidem
1495 2193 1668 2245 primam
1701 2192 1863 2245 exigam
1896 2204 1919 2231 a

159 2260 198 2294 te
232 2268 422 2308 operam,
464 2262 508 2294 ut
550 2256 696 2294 audias
728 2268 811 2300 me,
854 2268 960 2306 quae
992 2267 1012 2292 a
1045 2260 1083 2293 te
1115 2253 1225 2293 dicta
1256 2260 1373 2301 sunt,
1415 2255 1697 2302 refellentem3
1731 2255 1802 2294 sed
1834 2267 1919 2293 me-

158 2323 296 2356 mento
338 2323 396 2363 te,
436 2330 542 2370 quae
575 2331 648 2356 nos
681 2317 928 2362 sentiamus,
969 2316 1107 2355 omnia
1140 2316 1339 2368 probare,
1372 2318 1452 2356 nisi
1486 2316 1599 2370 quod
1632 2317 1767 2356 verbis
1799 2316 1920 2356 aliter

158 2385 341 2426 utamur,
385 2379 483 2418 mihi
515 2386 649 2418 autem
683 2384 911 2418 vestrorum
944 2378 1049 2417 nihil
1080 2378 1258 2431 probari.
1318 2379 1590 2431 scrupulum,
1626 2379 1816 2431 inquam,
1848 2378 1918 2418 ab·
1932 2385 1969 2413 35

159 2442 295 2488 eunti,
328 2441 400 2481 sed
437 2441 680 2481 videbimus.
732 2442 847 2489 Quae
880 2454 974 2480 cum
1006 2446 1146 2480 esseut
1177 2440 1308 2487 dicta,
1341 2440 1622 2480 discessimus.

247 2632 276 2662 1¹.
303 2635 331 2662 e!
355 2633 434 2662 ante
455 2635 557 2670 polest
583 2640 652 2662 om.
680 2632 702 2662 B
731 2650 765 2653 —
793 2632 824 2662 6.
850 2632 1041 2670 cuicumque
1065 2630 1270 2670 Madvigius:
1299 2630 1354 2669 qui
1377 2630 1493 2668 cuique
1517 2628 1619 2660 codd.
1648 2630 1762 2669 (etiam
1784 2629 1860 2669 BC)
1885 2631 1920 2660 et

160 2680 185 2711 Ο
213 2698 247 2702 -
276 2681 399 2719 presint
424 2682 446 2711 B
473 2682 552 2719 (uon
579 2681 603 2711 F
646 2697 680 2701 -—
716 2681 844 2718 quidem
869 2681 962 2711 modo
985 2681 1085 2719 paria
1112 2680 1320 2710 Lambinus:
1357 2680 1452 2710 modo
1478 2679 1580 2718 paria
1604 2679 1732 2718 quidem
1756 2678 1859 2710 codd.
1886 2680 1920 2710 et

160 2730 190 2761 M
205 2730 246 2760 O:
275 2730 317 2760 cs.
338 2731 383 2765 ΙΙ,
411 2730 498 2770 ἓ3ῖ.
523 2747 550 2751 ψ
583 2731 612 2760 7.
632 2731 694 2760 sint
715 2731 738 2761 [ἐ
760 2748 793 2752 -
821 2731 851 2761 8.
873 2731 1045 2769 Quoniam]
1064 2738 1164 2768 quam
1180 2731 1203 2760 B
1224 2747 1258 2751 —
1287 2730 1316 2760 9.
1342 2730 1434 2770 vilia]
1460 2732 1534 2760 sunt
1555 2729 1642 2759 vicia
1666 2730 1689 2760 B
1715 2746 1749 2751 —
1778 2728 1829 2760 44.
1847 2729 1919 2767 hae]

159 2788 217 2810 nec
243 2780 283 2810 13:
311 2789 348 2810 ne
374 2780 397 2810 E
426 2798 460 2802 —
496 2781 542 2811 15.
570 2780 692 2820 Itaque]
718 2784 816 2818 alque
840 2781 862 2811 B
890 2787 969 2817 (non
988 2781 1021 2817 E)
1045 2798 1078 2803 —
1107 2780 1158 2810 46.
1184 2779 1300 2819 premi]
1322 2780 1423 2818 primi
1447 2779 1509 2810 BE
1531 2795 1564 2800 —-
1592 2778 1748 2809 48.e11i=m
1771 2781 1815 2809 esc
1840 2778 1917 2809 BE:

161 2832 204 2859 est
227 2829 310 2859 enim
335 2827 406 2861 alii:
434 2830 517 2859 enim
541 2832 623 2868 (om.
649 2833 701 2866 eslj
730 2831 798 2860 ΜΟ
825 2847 858 2851 -
888 2831 938 2861 ΞΟ.
966 2830 1217 2860 accommodare
1240 2834 1361 2859 natura
1387 2830 1410 2859 B
1435 2846 1467 2850 —
1495 2828 1547 2859 23.
1572 2829 1737 2859 mordicus
1760 2837 1830 2859 om.
1856 2828 1919 2858 BE

162 2879 271 2917 spatio
296 2886 406 2908 x‘acuo
432 2878 563 2909 relicto.
601 2880 659 2918 (De
686 2880 709 2910 E
736 2879 923 2919 Madvigius
948 2878 1053 2910 salsus
1079 2880 1154 2915 est..
1183 2895 1217 2900 —
1252 2887 1293 2909 cas
1317 2887 1372 2908 ore
1397 2878 1585 2909 Manutius:
1612 2887 1654 2909 ex
1678 2880 1790 2910 ordine
1815 2878 1918 2910 codd.

164 2927 282 2966 (etiam
309 2928 348 2966 E)
384 2929 417 2958 et
449 2929 517 2959 ΜΟ
552 2945 585 2949 -
621 2928 729 2959 volunt
754 2929 776 2958 Β
810 2947 844 2950 -
876 2929 928 2959 32.
963 2928 1050 2968 quid]
1085 2929 1169 2966 quod
1193 2928 1255 2958 BE
1282 2945 1315 2949 —
1345 2928 1394 2958 33.
1423 2936 1584 2966 operam·
1602 2945 1618 2950 -
1636 2937 1658 2959 a
1682 2932 1711 2959 te
1734 2936 1802 2959 om.
1830 2928 1854 2959 E
1881 2944 1915 2948 —

163 2975 214 3007 34.
242 2977 302 3006 nisi
327 2980 350 3006 (j
377 2980 408 3007 et
434 2978 626 3009 Manutius:
652 2978 685 3008 m'
710 2979 816 3009 ceteri
833 2977 935 3009 codd.
958 2995 991 2999 —
1020 2978 1097 3016 quid
1120 2979 1142 3008 B
1170 2980 1250 3016 (nou
1268 2977 1303 3015 E)
1325 2994 1358 2999 -
1386 2976 1437 3008 36.
1456 2985 1520 3008 esse
1537 2978 1624 3008 dicta
1639 2978 1662 3008 B
1679 2978 1702 3010 E
1723 2994 1754 3000 —
1776 2977 1921 3016 Emplicit

162 3025 241 3056 liber
264 3030 402 3065 quartus
427 3028 462 3057 B.
