2249 3624
624 122 712 162 Lm.
744 121 796 161 11.
837 121 935 162 cip.
966 121 1080 162 xlx.
1115 119 1174 174 ὃς
1206 118 1394 160 237-602.
1833 114 1886 156 ⁶23

124 238 158 279 si
188 249 287 278 vera
317 240 412 276 sunt
454 248 560 290 quae
598 234 649 275 de
691 234 902 274 Carneade
939 247 1023 274 non
1056 233 1160 273 nulli
1192 233 1446 272 existimant.
1508 233 1550 272 Si
1583 233 1692 272 enim
1725 233 1886 286 percipi

124 300 228 340 nihil
259 304 416 353 potest,
447 297 560 352 quod
592 298 760 351 utrique
783 297 914 337 visum
942 303 1023 343 est,
1055 296 1267 336 tollendus
1289 295 1491 335 adsensus
1515 300 1589 335 est.
1640 294 1751 343 Quid
1775 295 1885 334 enim

124 368 187 403 est
224 368 305 402 tam
344 361 463 401 futile
506 374 630 414 quam
671 360 896 414 quicquam
938 359 1168 412 adprobare
1211 372 1295 397 uon
1339 359 1581 408 cognitum?
1633 357 1888 397 Carneadem

124 431 261 466 autem
292 425 415 464 etiam
446 424 534 464 heri
565 423 837 463 audiebamus
870 422 1038 461 solitum
1063 435 1153 460 esse
1176 434 1225 459 eo
1250 420 1386 460 delabi
1413 421 1635 466 interdum,
1666 425 1711 459 ut
1731 419 1890 459 diceret

124 488 408 541 opinaturum,
450 486 491 525 id
532 492 616 532 est,
656 490 922 537 peccaturum
965 497 1055 523 esse
1095 484 1339 537 sapientem.
1391 482 1490 522 Mihi
1532 495 1658 535 porro
1689 495 1774 521 non
1805 487 1920 521 tam5

126 555 282 589 certum
314 553 377 588 est
407 561 497 587 esse
529 546 711 599 aliquid,
751 546 865 599 quod
897 546 1179 598 conprehendi
1218 545 1369 597 possit,
1405 545 1454 583 de
1486 557 1569 598 quo
1601 544 1682 583 iam
1714 543 1890 582 nimium

125 613 245 652 etiam
278 609 348 650 diu
381 609 573 662 disputo,
605 623 729 662 quani
763 608 995 660 sapientem
1028 608 1129 647 nihil
1162 609 1344 660 opinari,
1378 608 1418 646 id
1453 613 1533 654 est,
1565 618 1791 658 numquam
1819 603 1892 643 ad-

124 672 267 713 sentiri
299 671 358 710 rei
391 672 456 711 vel
487 671 615 710 salsae
647 670 711 709 vel
746 670 996 721 incognitae.
1055 668 1120 707 tit).
1154 670 1292 709 Restat
1326 669 1448 715 illud,
1481 669 1594 722 quod
1617 667 1773 713 dicunt,
1805 666 1892 705 veri

123 733 368 775 inveniundi
400 746 524 772 causa
555 738 698 772 contra
730 733 869 771 onmia
892 732 973 771 dici
1006 737 1196 785 oportere
1219 737 1259 770 et
1287 746 1360 784 pro
1385 732 1592 770 omnibus.
1639 729 1745 769 Volo
1767 728 1894 781 igitur

123 796 264 836 videre
297 795 396 849 quid
429 796 676 834 invenerint.
720 795 811 833 Nou
834 794 1038 840 solemus,
1071 794 1228 846 inquit,
1260 794 1494 833 ostendere.
1546 794 1664 841 Quae
1687 796 1786 831 sunt
1804 797 1942 831 tan-40

124 858 217 898 dem
250 858 328 896 ista
359 857 581 911 mysteria?
613 863 685 897 aut
715 871 789 895 cur
820 856 978 902 celatis,
1012 857 1131 909 quasi
1166 862 1283 908 turpe
1316 856 1490 908 aliquid,
1523 855 1770 894 sententiam
1801 867 1895 893 ves-

125 921 257 960 tram?
302 919 371 966 Ut,
403 920 476 973 qui
508 920 701 967 audient,
734 919 885 972 inquit,
909 919 1072 957 ratione
1096 918 1236 970 potius
1259 931 1383 970 quan]
1408 919 1652 957 auctoritate
1676 916 1894 956 ducantur.

126 981 258 1029 Quid,
290 981 324 1020 si
355 988 556 1034 utroque,
590 995 686 1021 num
720 982 838 1035 peius
871 982 960 1020 est‘?
1011 980 1143 1019 Unum
1178 986 1316 1019 tamen
1348 979 1451 1018 illud
1484 992 1568 1018 non
1600 979 1757 1025 celant,
1789 977 1895 1017 nihil

125 1057 216 1084 esse
249 1044 363 1097 quod
395 1045 550 1098 percipi
582 1044 728 1098 possit.
779 1045 842 1083 Au
873 1043 915 1082 in
947 1056 996 1083 eo
1027 1042 1255 1082 auctoritas
1287 1041 1390 1080 nihil
1421 1041 1568 1081 obest?
1600 1040 1702 1080 Mihi
1725 1040 1894 1093 quidem

123 1106 288 1147 videtur
319 1105 383 1146 vel
414 1107 654 1160 plurimum.
705 1106 809 1155 Quis
850 1105 960 1144 enim
996 1105 1075 1145 ista
1106 1110 1188 1144 tam
1220 1109 1361 1157 aperte
1393 1104 1701 1157 perspicueque
1733 1107 1773 1142 et
1802 1113 1945 1154 per-45

124 1183 243 1210 versa
273 1174 314 1209 et
344 1168 448 1208 salsa
478 1175 644 1209 secutus
676 1174 807 1216 esset,
854 1168 933 1207 nisi
976 1173 1088 1207 tanta
1121 1168 1160 1206 in
1192 1166 1400 1213 Arcesila,
1447 1165 1578 1205 multo
1610 1165 1734 1205 etiam
1765 1163 1897 1203 maior

124 1234 164 1272 in
198 1231 409 1272 Carneade
442 1238 483 1272 et
513 1232 632 1284 copia
662 1245 798 1271 rerum
831 1235 871 1270 et
902 1230 1069 1270 dicendi
1101 1231 1162 1270 vis
1192 1229 1374 1269 fuisset?

237 1294 351 1333 XIX.
383 1291 448 1333 61.
487 1294 600 1333 Haec
630 1293 860 1333 Antiochus
900 1292 986 1333 fere
1019 1299 1059 1332 et
1089 1292 1378 1332 Alexandreae
1412 1297 1497 1331 tum
1530 1295 1572 1330 et
1602 1289 1745 1329 multis
1775 1288 1896 1328 annis

124 1362 218 1411 post
248 1356 376 1396 multo
409 1356 532 1396 etiam
563 1355 904 1402 adseverantius,
936 1356 977 1394 in
1010 1356 1129 1409 Syria
1160 1369 1251 1394 cum
1285 1360 1395 1394 esset
1427 1367 1609 1401 mecum,
1640 1353 1768 1406 paulo
1799 1356 1897 1391 aute

125 1432 249 1472 quam
281 1423 343 1457 est
372 1424 575 1458 mortuus.
626 1418 708 1457 Sed
740 1419 822 1457 iam
854 1416 1097 1457 confirmata
1124 1431 1248 1457 causa
1271 1424 1329 1464 te,
1363 1416 1577 1456 hominem
1600 1414 1897 1455 amicissimum
1911 1427 1948 1456 20

123 1502 176 1510 —
209 1494 273 1519 me
312 1485 450 1520 autem
491 1480 731 1533 appellabat
761 1501 815 1509 —-
847 1486 886 1519 et
926 1480 1088 1533 aliquot
1118 1481 1237 1519 annis
1269 1481 1476 1519 minorem
1508 1484 1627 1525 natu,
1660 1491 1747 1517 non
1778 1477 1898 1516 dubi-

125 1543 220 1583 tabo
253 1556 445 1582 monere:
479 1544 620 1590 Tune,
654 1557 745 1582 cum
778 1543 903 1582 tantis
935 1543 1127 1583 laudibus
1158 1542 1469 1595 philosophiam
1494 1540 1696 1581 extuleris
1718 1540 1900 1579 Horten-

124 1605 318 1659 siumque
349 1610 537 1645 nostrum
569 1605 886 1645 dissentientem
919 1605 1217 1652 commoveris,
1251 1618 1341 1644 eam
1371 1603 1686 1657 philosophiam
1708 1614 1898 1656 sequere,

125 1682 232 1721 quae
265 1667 486 1708 confundit
515 1682 613 1708 vera
645 1682 737 1708 cum
764 1667 904 1714 falsis,
937 1669 1087 1722 spoliat
1108 1681 1186 1707 nos
1208 1668 1389 1714 iudicio,
1422 1667 1555 1720 privat
1577 1664 1898 1718 adprobatione,

124 1730 317 1771 omnihus
349 1731 467 1770 orbat
507 1731 728 1771 sensibus?
770 1731 822 1770 Et
853 1730 1085 1770 Cimmeriis
1117 1730 1308 1783 quidem,
1342 1730 1495 1784 quibus
1526 1728 1769 1782 adspectum
1797 1726 1948 1770 solis25

125 1794 211 1833 sive
245 1792 346 1832 deus
377 1793 529 1846 aliquis
561 1794 646 1834 sive
679 1799 825 1833 natura
856 1793 1070 1833 ademerat
1100 1794 1187 1833 sive
1221 1793 1309 1833 eius
1341 1792 1447 1839 loci,
1488 1805 1611 1845 quem
1648 1788 1900 1836 incolebant,

125 1857 250 1903 situs,
282 1855 401 1908 ignes
434 1860 573 1895 tamen
605 1856 798 1902 aderant,
832 1869 1008 1909 quorum
1040 1856 1120 1895 illis
1151 1856 1211 1895 uti
1245 1855 1402 1894 lumine
1435 1854 1610 1894 licebat:
1643 1852 1714 1892 isti
1745 1856 1899 1899 autem,

127 1931 232 1972 quos
264 1924 308 1958 tu
340 1918 511 1970 probas,
544 1919 669 1958 tantis
702 1918 848 1957 offusis
870 1917 1062 1958 *tenebris
1095 1931 1147 1957 ne
1181 1917 1405 1957 scintillam
1429 1916 1600 1970 quidem
1630 1915 1758 1955 ullam
1780 1914 1899 1954 nobis

127 1980 178 2020 ad
220 1979 530 2033 dispiciendum
571 1981 856 2034 reliquerunt:
898 1995 1004 2035 quos
1050 1981 1083 2021 si
1117 1993 1363 2033 sequamur,
1406 1980 1456 2018 iis
1487 1978 1637 2018 vinclis
1668 1978 1798 2018 simus
1829 1976 1901 2016 ad-

128 2043 278 2090 stricti,
325 2048 368 2081 ut
412 2055 489 2082 nos
537 2056 797 2083 commovere
843 2057 1115 2096 nequeamus.
1178 2042 1243 2081 62.
1285 2042 1453 2081 Sublata
1496 2041 1606 2081 enim
1646 2039 1948 2082 adsensioneso

129 2117 293 2144 omnem
325 2110 367 2144 et
406 2110 563 2144 motum
597 2106 830 2145 animorum
863 2110 904 2145 et
937 2106 1142 2145 actionem
1176 2119 1315 2146 rerum
1347 2104 1626 2144 sustulerunt:
1670 2103 1783 2156 quod
1814 2115 1901 2141 non

129 2167 251 2206 modo
283 2173 394 2206 recte
424 2167 536 2215 fieri,
569 2168 641 2207 sed
675 2170 846 2208 omnino
877 2167 968 2207 fieri
1000 2181 1083 2207 non
1116 2173 1267 2221 potest.
1313 2166 1489 2206 Provide
1513 2166 1637 2205 etiam
1659 2179 1711 2204 ne
1732 2165 1804 2204 uni
1826 2164 1900 2204 tibi

128 2230 248 2269 istam
280 2230 527 2270 sententiam
560 2230 728 2270 minime
762 2230 884 2270 liceat
916 2227 1152 2270 defendere.
1204 2232 1266 2269 An
1293 2235 1359 2276 tu,
1392 2242 1486 2267 cum
1508 2242 1574 2267 res
1596 2227 1901 2268 occultissimas

129 2292 341 2344 aperueris
382 2292 424 2331 in
469 2292 691 2347 lucemque
734 2293 955 2346 protuleris
1004 2292 1252 2346 iuratusque
1292 2291 1451 2331 dixeris
1495 2303 1543 2330 ea
1582 2295 1622 2329 te
1660 2289 1901 2342 conperisse

217 2492 247 2523 4.
272 2491 398 2522 nonulli
421 2490 461 2523 A¹
487 2509 522 2514 —-
556 2492 720 2523 extimant
743 2501 775 2523 se
799 2492 883 2523 enim
908 2490 947 2521 Ψ
974 2508 1009 2514 -
1047 2492 1078 2522 ⁵2.
1104 2492 1215 2531 utique
1238 2490 1266 2520 V
1295 2507 1328 2512 —
1365 2489 1396 2522 4.
1424 2489 1625 2520 audebamus
1648 2485 1741 2519 A¹V¹
1767 2505 1802 2509 —
1838 2496 1903 2519 esse

129 2541 234 2573 delabi
259 2542 304 2578 (ἒς
335 2550 400 2573 esse
430 2550 466 2572 eo
490 2541 556 2572 labi
580 2542 726 2576 Das-ies:
759 2552 794 2573 eo
828 2541 933 2573 delabi
960 2542 1037 2578 (om.
1065 2542 1139 2579 esse)
1167 2541 1256 2571 coni.
1283 2540 1440 2577 lirnesti3
1472 2539 1533 2569 huc
1556 2538 1686 2569 solitum
1710 2545 1775 2568 esse
1798 2536 1903 2568 delabi

130 2591 265 2628 Lamb.;
291 2600 356 2623 esse
379 2600 414 2622 eo
438 2591 543 2622 delabi
569 2591 662 2622 dedit
688 2592 844 2623 Goerenz
871 2609 904 2613 —
933 2593 952 2622 5
971 2593 1004 2622 et
1022 2592 1052 2621 7.
1080 2592 1113 2622 id
1135 2591 1190 2631 cst]
1215 2591 1300 2622 idem
1323 2590 1351 2620 V
1376 2598 1467 2621 corr.
1494 2589 1527 2620 in
1551 2589 1627 2619 item
1652 2605 1688 2611 —-
1722 2588 1752 2619 6.
1778 2591 1905 2619 certum

129 2650 194 2672 esse
218 2640 257 2672 Α1
282 2658 317 2663 -—-
343 2641 479 2681 conpedi
502 2640 542 2672 Α1
569 2659 602 2662 -
636 2642 734 2672 eliam
766 2643 905 2672 ninnium
929 2641 1049 2673 Lamb.
1079 2659 1113 2663 —
1149 2642 1200 2672 40.
1226 2640 1388 2672 inuenerit
1414 2641 1437 2669 t:
1467 2657 1500 2661 -—
1532 2639 1647 2678 inquid
1670 2639 1699 2669 V
1725 2656 1760 2660 —
1794 2638 1904 2668 ladem

130 2689 222 2722 A²V¹
249 2708 284 2711 —
312 2691 363 2721 Μ.
392 2692 453 2721 isla
476 2691 500 2722 B
527 2691 559 2722 in
585 2700 695 2731 marg.
723 2710 757 2714 -
785 2692 836 2722 12,
862 2696 897 2722 uc
923 2693 1000 2730 quid
1026 2693 1047 2722 B
1071 2709 1103 2713 -
1132 2691 1247 2728 inquid.
1273 2690 1295 2721 C
1322 2707 1364 2712 —
1389 2688 1439 2719 43.
1466 2692 1606 2727 ulroque
1630 2687 1708 2718 cod.
1736 2686 1901 2719 Cantahr.

131 2742 165 2771 et
189 2740 271 2779 Reg.
298 2740 426 2772 Davisii
450 2741 468 2771 2
493 2749 561 2771 m.:
597 2744 774 2781 *utrumque
799 2742 822 2772 C
852 2760 888 2764 —-
914 2745 959 2773 est
982 2744 1008 2773 A
1033 2750 1109 2782 sup.
1138 2740 1195 2772 lin.
1226 2759 1252 2762 --
1292 2740 1422 2770 caelant
1446 2739 1492 2775 A,
1519 2738 1663 2769 celamus
1686 2737 1730 2776 V,
1757 2737 1905 2768 celamur

132 2789 220 2820 coni.
248 2788 438 2821 Guilelmus
466 2806 500 2812 —
529 2790 581 2822 ⁴4.
606 2795 709 2830 posset
734 2794 772 2823 A¹
797 2809 832 2813 —
862 2793 912 2823 47.
939 2793 1137 2822 carneadem
1162 2794 1190 2821 ei
1213 2791 1309 2829 copia
1332 2798 1444 2820 rerum
1468 2789 1486 2817 ἓ
1511 2792 1539 2820 et
1563 2787 1601 2819 B¹
1620 2806 1655 2811 —
1682 2788 1734 2818 48.
1761 2787 1904 2818 alavan-

132 2840 230 2870 dreae
254 2840 299 2870 C:
325 2840 549 2872 Alemandriae
576 2841 651 2872 ΨΟ
677 2859 712 2863 ——
741 2842 793 2872 49.
817 2851 876 2882 pos
900 2840 938 2873 A¹
959 2860 994 2866 -
1022 2842 1074 2872 ΞΟ.
1103 2850 1202 2880 quain
1229 2843 1307 2870 esset
1330 2840 1354 2870 E
1376 2857 1409 2861 —
1437 2839 1491 2870 sed
1515 2839 1615 2869 etiam
1639 2837 1678 2869 A¹
1703 2854 1738 2859 —
1766 2838 1819 2868 21.
1839 2837 1905 2868 ali-

133 2890 219 2928 quod
246 2889 286 2919 V¹
312 2907 346 2912 -
379 2890 432 2921 ⁶25.
459 2890 606 2922 omnibus
636 2889 797 2923 GV²rv:
832 2893 919 2923 omni
952 2892 1036 2926 (ΣΕ,
1069 2890 1164 2931 quod
1196 2890 1323 2920 rectius
1356 2889 1388 2919 in
1423 2889 1554 2919 omnino
1591 2888 1716 2928 corrigi
1751 2886 1901 2925 videtur,

134 2940 171 2969 ut
194 2946 298 2979 supra
323 2947 356 2980 p.
376 2940 427 2978 ⁴5,
447 2940 487 2972 33
512 2942 600 2972 omni
625 2951 686 2982 pro
711 2943 842 2972 omnino
867 2941 970 2973 codd.
998 2940 1147 2973 habent:
1175 2940 1218 2970 de
1244 2939 1414 2970 sententia
1441 2938 1483 2969 cf.
1512 2937 1596 2969 infra
1621 2947 1654 2979 p.
1681 2939 1734 2976 ⁶27,
1761 2937 1802 2970 34
1823 2938 1905 2972 (ad-

131 2987 324 3027 probatione
347 2989 450 3028 omni,
477 2990 571 3021 orbat
595 2990 650 3022 ed.
670 2991 876 3030 Victoriana)
906 3009 940 3012 —
968 2991 1109 3021 cirneriis
1132 2993 1155 3021 Α
1172 2990 1196 3019 Β
1224 3005 1257 3009 -
1286 2988 1338 3019 ἓὸ.
1366 2989 1470 3027 aliqui
1494 2988 1609 3019 Osann
1633 2986 1731 3019 Anal.
1757 2996 1792 3028 p.
1812 2987 1842 3019 4.
1865 3003 1900 3009 —

135 3037 299 3068 adimerat
322 3035 361 3068 Αι
388 3055 422 3060 -
454 3038 506 3070 29.
534 3040 577 3070 ad
608 3040 690 3079 disp.
718 3040 775 3070 V2:
811 3041 855 3071 ad
879 3040 965 3079 desp.
994 3040 1052 3077 Ψ,
1079 3040 1189 3078 adesp.
1217 3036 1256 3068 A¹
1271 3036 1327 3075 13¹,
1361 3039 1404 3068 ad
1428 3046 1497 3077 asp.
1525 3035 1565 3069 A²
1578 3035 1616 3068 B‘·'
1641 3055 1675 3059 —
1702 3037 1764 3068 hiis
1786 3037 1831 3075 A,
1857 3037 1906 3067 his
1970 3028 1984 3046 ‘

133 3087 163 3117 V
191 3104 225 3109 —
257 3087 398 3126 vinculis
419 3088 444 3119 O
471 3107 506 3112 —
538 3091 665 3121 astricti
696 3092 721 3121 A
750 3108 782 3112 --
822 3090 874 3121 30.
901 3090 1113 3122 sublalcnlcnz
1137 3089 1361 3119 adsensionem
1384 3087 1424 3119 V¹
1451 3105 1486 3111 —
1522 3088 1705 3119 assensione
1727 3095 1854 3118 omnem
1877 3089 1907 3116 et

134 3140 257 3168 motum
289 3136 477 3169 animorum
506 3142 535 3169 el
561 3140 723 3171 rationem
748 3140 818 3178 (sici
846 3149 891 3171 m.
918 3141 937 3171 ’Ξ
968 3141 1001 3171 in
1025 3142 1051 3171 Α
1076 3141 1108 3171 in
1135 3147 1245 3178 marg.
1272 3137 1403 3169 addidit
1430 3156 1464 3160 —
1498 3137 1551 3169 31.
1577 3136 1788 3168 sustullerunt
1810 3135 1904 3167 A¹V¹

137 3205 173 3209 —
195 3186 252 3267 ἒξ..
275 3187 414 3268 ssi-oinde
437 3188 482 3228 E,
510 3190 650 3228 proinde
676 3190 748 3221 vide
773 3189 862 3221 coni.
890 3190 1048 3221 Goerenz
1076 3207 1109 3212 —-
1143 3187 1195 3220 34.
1221 3196 1276 3219 eas
1299 3190 1335 3220 et
1357 3197 1390 3219 v.
1416 3196 1492 3228 seq.
1518 3187 1592 3219 illas
1616 3186 1756 3224 Lamb.;
1791 3185 1833 3218 ci.
1859 3184 1903 3216 ad

133 3244 168 3276 p.
247 3262 254 3275 ,
306 3261 312 3267 .
