2249 3624
632 159 720 198 Lm.
751 159 799 199 V.
841 158 937 199 CAP.
968 158 1111 197 1—11.
1149 156 1208 210 §§
1241 154 1375 196 4—6.
1817 151 1897 194 ⁴77

138 273 389 326 requirentis
421 272 582 324 species
615 271 822 324 quaedam
853 272 1099 318 commovit,
1140 271 1319 310 inaniter
1350 269 1530 314 scilicet,
1573 267 1644 307 sed
1677 267 1899 306 commovit

140 340 290 374 tamen.
339 335 443 373 Tum
476 335 748 387 Pomponius:
780 335 832 373 At
863 348 958 386 ego,
991 347 1116 387 quem
1139 347 1210 372 vos
1232 340 1273 372 nt
1297 333 1481 371 deditum
1504 331 1686 384 Epicuro
1708 329 1898 369 insectari

138 397 303 443 soletis,
336 410 426 436 sum
459 397 633 435 multum
666 396 860 449 equidem
883 412 975 436 cum
1000 396 1200 441 Phaedro,
1231 408 1355 448 quem
1385 395 1505 433 unice
1528 392 1678 445 diligo,
1708 398 1755 431 ut
1775 392 1901 438 scitis,

139 459 181 498 in
218 459 384 511 Epicuri
427 458 581 503 hortis,
626 473 729 510 quos
763 460 884 497 modo
926 459 1276 512 praeteribamus,
1307 459 1378 497 scd
1411 457 1560 496 veteris
1591 454 1798 507 proverbii
1831 454 1902 493 ad-

139 521 298 560 monitu
342 520 532 559 vivorum
577 521 766 565 memini,
806 534 881 559 nec
912 527 1049 559 tamen
1081 521 1248 573 Epicuri
1282 520 1376 559 licet
1409 519 1620 564 oblivisci,
1661 518 1694 556 si
1726 517 1934 569 cupitum&

138 583 254 621 cuius
295 582 516 632 imaginem
558 594 641 620 non
688 582 812 620 inodo
857 582 897 620 in
939 583 1090 621 tabulis
1131 583 1259 621 nostri
1300 582 1546 629 familiares,
1589 581 1661 621 sed
1698 579 1821 619 etiam
1861 580 1902 618 in

136 643 299 693 poculis
332 648 372 681 et
403 643 444 680 in
476 643 615 681 anulis
648 642 816 682 hahent.

246 705 297 743 ll.
329 703 366 743 4.
401 704 477 742 llic
511 716 610 755 ego,
653 704 908 757 Pomponius
940 706 1131 757 quidem,
1173 707 1364 758 inquam,
1397 712 1539 746 noster
1570 707 1696 746 iocari
1728 705 1904 752 videtur,

134 772 173 805 et
202 765 379 806 fortasse
413 779 489 805 suo
527 766 632 804 iure.
694 767 753 804 lta
785 767 894 805 enim
928 779 971 805 se
1003 768 1175 806 Athenis
1208 769 1449 815 collocavit,
1483 775 1527 808 ut
1558 770 1609 808 sit
1640 782 1771 822 paene
1797 782 1904 808 unus

133 841 184 867 ex
215 828 388 875 Atticis,
429 835 473 867 ut
516 827 558 866 id
603 828 726 867 etiam
759 841 994 880 cognomen
1027 830 1217 869 videatur
1251 830 1481 870 habiturus.
1532 832 1619 882 Ego
1650 836 1785 870 autem
1819 832 1954 878 tibi,⁴0

132 890 239 936 Piso,
272 891 499 937 assentior,
532 903 610 929 usu
643 889 723 928 hoc.
755 891 897 929 venire
930 897 972 930 ut
1003 892 1138 930 acrius
1170 892 1386 945 aliquanto
1419 898 1459 932 et
1490 893 1689 932 attentius
1712 893 1762 932 de
1785 894 1906 933 claris

134 952 229 991 viris
278 953 462 992 locorum
516 952 730 991 admonitu
778 953 1021 1004 cogitemus.
1086 954 1176 993 Scis
1222 955 1330 993 enim
1380 968 1444 994 me
1489 955 1671 1007 quodam
1720 961 1906 1008 tempore

133 1015 417 1067 Metapontum
459 1015 626 1054 venisse
667 1021 800 1054 tecum
843 1028 979 1068 neque
1019 1015 1069 1054 ad
1109 1015 1318 1068 hospitem
1358 1023 1453 1055 ante
1495 1016 1747 1063 devertisse,
1781 1031 1906 1071 quam

134 1076 393 1130 Pythagorae
440 1077 577 1130 ipsum
611 1077 729 1116 illum
762 1077 919 1124 locum,
959 1077 1027 1116 ubi
1061 1079 1184 1117 vitam
1217 1078 1423 1125 ediderat,
1456 1079 1684 1131 sedemque
1716 1079 1907 1119 viderim.

134 1139 224 1179 Hoc
254 1146 393 1179 autem
426 1145 637 1192 tempore,
678 1139 755 1178 etsi
787 1139 916 1178 multa
947 1139 989 1178 in
1022 1141 1134 1179 omni
1170 1145 1285 1192 parte
1316 1140 1573 1180 Athenarum
1605 1146 1701 1180 sunt
1731 1142 1774 1180 in
1805 1142 1958 1194 ipsistb

133 1201 236 1242 locis
269 1202 426 1242 indicia
458 1214 717 1241 summorum
740 1202 947 1249 virorum,
981 1208 1118 1242 tamen
1142 1215 1218 1255 ego
1252 1203 1323 1242 illa
1344 1216 1517 1243 moveor
1538 1203 1735 1243 exhedra.
1784 1203 1907 1244 Modo

134 1265 246 1304 enim
278 1264 359 1304 fuit
391 1265 637 1305 Carneadis:
678 1277 800 1318 quem
834 1265 975 1304 videre
1006 1266 1153 1305 videor
1182 1287 1235 1292 —
1267 1271 1330 1305 est
1362 1266 1472 1304 enim
1504 1270 1602 1305 nota
1632 1266 1769 1317 imago
1802 1289 1853 1294 —
1885 1279 1908 1305 a

136 1327 321 1381 sedeque
366 1328 458 1380 ipsa
498 1333 612 1366 tanta
653 1327 810 1379 ingenii
851 1329 1139 1380 magnitudine
1183 1327 1324 1367 orbata
1357 1328 1588 1368 desiderari
1619 1328 1731 1368 illam
1764 1342 1907 1368 vocem

133 1395 248 1443 puto.
300 1389 336 1429 ὅ.
370 1391 474 1429 Tum
507 1389 623 1436 Piso,
657 1389 864 1436 Quoniam
896 1390 1022 1442 igitur
1053 1390 1213 1444 aliquid
1246 1404 1405 1437 omnes,
1438 1390 1541 1443 quid
1563 1389 1717 1429 Lucius
1738 1392 1908 1430 noster?

132 1451 293 1505 inquit,
335 1464 388 1491 an
430 1465 526 1491 eum
566 1452 703 1491 locum
744 1451 924 1492 libenter
963 1452 1125 1499 invisit,
1166 1453 1236 1492 ubi
1274 1452 1578 1492 Demosthenes
1609 1458 1650 1492 et
1678 1452 1908 1492 Aeschines
1923 1460 1959 1488 90

135 1515 244 1554 inter
285 1528 330 1555 se
374 1514 587 1554 decertare
625 1514 736 1554 soliti
775 1517 900 1554 sunt‘l
945 1528 1021 1554 suo
1064 1515 1174 1554 enim
1206 1529 1315 1555 unus
1348 1516 1527 1569 quisque
1560 1514 1698 1556 studio
1729 1516 1908 1555 maxime

136 1577 312 1617 ducitur.
362 1578 414 1617 Et
444 1577 534 1624 ille,
567 1590 660 1616 cum
693 1577 952 1625 erubuisset,
983 1577 1097 1624 Noli,
1136 1578 1293 1631 inquit,
1326 1591 1378 1617 ex
1411 1590 1475 1616 me
1507 1590 1730 1631 quaerere,
1763 1579 1835 1631 qui
1865 1579 1908 1618 in

132 1639 396 1679 Phalericum
429 1640 552 1679 etiam
584 1639 895 1687 descenderim,
930 1654 1016 1694 quo
1048 1641 1089 1679 in
1120 1640 1212 1680 loco
1245 1641 1295 1680 ad
1329 1641 1496 1679 tluctum
1529 1640 1645 1679 aiunt
1675 1639 1908 1680 declamare

133 1701 301 1742 solitum
333 1702 672 1749 Demosthenem,
704 1708 749 1742 ut
770 1701 981 1742 fremitum
1003 1708 1263 1742 assuesceret
1284 1715 1386 1742 voce
1408 1702 1590 1741 vincere.
1636 1702 1760 1742 Modo
1783 1703 1908 1742 etiam

129 1764 300 1817 paulum
340 1765 392 1804 ad
425 1765 641 1805 dexteram
674 1764 726 1803 de
757 1765 823 1804 via
855 1764 1084 1813 declinavi,
1129 1771 1174 1804 ut
1205 1766 1255 1805 ad
1287 1765 1436 1804 Pericli
1468 1764 1706 1817 sepulcrum
1738 1765 1908 1804 accede·
1921 1774 1957 1802 25

130 1840 231 1867 rem.
284 1826 548 1879 Quamquam
580 1827 621 1866 id
654 1827 823 1880 quidem
854 1824 1063 1867 inlinitum
1086 1833 1149 1868 est
1179 1829 1221 1868 in
1243 1828 1321 1868 hac
1344 1827 1468 1867 urbe:
1503 1839 1767 1880 quacumque
1795 1828 1905 1866 enim

129 1888 408 1942 ingredimur,
448 1889 491 1928 in
524 1889 663 1942 aliqua
692 1888 865 1929 historia
896 1890 1118 1942 vestigium
1151 1889 1357 1942 ponimus.
1403 1887 1442 1928 6.
1475 1889 1580 1928 Tum
1609 1888 1732 1936 Piso,
1763 1889 1904 1943 Atqui,

132 1951 298 1999 Cicero,
330 1951 487 2005 inquit,
520 1951 598 1991 ista
629 1952 789 1998 studia,
835 1951 869 1991 si
901 1952 952 1992 ad
984 1952 1209 1991 imitandos
1241 1965 1425 1991 summos
1457 1950 1569 1990 viros
1601 1955 1810 2004 spectant,
1842 1951 1905 1991 in-

131 2015 401 2066 geniosorum
432 2019 548 2061 sunt,
591 2013 655 2054 sin
687 2019 847 2053 tantum
878 2014 1004 2054 modo
1036 2014 1087 2054 ad
1121 2013 1277 2053 indicia
1309 2014 1461 2054 veteris
1491 2014 1720 2054 memoriae
1750 2027 1905 2067 cogno-

130 2077 304 2125 scenda,
337 2077 611 2117 curiosorum.
662 2077 720 2115 Te
752 2081 890 2117 autem
920 2076 1137 2116 hortamur
1167 2090 1333 2124 omnes,
1366 2082 1600 2116 currentem
1632 2076 1828 2129 quidem,
1860 2082 1904 2117 ut
1917 2084 1957 2115 30.

130 2153 274 2193 spero,
304 2146 350 2180 ut
379 2152 479 2188 eos,
512 2153 617 2192 quos
649 2140 816 2180 novisse
847 2139 928 2187 vis,
961 2140 1110 2179 imitari
1143 2140 1267 2179 etiam
1291 2139 1409 2179 velis.
1462 2140 1540 2178 Hic
1567 2151 1664 2192 ego,
1695 2139 1785 2179 Etsi
1807 2139 1905 2179 facit

129 2202 198 2242 hic
229 2203 422 2256 quidem,
463 2202 655 2255 inquam,
700 2202 816 2250 Piso,
858 2207 904 2242 ut
933 2202 1073 2250 vides,
1107 2215 1176 2248 ea,
1220 2215 1329 2253 quae
1360 2201 1591 2255 praecipiS,
1631 2206 1771 2241 tamen
1802 2201 1903 2242 mihi

129 2270 246 2318 grata
275 2264 457 2305 hortatio
490 2270 561 2305 tua
592 2270 666 2304 est.
730 2266 835 2304 Tum
866 2265 938 2304 ille
966 2265 1239 2311 amicissime,
1280 2270 1326 2304 ut
1357 2264 1540 2311 solebat,
1573 2265 1658 2303 Nos
1690 2277 1810 2311 vero,
1842 2264 1904 2302 in-

130 2328 240 2381 quit,
281 2340 427 2367 omnes
471 2327 612 2367 omnia
650 2325 703 2367 ad
744 2326 869 2367 huius
910 2327 1240 2367 adulescentiam
1272 2326 1554 2373 conferamus,
1594 2326 1635 2365 in
1672 2326 1903 2380 primisque

129 2395 176 2429 ut
211 2389 373 2442 aliquid
413 2402 582 2429 suorum
625 2388 855 2429 studiorum
894 2389 1187 2442 philosophiae
1225 2402 1397 2443 quoque
1427 2388 1659 2441 impertiat,
1691 2388 1756 2428 vel
1787 2394 1832 2428 ut
1862 2393 1902 2427 te
1916 2395 1953 2424 35

130 2451 336 2499 imitetur,
376 2464 500 2505 quem
541 2457 673 2498 amat,
711 2451 776 2491 vel
814 2457 860 2491 ut
894 2451 998 2490 illud
1036 2452 1195 2504 ipsum,
1237 2451 1352 2505 quod
1394 2450 1555 2497 studet,
1594 2449 1732 2490 facere
1769 2449 1904 2502 possit

132 2515 334 2555 ornatius.
395 2514 478 2554 Sed
517 2519 656 2554 utrum
693 2513 926 2554 hortandus
967 2527 1011 2554 es
1044 2514 1187 2561 nobis,
1229 2514 1355 2560 Luci,
1396 2512 1552 2566 inquit,
1591 2525 1645 2552 an
1677 2513 1800 2552 etiam
1832 2516 1902 2551 tua

219 2684 248 2714 l.
274 2682 419 2714 inaniter
441 2682 505 2714 BC
525 2682 610 2713 DE:
637 2681 748 2712 inanis
772 2682 855 2713 ΜΟ.
884 2681 933 2712 Ct.
960 2681 1065 2713 Acad.
1094 2682 1141 2720 Π,
1168 2681 1186 2721 ἓ
1212 2680 1264 2712 34.
1296 2699 1327 2702 -—
1356 2679 1386 2711 4.
1410 2678 1692 2718 praeteriebamus
1716 2679 1739 2709 B
1768 2696 1802 2700 -—
1830 2687 1904 2709 am—

130 2732 245 2764 moniti
272 2733 338 2764 BE
370 2749 405 2753 —
438 2732 468 2763 5.
495 2741 553 2763 nec
584 2735 693 2763 tamen
723 2732 923 2770 Epicureum
955 2732 1025 2763 licet
1043 2735 1137 2763 --ec
1170 2733 1203 2762 in
1235 2731 1351 2761 anellis
1381 2729 1540 2761 habebant
1564 2730 1696 2760 Nonius
1721 2728 1903 2760 Marcellus

130 2790 164 2821 p.
190 2782 244 2814 70.
271 2799 306 2804 —
333 2782 365 2813 6.
391 2781 494 2822 cuius]
519 2782 588 2813 eius
610 2782 634 2813 B
662 2800 694 2804 -
722 2782 850 2823 tabulis]
877 2782 995 2813 talibas
1019 2784 1042 2813 B
1059 2783 1083 2813 E
1103 2798 1137 2803 —
1166 2782 1196 2812 7.
1225 2780 1334 2811 anulis
1358 2780 1382 2810 B
1399 2780 1439 2810 E:
1468 2779 1601 2810 annulis
1625 2779 1667 2815 03
1695 2779 1808 2809 anellis
1825 2779 1852 2809 D
1871 2779 1905 2808 et

130 2832 270 2864 Nonius.
300 2850 335 2855 —
364 2833 417 2864 44.
443 2840 505 2863 usu
529 2840 599 2863 om.
620 2832 644 2863 B
672 2849 706 2853 -
734 2833 847 2864 venire
870 2833 893 2863 B
909 2833 952 2863 E:
979 2833 1107 2864 evenire
1133 2832 1240 2863 ceteri
1266 2829 1368 2861 codd.
1392 2847 1425 2851 —
1452 2832 1487 2859 ¹ut
1511 2829 1685 2859 acrius--
1701 2828 1905 2858 admonitum

132 2880 203 2920 (sic)
227 2882 405 2923 cogitemus
428 2881 560 2913 Nonius
585 2890 618 2921 p.
648 2882 708 2913 490
734 2890 787 2922 sq.
817 2899 851 2904 —
880 2883 927 2923 ut]
953 2891 993 2913 ac
1017 2883 1040 2913 B
1069 2900 1104 2903 —
1132 2882 1312 2919 aliquando
1338 2879 1399 2910 BE
1428 2895 1461 2899 —
1491 2878 1542 2909 43.
1569 2879 1741 2909 devertisse
1765 2877 1905 2909 Lambi-

131 2937 215 2962 nus:
241 2931 410 2964 diuertisse
432 2931 457 2962 B
484 2948 519 2953 —
547 2932 600 2963 4-3.
627 2935 701 2962 sunl
718 2950 765 2955 —-
782 2933 929 2964 exhedra
953 2933 1084 2963 Nonius
1108 2941 1142 2972 p.
1175 2932 1243 2962 107.
1273 2947 1307 2951 —-
1344 2929 1394 2959 16.
1422 2929 1547 2960 excedra
1570 2928 1641 2959 MO
1670 2945 1704 2949 -
1742 2927 1792 2958 47.
1821 2927 1906 2958 Car-

131 2980 243 3012 neadis
266 2981 460 3021 Madvigius
486 2982 531 3021 (in
556 2981 814 3021 adnotatione):
845 2983 1026 3013 carneades
1051 2982 1152 3013 codd.
1181 2983 1215 3012 ct
1239 2981 1287 3011 M:
1318 2979 1526 3010 Charmadas
1549 2977 1686 3009 Valesio
1711 2979 1854 3008 auctore
1880 2976 1905 3007 O

136 3044 169 3050 —
197 3030 249 3061 ⁴8.
275 3034 370 3062 tanta
393 3031 518 3062 BCG:
553 3033 637 3061 tanti
660 3032 686 3062 I)
703 3032 726 3061 Ο
755 3048 789 3051 ——
826 3031 876 3062 49.
904 3032 1039 3071 aliquod
1063 3033 1086 3063 B
1116 3050 1150 3054 —-
1186 3031 1236 3061 20.
1265 3028 1407 3068 libenter]
1434 3028 1605 3068 diligenter
1628 3028 1654 3058 D
1683 3044 1716 3048 —
1744 3027 1796 3057 21.
1824 3034 1908 3055 unus

132 3077 214 3109 BE:
242 3088 312 3112 om.
339 3080 411 3112 Mo
437 3096 472 3101 —
506 3079 560 3111 23.
588 3080 632 3111 ad
653 3081 802 3120 fluctum]
827 3082 987 3121 afflictam
1014 3082 1074 3112 BE
1104 3099 1136 3102 —
1173 3080 1336 3111 declinare
1360 3078 1383 3108 E
1411 3095 1446 3098 —
1478 3077 1531 3109 24.
1558 3076 1752 3107 assuescerit
1776 3075 1839 3106 BE
1867 3092 1903 3097 —

133 3127 186 3158 25.
211 3129 327 3160 Pericli
351 3130 583 3160 Goerenzius:
607 3131 721 3169 pericy
739 3131 761 3161 B
777 3130 821 3167 Ε;
848 3131 980 3162 Periclis
996 3131 1102 3161 ceteri
1124 3130 1226 3161 codd.
1250 3147 1283 3151 —
1309 3128 1514 3167 sepulchrum
1539 3127 1561 3158 B
1578 3127 1602 3158 E
1623 3143 1655 3148 —-
1683 3126 1736 3156 26.
1764 3124 1904 3163 quidem]

135 3176 213 3215 quid
235 3178 318 3217 BE;
345 3179 430 3211 item
446 3188 478 3210 v.
498 3178 551 3210 30.
574 3195 609 3201 —
636 3179 688 3210 27.
715 3179 830 3219 aliqua
852 3180 989 3211 historia
1014 3181 1057 3211 B:
1085 3180 1235 3221 aliquam
1259 3178 1429 3208 historiam
1454 3178 1479 3209 Ο
1500 3195 1534 3199 -
1562 3177 1614 3207 29.
1640 3176 1765 3206 iudicia
1789 3174 1848 3205 BE
1870 3191 1901 3194 -

136 3225 186 3256 34.
212 3228 338 3260 novisse
359 3228 419 3269 vis]
442 3229 538 3260 nouis
559 3236 615 3259 seu
637 3229 695 3267 hys
718 3229 742 3259 B
771 3246 804 3250 —
831 3229 957 3260 imitari
982 3231 1082 3261 etiam
1107 3231 1130 3260 B
1146 3230 1187 3260 E:
1216 3228 1315 3259 eliam
1341 3227 1466 3259 imitari
1491 3227 1560 3259 ΜΟ
1586 3242 1621 3247 ——
1648 3224 1701 3256 33.
1727 3232 1779 3264 yr.
1798 3223 1827 3253 h.
1848 3225 1907 3253 tua

136 3277 180 3305 est
202 3275 284 3308 BE:
311 3286 363 3318 qr.
389 3281 436 3311 est
457 3278 489 3311 h.
515 3281 575 3311 tua
598 3278 669 3311 MO
696 3296 730 3301 —-
758 3278 810 3311 35.
837 3280 886 3312 vel
908 3283 943 3311 ut
961 3296 1006 3302 --
1024 3287 1121 3319 quem
1144 3282 1235 3310 amat
1259 3286 1327 3309 om.
1355 3278 1379 3308 B
1408 3295 1441 3299 —
1469 3276 1521 3308 37.
1547 3275 1616 3315 tua]
1642 3277 1714 3305 tuta
1738 3272 1813 3305 BE.

207 3334 323 3368 Cimo
344 3337 378 3368 T.
398 3337 451 3369 lv.
1554 3335 1606 3377 ,12
