2249 3624
250 231 357 275 4058
990 232 1272 276 CICERONIS

249 341 445 392 scriptum
483 344 586 379 erat:
628 340 764 378 Finit
805 339 890 378 hoc
931 351 1060 390 opus
1089 337 1144 377 de
1173 340 1362 378 Natura
1393 340 1595 391 Rerum,
1641 341 1760 380 eruit.
1815 342 2003 383 Ceterum

248 403 288 442 cs
328 404 409 443 Cic.
441 403 580 454 Dispp.
612 404 731 442 Tusc.
760 402 786 441 l.
816 403 842 441 Ι.
876 415 910 441 c.
940 402 1024 450 28.)

350 466 408 506 15.
462 467 541 504 Οὐκ
578 466 747 513 ἀνάξιον
783 465 821 504 δὲ
848 465 978 516 οἶμαι,
1007 460 1037 502 ὦ
1067 468 1267 516 Θωμάσιε,
1293 465 1482 503 κάκείνου
1509 470 1768 517 μνησθῆναι,
1787 469 1808 504 ὃ
1826 473 2008 517 Κικέρων

245 530 397 578 ἱστορεῖ
431 532 502 567 τοῦ
534 532 650 577 παρὰ
677 529 895 579 ”Ρωμαίοις
932 530 1091 575 πεζικοῦ
1127 528 1216 577 πέρι
1255 531 1448 578 στρατοῦ·
1480 527 1582 576 qimi
1609 528 1687 579 γὰρ
1716 528 1768 567 τὰ
1793 532 1869 579 μὲν
1903 529 2007 568 ὅπλα

216 590 374 636 ὕοι-’τως
401 592 602 641 (γέροντας
629 591 866 642 &guipso-rom
894 591 1002 640 σχεῖν
1032 591 1094 628 ἀει
1121 587 1208 627 οἷόν
1234 605 1326 627 τινα
1352 591 1453 640 μέλη
1481 594 1553 628 τοῦ
1573 591 1762 641 σώματος
1785 594 2009 643 οἰομένους,

247 653 317 691 καὶ
344 654 443 703 πρὸς
470 669 509 705 γε
538 653 697 704 τροφὴν
725 654 842 702 σοῖσι
868 654 981 691 πέντε
1009 652 1260 703 ἀποχρῶσαν
1287 654 1454 702 ἡμέρας·
1486 653 1668 704 ἀνάγκης
1695 668 1733 691 τε
1762 652 1858 692 ἄνευ
1885 657 2007 704 τινός,

246 715 317 754 καὶ
356 722 392 754 εἰ
427 717 616 764 παρέῖιάι
657 717 880 767 σιγιβαίνοι
914 715 1133 766 νωτοφόρα
1170 718 1265 762 ζῶα,
1309 717 1330 753 ὃ
1372 717 1572 763 συνηθείᾳ
1606 719 1752 767 μακρᾷ
1779 719 2010 768 βεβαιωθέν

248 784 371 829 νόμος
409 780 506 829 παρ’
548 780 686 821 αὐτοῖς
725 779 888 829 ἐγίνετο,
922 779 972 820 ὼς
1009 778 1081 816 καὶ
1116 779 1319 828 τιμωρίαν
1358 779 1589 817 ἐπικεῖσθαι
1626 779 1743 820 εἴτις
1774 779 2006 830 παραβαίη.

249 842 443 891 (Petrus
476 840 527 879 de
561 840 729 879 scientia
757 839 919 892 politica
948 841 990 878 L.
1026 840 1088 878 IV.
1125 852 1159 878 c.
1195 840 1231 879 5.
1267 852 1307 891 p.
1342 840 1429 879 593.
1465 838 1538 879 Ed.
1581 840 1705 889 Maii.)

199 1020 233 1049 io
949 1002 1013 1045 IV.
1072 1003 1102 1045 V
1120 1003 1149 1043 Α
1174 1003 1205 1044 R
1227 1002 1304 1043 lA.

351 1137 381 1173 1.
433 1136 579 1172 Cicero:
619 1132 725 1180 Quid
756 1132 863 1171 enim
894 1137 976 1171 tam
1009 1133 1285 1184 praevarum?
1328 1136 1367 1170 id
1398 1140 1446 1171 est
1482 1136 1602 1171 valide
1636 1146 1779 1172 varum.
1836 1132 2009 1182 (Isido-

249 1211 335 1238 rus
367 1199 503 1247 Origg.
537 1196 622 1235 Lib.
658 1196 707 1234 X.
742 1208 783 1247 p.
817 1196 899 1234 143.
934 1207 975 1245 p.
1004 1196 1087 1234 342.
1126 1195 1248 1247 Otto.)

347 1263 383 1300 2.
434 1262 553 1299 Cicero
584 1271 665 1297 non
696 1256 861 1296 defendi
886 1257 1072 1297 homines
1096 1259 1185 1297 sine
1205 1258 1504 1310 vituperatione
1524 1259 1698 1298 sortasse
1717 1270 1856 1310 posse,
1877 1257 1985 1309 negli

249 1329 393 1375 genter
435 1321 599 1362 defendi
633 1322 721 1361 sine
753 1320 911 1360 scelere
951 1333 1034 1361 non
1075 1333 1200 1373 posse
1227 1325 1412 1370 firmabat.
1469 1323 1773 1372 (Ammianus
1801 1320 2011 1361 Marcel-

201 1385 388 1424 ⁴5linus
414 1382 438 1421 l.
476 1383 603 1421 XXX.
635 1382 670 1428 4,
704 1381 757 1430 7.)

351 1450 387 1486 3.
433 1446 584 1484 Animus
617 1458 734 1494 parvo
772 1451 970 1488 contentus,
1012 1458 1103 1493 quae
1146 1449 1260 1483 virtus
1298 1449 1432 1484 dicitur
1484 1445 1722 1497 αἰτάρκέια.
1786 1448 1888 1493 Quae
1931 1461 2011 1486 cum

250 1514 380 1550 Latine
406 1523 476 1548 uno
504 1512 611 1547 verbo
638 1512 712 1547 dici
741 1522 813 1545 non
834 1515 968 1556 potest,
1004 1509 1244 1559 αὐτάρκεια,
1280 1512 1400 1557 inquit
1431 1511 1571 1552 Cicero,
1613 1514 1696 1559 est,
1739 1522 1845 1562 quae
1882 1523 2009 1562 parvo

253 1579 443 1613 contenta
472 1584 591 1611 omne
621 1571 661 1610 id
687 1572 866 1622 respuit,
909 1570 1020 1623 quod
1053 1570 1247 1610 abundat.
1292 1572 1330 1621 (S
1348 1571 1631 1611 choliastes
1676 1573 2010 1625 Cruquianus

251 1636 301 1676 ad
327 1637 461 1675 Horat.
500 1635 583 1674 Sat.
613 1636 649 1684 2,
683 1635 720 1683 6,
748 1635 811 1673 79.
843 1647 884 1686 p.
917 1634 1002 1672 484.
1035 1634 1174 1685 Cruq.)

201 1713 237 1742 20
351 1703 386 1738 4.
438 1697 725 1752 [Sacrosancta
758 1702 854 1735 sunt
884 1696 1096 1747 legationis
1125 1696 1277 1746 officia,
1310 1704 1348 1734 ut
1369 1700 1487 1745 inquit
1515 1698 1648 1740 Cicero,
1680 1702 1724 1736 ut
1750 1698 1871 1737 etiam
1905 1698 2011 1737 inter

251 1762 426 1802 hostium
464 1760 543 1800 tela
584 1759 798 1799 incolumis
833 1757 1101 1813 versaretur]
1148 1758 1406 1808 (Placidus
1459 1760 1755 1799 Lactantius
1797 1759 1849 1799 ad
1895 1760 2010 1800 Statii

252 1824 377 1864 Theb.
422 1825 458 1872 2,
493 1836 533 1875 p.
564 1824 623 1862 62.
658 1821 733 1861 Ed.
763 1821 1037 1872 Lindenbrog.
1094 1821 1244 1861 Similis
1278 1828 1341 1861 est
1366 1824 1568 1862 sententia
1594 1822 1645 1862 de
1676 1824 1851 1875 Harusp.
1883 1824 2007 1876 Resp.

253 1889 274 1939 ξ
309 1888 376 1925 34:
435 1888 494 1925 Sic
517 1890 610 1924 enim
637 1889 769 1931 sentio,
800 1889 853 1922 ius
884 1887 1084 1933 leyatorum
1114 1899 1193 1922 cum
1220 1888 1404 1922 hominum
1433 1889 1616 1933 praesidio
1642 1889 1819 1923 munitum
1850 1889 1908 1928 sil,
1936 1893 2011 1923 tum

251 1954 360 1987 eliam
387 1952 509 1986 divino
534 1952 612 1986 iure
640 1961 710 1986 esse
738 1950 915 1985 vallatum
985 1946 1067 1985 Sed
1101 1946 1261 1986 Placido
1290 1948 1619 1987 obversabantur
1646 1947 1773 1987 verba
1812 1947 1864 1987 de
1904 1948 2011 1988 Ora-

200 2025 236 2054 25
251 2019 337 2052 tore
362 2011 387 2050 l.
418 2013 446 2050 Ι.
474 2012 494 2063 ἓ
524 2012 627 2057 202,
659 2022 764 2061 quae
792 2008 900 2048 vide.
929 2010 1085 2053 Notavi,
1117 2022 1168 2049 ne
1193 2011 1283 2061 quis
1313 2017 1481 2049 erraret.
1515 2011 1610 2059 On.)

349 2076 384 2114 5.
440 2076 523 2113 Nec
551 2075 715 2124 Cicero,
742 2086 834 2112 cum
863 2085 907 2112 se
935 2073 1130 2113 tenebras
1159 2072 1353 2113 ofludisse
1380 2073 1587 2113 iudicibus
1615 2074 1654 2112 in
1686 2085 1810 2113 causa
1833 2072 2008 2113 Cluentii

250 2137 444 2189 gloriatus
479 2143 560 2185 est,
591 2136 687 2175 nihil
714 2137 804 2187 ipse
837 2135 949 2175 vidit.
991 2137 1044 2185 (Q
1058 2136 1364 2175 uintilianns
1381 2138 1415 2178 2,
1449 2140 1507 2185 17,
1525 2137 1584 2175 21.
1627 2137 1845 2185 Incertum,
1876 2141 2010 2175 utrum

251 2213 300 2238 ex
337 2198 507 2252 epistola
545 2198 679 2250 aliqua
708 2197 921 2250 deperdita
941 2210 992 2237 an
1021 2210 1071 2237 ex
1099 2198 1491 2250 apophthegmatis.)

350 2267 384 2303 6.
444 2264 581 2300 Cicero:
618 2261 748 2312 Cupio
781 2273 873 2299 eum
900 2266 982 2300 tam
1010 2260 1212 2299 invidiosa
1239 2261 1400 2299 fortuna
1428 2260 1641 2312 complecti
1669 2264 1822 2309 passive.
1859 2261 2005 2308 (Pris-

199 2326 438 2367 3ocianus
471 2326 507 2374 8,
537 2325 573 2362 4.
602 2324 645 2362 Τ.
672 2325 702 2361 Ι.
732 2336 775 2374 p.
801 2324 886 2362 371.
918 2325 1071 2361 Krehli'i.
1122 2322 1209 2362 Sed·
1226 2335 1299 2375 pro
1332 2325 1450 2361 Cicero
1471 2323 1625 2362 habent
1646 2325 1752 2362 Curio
1772 2322 1892 2362 codd.
1913 2323 2008 2375 aliq.

250 2397 290 2430 et
325 2389 418 2428 edd.
452 2388 572 2436 Ven.;
602 2386 726 2437 idque
753 2386 1020 2438 probabilius.
1051 2387 1207 2425 Nomen
1237 2387 1413 2426 auctoris
1442 2385 1714 2427 abestaCod.
1750 2387 1884 2425 Turic.
1923 2398 2006 2425 sec.

249 2455 297 2492 X.
328 2453 369 2490 in
394 2450 469 2490 alio
490 2462 573 2488 sec.
604 2450 702 2488 XIII.
734 2449 1058 2500 superscriptum
1092 2450 1249 2496 Cicero.)

347 2518 386 2552 7.
440 2513 543 2552 Dicit
578 2512 767 2551 Servius:
804 2517 926 2562 negat
956 2511 1123 2551 Tullius.
1181 2511 1566 2560 (Quintilianus
1604 2512 1641 2561 9,
1681 2512 1724 2558 3,
1760 2511 1822 2550 21.
1881 2511 2010 2550 «Haec

250 2577 376 2616 verba
404 2575 576 2614 lacunae
601 2581 759 2627 partem
788 2574 965 2626 aliquam
992 2574 1030 2612 in
1063 2575 1243 2614 oratione
1273 2587 1346 2625 pro
1375 2575 1541 2614 Murena
1572 2573 1765 2613 videntur
1802 2572 2008 2624 explere.»

199 2649 236 2679 35
250 2641 416 2688 MEYER.)

347 2704 383 2740 8.
440 2702 635 2744 Phalaris,
669 2721 713 2725 -—
743 2701 784 2735 de
810 2711 880 2746 quo
916 2698 1035 2735 Cicero
1061 2700 1168 2735 dicit:
1207 2697 1461 2737 Inclusorum
1494 2697 1699 2737 hominurn
1732 2698 1885 2749 gemitu
1917 2710 2011 2737 mu-

251 2764 387 2814 giebat
426 2768 581 2801 taurus.
640 2760 976 2810 (Scholiastes
1017 2767 1136 2799 vetus
1178 2761 1217 2799 in
1255 2761 1393 2800 Iuven.
1439 2760 1522 2799 Sat.
1567 2761 1630 2800 VI.
1669 2773 1705 2797 v.
1735 2761 1820 2800 486.
1850 2772 1890 2811 p.
1921 2760 2007 2799 245.

253 2827 456 2875 Cramer.)

351 2890 386 2927 9.
442 2890 546 2935 Apud
578 2889 756 2930 Tullium
788 2886 1014 2925 Literarum
1043 2884 1203 2923 radices
1233 2896 1415 2934 amaras,
1446 2885 1601 2925 fructus
1629 2884 1786 2924 dulces.
1817 2883 2010 2934 (Iulius

202 2951 413 2990 ioflufin.
447 2962 488 3001 p.
519 2950 603 2988 211.
635 2948 818 2996 Ruhnk.)

336 3114 354 3146 8
415 3115 561 3145 Prorsus
596 3113 717 3146 similis
749 3113 892 3154 quidem
929 3114 980 3145 est
1014 3112 1111 3144 locus
1146 3109 1285 3142 Tuscul.
1320 3112 1352 3149 ἓ,
1388 3111 1445 3143 3Ἶ;
1475 3111 1535 3142 ubi
1559 3113 1676 3143 tamen
1702 3111 1803 3143 dicit:
1829 3111 1917 3151 ferre
1936 3111 2011 3151 plus

250 3164 413 3195 dimidiati
435 3165 554 3194 mensis
575 3164 723 3202 cibaria,
759 3164 815 3195 hic
849 3165 966 3195 autem
992 3163 1098 3194 πέντε
1121 3157 1357 3206 ἀποχρῶσαν
1384 3156 1539 3207 ἡμέρας.
1588 3162 1674 3193 Hinc
1698 3170 1766 3193 non
1795 3160 2010 3202 improbabi-

251 3213 328 3244 liter
364 3213 488 3244 Maius:
523 3213 604 3243 «Vix
631 3213 771 3250 dubito,
799 3215 880 3254 quin
906 3212 940 3245 id
966 3214 1088 3245 Cicero
1114 3218 1236 3243 rursus
1261 3210 1385 3242 dixerit
1409 3212 1442 3242 in
1468 3211 1583 3252 aliquo
1609 3212 1768 3250 <sortasse
1801 3210 1933 3252 quinto)
1963 3210 2007 3242 de

251 3262 395 3303 Republ.
423 3261 522 3293 libro.
571 3262 663 3294 Solet
689 3264 781 3295 enim
807 3264 930 3296 Cicero
955 3264 1146 3295 sententias
1170 3269 1265 3300 suaS,
1292 3264 1328 3292 ut
1352 3260 1408 3292 ille
1434 3262 1587 3293 Graecus
1612 3262 1802 3299 Isocrates,
1828 3269 1897 3292 non
1929 3268 2008 3291 raro

252 3314 448 3352 repetere.»
