2249 3624
266 94 344 137 568
1033 89 1102 128 DE
1134 86 1275 127 FATO

267 201 437 255 quidem
469 199 745 253 exquirentes
777 209 825 236 ea
857 194 1055 241 consilia,
1088 206 1195 246 quae
1217 191 1269 232 ad
1292 205 1436 245 pacem
1459 196 1500 231 et
1519 191 1572 231 ad
1594 190 1859 231 concordiam
1882 191 2033 232 civium

265 264 535 318 pertinerent.
596 261 696 301 Cum
728 260 838 299 enim
871 270 1017 298 omnes
1049 261 1142 308 post
1174 255 1388 294 interitum
1422 253 1607 293 Caesaris
1639 267 1841 293 novarum
1872 260 2036 306 pertur-

264 326 483 366 bationum
516 336 664 363 causae
697 320 841 375 quaeri
872 319 1115 359 viderentur
1146 317 1283 368 iisque
1315 329 1407 355 esse
1439 314 1744 354 occurrendum
1780 321 2035 367 putaremus,

267 388 400 428 omnis
431 386 518 426 fere
550 391 694 425 nostra
724 385 767 424 in
798 383 864 421 his
896 379 1273 420 deliberationibus
1305 377 1628 417 consumebatur
1658 378 1814 417 oratio:
1845 377 1973 431 idque
1997 385 2036 420 et

235 463 390 503 esaepe
421 449 524 489 alias
563 453 603 487 et
634 445 815 500 quodam
846 443 1046 484 liberiore
1088 455 1212 495 quam
1244 440 1404 480 solebat
1431 445 1472 479 et
1503 440 1633 491 magis
1666 452 1796 479 vacuo
1828 440 1878 479 ab
1908 441 2034 480 inter-

263 512 507 553 ventoribus
539 510 625 556 die,
657 521 750 548 cum
783 505 834 547 ad
866 519 931 545 me
960 505 1031 545 ille
1063 505 1270 550 venisset,
1295 503 1428 555 primo
1454 515 1520 550 ea,
1554 515 1660 555 quae
1685 507 1803 542 erant
1822 502 2033 545 cotidiana

267 580 307 615 et
336 574 456 628 quasi
488 573 672 624 legitima
703 570 847 616 nobis,
880 568 931 608 de
964 581 1066 620 pace
1098 573 1139 606 et
1168 566 1219 605 de
1252 566 1352 605 otio.

378 637 428 675 ll.
461 633 498 674 3.
532 634 695 683 Quibus
716 632 836 678 actis,
870 630 981 679 Quid
1006 631 1132 682 ergo?
1164 629 1299 682 inquit
1330 628 1421 675 ille,
1454 627 1653 681 quoniam
1685 628 1888 668 oratorias
1917 641 2038 668 exer-

267 699 485 739 citationes
515 710 599 736 non
631 701 673 735 tu
706 694 900 748 quidem,
940 698 985 732 ut
1015 705 1161 744 spero,
1202 691 1432 744 reliquisti,
1472 690 1546 729 sed
1579 694 1690 729 certe
1722 690 2036 743 philosophiam

215 762 348 807 ,millis
380 759 678 814 anteposuisti,
710 769 939 811 possumne
971 753 1133 808 aliquid
1165 754 1343 794 audire?
1395 754 1457 792 Tu
1489 766 1606 798 vero,
1638 753 1833 805 inquam,
1868 754 1934 793 vel
1966 768 2039 795 au-

265 824 354 865 dire
393 824 457 863 vel
499 823 665 869 dicere3
729 833 805 859 nec
851 820 990 865 enim,
1036 817 1077 857 id
1126 817 1241 870 quod
1285 820 1397 855 recte
1446 815 1689 862 existimas,
1737 815 1920 854 oratoria
1966 815 2038 857 illa

266 886 404 926 studia
436 884 614 931 deserui,
647 883 799 937 quibus
832 882 955 921 etiam
986 885 1025 920 te
1056 879 1239 925 incendi,
1273 891 1526 931 quamquam
1559 877 1940 929 flagrantissumum
1973 892 2041 919 ac-

267 962 477 1002 ceperam,
524 960 601 986 nec
642 959 690 985 ea
731 958 838 999 quae
880 957 990 983 nunc
1033 947 1164 981 tracto
1206 942 1431 986 minuunt„
1463 939 1536 979 sed
1567 945 1720 992 augent
1752 940 1892 992 potius
1924 941 2037 982 illam

265 1012 517 1052 facultatem.
584 1011 686 1049 Nam
730 1023 824 1049 cum
866 1009 947 1046 hoc
988 1017 1138 1057 genere
1180 1002 1495 1055 philosophiae,
1540 1003 1652 1055 quod
1695 1015 1770 1042 nos
1810 1003 2038 1055 sequimur,

218 1090 253 1118 ‹15
268 1086 459 1127 magnam
489 1072 615 1112 habet
645 1077 787 1111 orator
817 1069 1083 1113 societatem;
1117 1065 1386 1106 subtilitatem
1419 1064 1530 1103 enim
1561 1064 1610 1103 ab
1632 1064 1857 1104 Academia
1879 1071 2041 1106 mutua-

267 1144 334 1178 tur
379 1142 419 1176 et
459 1137 496 1175 ei
536 1134 717 1174 vicissim
769 1132 907 1172 reddit
957 1131 1188 1170 ubertatem
1243 1127 1447 1167 orationis
1489 1132 1530 1167 et
1569 1132 1814 1166 ornamenta
1859 1127 2039 1168 dicendi.

270 1200 405 1248 Quam
435 1198 488 1237 ob
518 1211 626 1244 rem,
666 1197 859 1248 inquam,
902 1193 1101 1247 quoniam
1132 1191 1350 1242 utriusque
1382 1190 1508 1229 studii
1541 1195 1683 1229 nostra
1714 1190 1925 1244 possessio
1959 1198 2038 1239 est,

268 1262 396 1303 hodie
427 1267 522 1300 utro
553 1259 633 1299 frui
666 1258 785 1297 malis
816 1256 931 1308 optio
963 1255 1015 1294 sit
1046 1259 1128 1293 tua.
1189 1255 1291 1292 Tum
1317 1253 1499 1300 Hirtius,
1532 1253 1861 1301 Gratissumum,
1893 1254 2040 1307 inquit,

270 1331 310 1366 et
340 1330 509 1365 tuorum
541 1321 728 1362 omnium
762 1319 918 1365 simile;
951 1316 1055 1356 nihil
1089 1317 1200 1356 enim
1231 1328 1429 1368 umquam
1452 1316 1598 1355 abnuit
1620 1329 1711 1355 meo
1733 1317 1871 1356 studio
1894 1318 2042 1357 volun-

220 1392 331 1433 20tas
362 1393 448 1427 tua.
508 1383 545 1424 4.
590 1384 670 1423 Sed
704 1382 899 1435 quoniam
932 1380 1140 1419 rhetorica
1172 1378 1274 1417 mihi
1307 1384 1445 1418 vestra
1484 1383 1582 1417 sunt
1620 1384 1718 1417 nota
1757 1384 1884 1432 teque
1916 1379 1958 1419 in
1991 1380 2041 1420 iis

270 1455 311 1490 et
341 1449 575 1490 audivimus
607 1458 733 1498 saepe
771 1450 812 1484 et
842 1443 1078 1489 audiemus,
1111 1447 1238 1494 atque
1269 1442 1374 1480 hanc
1396 1440 1741 1480 Academicorum
1775 1448 1920 1482 contra
1948 1457 2043 1496 pro·-

270 1512 453 1566 positum
485 1508 725 1563 disputandi
758 1505 1106 1547 consuetudinem
1138 1504 1324 1543 indicant
1355 1509 1395 1543 te
1417 1503 1652 1555 suscepisse
1675 1504 1936 1545 Tusculanae
1959 1506 2043 1565 di‘s-

268 1575 531 1628 putationes,
570 1585 726 1625 ponere
758 1569 940 1622 aliquid,
973 1568 1023 1608 ad
1057 1568 1171 1621 quod
1203 1566 1391 1613 audiam,
1426 1566 1459 1605 si
1490 1566 1563 1606 tibi
1596 1579 1680 1605 non
1714 1572 1776 1606 est
1807 1567 2042 1615 molestum,

269 1638 380 1677 volo.
426 1638 489 1675 An
521 1636 639 1682 mihi,
670 1636 863 1686 inquam,
895 1637 1034 1684 potest
1064 1631 1289 1683 quicquam
1321 1642 1411 1668 esse
1445 1629 1684 1675 molestum,
1718 1630 1830 1682 quod
1854 1630 1929 1669 tibi
1952 1644 2044 1683 gra-

218 1714 254 1744 -25
268 1705 355 1740 tum
386 1699 568 1738 futurum
602 1698 687 1736 sit?
736 1694 817 1735 Sed
848 1695 905 1733 ita
936 1693 1096 1740 audies,
1128 1700 1172 1733 ut
1207 1694 1433 1731 Romanuin
1464 1691 1695 1738 hominem,
1728 1697 1774 1731 ut
1804 1692 1950 1732 timide
1981 1693 2044 1732 in-

269 1762 527 1816 gredientem
569 1760 620 1799 ad
660 1759 739 1799 hoc
778 1770 909 1810 genus
950 1755 1211 1808 disputandi,
1254 1761 1299 1793 ut
1335 1755 1462 1807 longo
1504 1754 1726 1794 intervallo
1763 1754 1865 1794 haec
1904 1755 2044 1796 studia

268 1831 540 1878 repetentem.
602 1824 681 1870 Ita,
714 1820 868 1874 inquit,
901 1818 1067 1858 audiam
1104 1824 1140 1857 te
1173 1818 1469 1870 disputantem,
1501 1823 1547 1857 ut
1577 1830 1627 1857 ea
1658 1817 1764 1869 lego,
1797 1831 1906 1870 quae
1939 1819 2043 1858 scri-

268 1888 402 1942 psisti.
454 1886 634 1926 Proinde
667 1885 819 1925 ordire.
870 1884 897 1935 †
932 1882 1206 1922 Considamus
1240 1882 1305 1920 hic
1338 1882 1359 1900 ‘⁴⁵
1389 1886 1399 1900 ¹
1432 1879 1454 1897 *³³⁷

381 1951 450 1989 111.
494 1948 532 1989 ὃ.
572 1949 761 1997 Quorum
792 1948 834 1986 in
865 1947 985 1992 aliis,
1026 1950 1070 1984 ut
1099 1944 1141 1983 in
1174 1944 1394 1996 Antipatro
1426 1948 1572 1995 poeta,
1614 1948 1660 1982 ut
1691 1943 1732 1982 in
1766 1943 1941 1983 brumali
1976 1943 2042 1983 die

216 2027 255 2058 30
269 2014 398 2060 natis,
429 2019 474 2052 ut
504 2013 545 2051 in
577 2011 700 2052 simul
733 2009 1047 2062 aegrotantibus
1078 2006 1300 2053 fratribus,
1344 2012 1389 2045 ut
1420 2006 1462 2044 in
1494 2006 1637 2053 urina,
1671 2011 1716 2045 ut
1746 2007 1787 2045 in
1819 2006 2042 2058 unguibus,

267 2082 314 2117 ut
343 2077 386 2116 in
418 2075 594 2129 reliquis
627 2074 715 2114 eius
738 2072 873 2119 modi,
905 2076 1079 2111 naturae
1103 2070 1298 2122 contagio
1323 2069 1452 2117 valet,
1474 2082 1601 2122 quam
1625 2081 1701 2122 ego
1726 2081 1810 2108 non
1832 2068 1958 2116 tollo,
1980 2069 2043 2109 vis

353 2277 383 2308 2.
407 2276 573 2316 pertinere
597 2275 634 2305 B¹
654 2291 687 2295 —-
717 2273 747 2303 3.
767 2273 879 2311 hisque
895 2272 982 2303 Avo
1011 2289 1045 2292 —
1073 2270 1104 2302 4.
1124 2270 1173 2300 his
1199 2270 1246 2300 C:
1274 2270 1315 2300 iis
1339 2269 1363 2299 Ο
1392 2286 1426 2290 -
1454 2268 1713 2299 consumebatur
1728 2268 1851 2299 AV1—
1878 2269 1992 2307 itaque
2015 2272 2045 2301 et

263 2335 357 2366 saepe
381 2327 467 2357 alias
499 2327 589 2357 coni.
618 2324 777 2355 Davisius
805 2340 839 2345 —-
874 2323 905 2353 ὅ.
932 2321 1074 2352 solebam
1099 2320 1272 2351 Manutius
1299 2336 1334 2341 —
1372 2319 1401 2350 6.
1430 2319 1473 2349 ad
1497 2327 1547 2349 me
1571 2319 1624 2349 ille
1648 2320 1695 2349 C:
1736 2319 1787 2350 ille
1811 2320 1855 2350 ad
1878 2329 1927 2350 me
1953 2320 1977 2351 Ο
2006 2337 2041 2342 -

264 2386 303 2409 ea
329 2377 376 2408 C:
403 2376 462 2407 iila
487 2376 511 2406 O
540 2393 574 2397 —-
602 2374 798 2413 quolisiiaua
824 2372 848 2402 O
878 2389 911 2393 —
939 2371 971 2402 S.
998 2372 1139 2409 aeceplis
1156 2368 1193 2401 Α1
1211 2369 1235 2399 V
1264 2387 1298 2391 —
1326 2369 1477 2399 oratoria
1504 2369 1699 2399 easercilalw
1726 2368 1765 2399 Β1
1786 2386 1819 2390 »-
1848 2370 1899 2400 41.
1920 2369 1952 2400 id
1970 2378 2040 2401 om.

264 2426 402 2466 Erlang.
443 2443 478 2447 —
516 2428 602 2456 reete
626 2425 744 2455 audire
769 2422 940 2453 exislimas
964 2422 988 2452 A
1015 2420 1152 2459 Erlang.
1193 2437 1227 2440 —
1274 2419 1325 2450 48.
1353 2418 1438 2449 oblio
1463 2418 1491 2447 V
1529 2434 1563 2439 —
1601 2418 1654 2449 20.
1682 2418 1825 2448 retorica
1849 2417 1902 2454 A&
1933 2419 2044 2450 retho-

260 2478 336 2508 rica
360 2474 400 2507 Α2
424 2493 465 2498 —
488 2480 601 2506 uestra
627 2473 821 2505 Manutius:
848 2475 962 2502 nostra
988 2471 1011 2502 C
1041 2488 1075 2492 —
1102 2471 1152 2501 liis
1176 2469 1232 2500 AV
1259 2486 1293 2491 —
1321 2470 1374 2499 σ211.
1397 2469 1542 2508 positum
1567 2468 1656 2499 coni.
1678 2469 1851 2505 Davisius,
1878 2469 1962 2500 satis
1987 2468 2042 2500 ille

263 2526 407 2566 quidem
433 2534 450 2555 a
475 2526 611 2556 Mosero
637 2523 783 2563 aliisque
808 2521 977 2552 refutatus
1005 2538 1037 2544 -
1066 2522 1118 2552 ⁶22.
1141 2520 1313 2559 suscepisse
1334 2520 1357 2550 B
1386 2536 1419 2540 -
1448 2518 1679 2557 disputationis
1696 2516 1737 2548 Υ]
1764 2536 1796 2540 —-
1832 2517 1883 2549 24.
1904 2519 1979 2550 uolo
1996 2537 2044 2542 --

261 2580 396 2617 gracum
421 2584 489 2606 om.
512 2576 538 2605 V
574 2592 607 2596 —
648 2583 693 2605 an
717 2571 841 2611 vulgo:
877 2572 920 2601 ad
944 2571 994 2608 A¹,
1028 2573 1062 2601 at
1086 2571 1161 2601 A2ss
1198 2587 1230 2590 ——
1274 2570 1326 2600 ⁶25.
1353 2569 1536 2608 futurumst
1559 2568 1789 2600 scribendum
1816 2577 1894 2601 esse
1920 2571 2041 2601 monet

262 2626 453 2666 Madvigius
478 2626 521 2656 de
548 2625 634 2656 finn.
659 2633 692 2664 p.
709 2624 771 2654 752
796 2630 867 2661 sq.;
897 2621 963 2660 ipsi
989 2620 1133 2651 modum
1160 2620 1421 2651 coniunctimm
1448 2618 1625 2659 expellere
1651 2618 1909 2655 dubitavimus,
1937 2620 2048 2658 atque.

260 2677 413 2717 futurum
436 2677 476 2707 sit
502 2675 594 2706 idem
621 2674 692 2705 sere
719 2672 812 2713 quod
838 2672 989 2711 futurum
1013 2679 1078 2701 esse
1099 2674 1203 2709 potest
1228 2670 1344 2708 valere
1372 2669 1567 2701 iudicamus
1602 2688 1635 2691 —
1668 2673 1697 2700 ci
1722 2667 1759 2700 B¹
1785 2685 1819 2689 —
1853 2668 1906 2699 ⁵28.
1933 2670 2045 2700 ordire

261 2728 471 2758 considemus
493 2726 544 2756 hic
568 2726 612 2761 Α,
645 2723 707 2755 sed
740 2723 856 2753 damus
879 2722 930 2752 liic
963 2729 1066 2751 manu
1094 2729 1165 2750 rec.
1194 2720 1226 2750 in
1252 2719 1375 2750 lacuna
1402 2719 1592 2759 scriptum,
1626 2719 1737 2749 ordire
1760 2719 1970 2749 considamus
1994 2719 2044 2749 hic

263 2778 326 2818 (hic
350 2777 382 2807 in
407 2775 489 2814 ras)
514 2784 579 2805 non
603 2777 649 2805 esc
671 2774 776 2813 igilur
802 2774 836 2810 Β,
865 2780 934 2811 quo
959 2771 992 2801 in
1018 2770 1139 2801 codice
1167 2770 1198 2800 in
1226 2771 1382 2808 margine
1409 2771 1488 2809 post
1511 2769 1562 2799 hic
1587 2768 1794 2799 adnotatum
1823 2769 1898 2799 est:
1926 2768 2043 2800 abhinc

261 2831 467 2859 retronea-sus
490 2826 592 2856 XXIV
611 2825 699 2864 foliis
722 2823 869 2862 sequitur
893 2823 930 2852 de
954 2821 1095 2851 eiusdem
1118 2828 1256 2858 corpore
1280 2820 1442 2849 oralionz‘s
1464 2819 1518 2849 sed
1542 2819 1670 2850 omissis
1693 2819 1728 2849 in
1751 2819 1858 2849 medio
1880 2818 2041 2858 pluribus,

261 2878 418 2916 itemque
445 2877 525 2906 ante
549 2884 630 2905 non:
656 2875 708 2904 liic
730 2873 960 2911 interpositum
984 2873 1041 2905 cst,
1068 2870 1154 2908 quod
1178 2869 1212 2899 in
1232 2869 1341 2907 primo
1366 2869 1448 2899 libro
1473 2870 1510 2899 de
1534 2871 1663 2899 natura
1688 2869 1824 2899 deorum
1854 2868 1967 2907 (1,23‚
1984 2869 2041 2909 64)

261 2928 428 2959 dimissum
458 2929 521 2963 esi,
552 2924 606 2955 ubi
637 2925 674 2954 de
704 2923 843 2954 secundo
874 2921 956 2952 libro
990 2920 1207 2950 diuinationis
1230 2922 1275 2950 esi
1300 2919 1546 2958 interpositum,
1571 2919 1683 2949 ordire
1705 2919 1913 2949 consistamus
1935 2918 1977 2948 ici
2001 2919 2040 2956 V,

260 2977 371 3009 ordire
395 2976 602 3006 considamus
625 2975 686 3005 hic.
713 2975 763 3004 hic
788 2974 883 3003 deest.
912 2980 1053 3010 quorum
1086 2970 1210 3009 Erlang
1235 2980 1241 3004 2
1276 2971 1364 3000 inter
1387 2969 1526 2999 Proinde
1552 2969 1662 2999 ordire
1695 2970 1729 2999 et
1762 2969 1970 2999 considamus
1992 2968 2042 2999 liic

260 3026 368 3059 multa
395 3026 521 3057 deesse
547 3025 647 3057 Orelli
675 3025 836 3059 adnotat3
872 3032 935 3054 nos
960 3021 1064 3053 codd.
1093 3020 1198 3050 tidem
1226 3020 1337 3050 secuti
1364 3020 1441 3059 post
1466 3018 1519 3049 illa
1546 3018 1654 3049 verba
1680 3017 1798 3058 plures
1825 3018 1981 3058 paginas,
2008 3018 2041 3048 in

260 3076 389 3118 quibus
414 3084 492 3106 cum
520 3076 562 3106 do
589 3075 662 3106 aliis
689 3075 813 3112 rebus,
848 3075 922 3104 tun]
948 3072 991 3103 de
1017 3069 1288 3102 adsensionibus
1313 3069 1528 3109 disputatum
1553 3068 1658 3099 fuisse
1685 3068 1724 3108 §g
1743 3067 1783 3099 40
1808 3070 1843 3099 et
1867 3067 1907 3099 42
1933 3067 2041 3098 doce-

260 3136 357 3165 mur,
395 3126 614 3157 intercidisse
647 3127 691 3156 ita
724 3125 944 3161 iudicamus,
977 3123 1015 3153 ut
1046 3122 1195 3161 genuina
1226 3119 1334 3150 verba
1366 3120 1505 3150 Proinde
1529 3119 1659 3156 Μῶν-6,·
1692 3127 1766 3149 eum
1789 3118 2041 3148 consedissemus

260 3178 382 3218 postea
408 3174 615 3215 interpolata
642 3184 719 3206 esse
746 3175 916 3206 dicamus.
948 3190 982 3194 —
1018 3172 1069 3202 29.
1097 3171 1173 3201 aliis
1198 3178 1287 3200 corr>
1309 3170 1340 3200 in
1366 3170 1447 3200 aleis
1463 3169 1490 3199 V
1510 3187 1544 3191 —
1578 3171 1615 3199 ut
1638 3168 1780 3198 imbrum
1805 3167 1852 3197 ali
1875 3167 1926 3197 die
1949 3169 2037 3198 nat*

259 3228 287 3258 is
310 3228 334 3259 B
362 3243 396 3248 —-
425 3225 479 3257 34.
506 3225 582 3256 tollo
605 3226 656 3256 uis
682 3225 718 3264 V,
747 3224 876 3265 quibus
900 3222 1018 3255 verbis
1043 3230 1150 3263 supra
1175 3219 1302 3252 lineam
1328 3228 1436 3251 manu
1462 3218 1539 3250 ead.
1567 3218 1726 3251 additum
1751 3219 1805 3250 est
1828 3226 1883 3248 an.
