2249 3624
710 155 798 193 Lm.
820 155 869 193 Π.
913 154 1009 195 ΟΑΡ.
1033 154 1194 194 Iv—V.
1233 152 1293 206 §§
1318 151 1512 193 llO—lG.
1908 150 1989 192 687

233 260 529 301 exciderentur
566 259 616 298 ad
656 273 776 299 usum
815 264 1003 299 nostrum
1041 261 1287 306 necessarii,
1333 272 1408 299 nec
1451 260 1660 306 «serrum,
1700 271 1792 305 aes,
1832 272 1989 305 aurum,

232 328 473 376 argentum»
507 322 763 361 effoderetur
796 324 986 374 «penitus
1009 324 1218 362 abditum»
1253 324 1343 362 siue
1376 322 1586 362 hominum
1621 322 1761 360 labore
1785 327 1824 361 et
1853 334 1989 360 manu.

230 385 299 424 lv.
341 385 466 424 Tecta
497 397 618 430 vero,
651 385 804 437 quihus
835 391 873 423 et
906 385 1104 435 frigorum
1138 386 1199 424 vis
1232 386 1456 438 pelleretur
1487 392 1527 424 et
1557 385 1741 424 calorum
1774 384 1990 424 molestiae

230 446 497 494 sedarentur,
536 447 646 486 unde
686 453 757 486 aut
795 448 910 487 initio
951 449 1092 500 gent-ri
1132 449 1314 487 humano
1358 448 1445 487 dari
1479 449 1712 500 potuissent
1746 453 1816 487 aut
1846 452 1991 500 postea

228 509 472 556 subvenire,
514 510 547 549 si
588 515 661 549 aut
702 510 738 548 vi
778 511 1038 562 tempestatis
1069 499 1139 549 aut
1170 516 1303 550 terrae
1336 516 1448 550 motu
1480 516 1552 550 aut
1584 516 1788 550 vetustate
1820 509 2023 550 cecidis-ts

228 577 346 619 sent,
391 573 473 612 nisi
511 572 746 612 communis
787 572 872 610 vita
910 572 962 611 ab
1002 572 1243 611 hominibus
1285 573 1429 612 harum
1468 586 1606 612 rerum
1653 573 1811 612 auxilia
1852 577 1991 625 petere

227 634 470 674 didicisset?
531 633 595 673 M.
638 634 755 673 Adde
787 635 935 673 ductus
967 647 1194 687 aquarum,
1227 633 1505 674 derivationes
1537 634 1765 682 fluminum,
1796 647 1990 687 agrorum

225 697 521 750 inrigationes‚
564 697 692 737 moles
725 697 938 749 oppositas
971 697 1185 743 fluctibus,
1218 703 1358 750 portus
1391 710 1514 736 manu
1547 697 1698 737 factos:
1742 709 1847 749 quae
1880 697 1991 736 unde

227 760 317 799 sine
348 760 565 799 hominum
599 772 724 812 opera
757 756 910 798 habere
942 762 1189 812 possemus?
1240 761 1301 798 Ex
1335 760 1486 812 quibus
1519 760 1744 812 multisque
1775 759 1866 798 aliis
1898 772 1993 812 per-

227 823 417 875 spicuum
449 828 530 868 est,
563 823 635 874 qui
666 822 826 861 fructus
861 834 1057 874 quaeque
1092 822 1293 861 utilitates
1325 836 1377 860 ex
1408 822 1533 861 rebus
1566 822 1637 869 iis,
1678 835 1785 874 quae
1817 822 1901 861 sint
1930 821 2042 860 in-40

226 886 412 932 animae,
453 885 758 937 percipiantur,
799 896 868 923 eas
908 898 984 923 nos
1023 884 1139 923 nullo
1182 884 1305 923 inodo
1339 885 1427 924 sine
1460 884 1675 923 hominum
1709 897 1833 923 manu
1863 888 1992 936 atque

227 960 355 1000 opera
387 960 536 1000 capere
569 948 768 1000 potuisse.
831 946 914 994 Qui
955 946 1139 999 denique
1179 960 1231 985 ex
1272 947 1412 985 bestiis
1452 945 1610 985 fructus
1642 952 1713 985 aut
1745 960 1852 999 quae
1884 959 1993 985 com-

226 1009 418 1057 moditas,
449 1009 527 1049 nisi
561 1009 752 1049 homines
783 1008 1042 1056 adiuvarent,
1074 1009 1233 1062 percipi
1266 1012 1436 1061 posset?
1478 1012 1575 1047 Nam
1609 1013 1648 1047 et
1680 1009 1749 1061 qui
1783 1008 1993 1061 principes

226 1072 468 1112 inveniendi
500 1072 689 1119 fuerunt,
721 1085 845 1124 quem
878 1085 929 1110 ex
962 1084 1127 1125 quaque
1160 1071 1283 1110 belua
1313 1085 1432 1111 usum
1466 1071 1617 1111 habere
1650 1083 1887 1123 possemuS,
1918 1071 1994 1110 ho-

227 1134 360 1174 mines
391 1140 501 1174 certe
532 1134 719 1181 fuerunt,
759 1148 835 1173 nec
867 1134 947 1174 hoc
978 1139 1165 1187 tempore
1197 1134 1286 1173 siue
1318 1134 1530 1174 hominum
1565 1147 1691 1186 opera
1722 1138 1792 1173 aut
1822 1145 1993 1186 pascere
2008 1139 2044 1168 ⁴5

226 1209 297 1237 eas
337 1203 409 1237 aut
445 1197 617 1237 domare
659 1202 730 1237 aut
767 1196 875 1236 tueri
907 1201 979 1236 aut
1009 1197 1282 1248 tempestivos
1313 1195 1471 1236 fructus
1503 1210 1554 1236 ex
1586 1196 1636 1235 iis
1668 1209 1817 1248 capere
1849 1208 1995 1248 posse-

226 1272 340 1307 mus,
380 1260 431 1299 ab
463 1259 708 1313 eisdemque
748 1265 788 1299 et
827 1273 924 1306 eae,
967 1272 1075 1312 quae
1111 1264 1287 1306 nocent,
1327 1257 1634 1298 interficiuntur
1672 1263 1713 1298 et
1752 1271 1858 1311 quae
1900 1257 1993 1298 usui

225 1327 404 1375 possunt
435 1335 525 1362 esse
557 1322 795 1375 capiuntur.
856 1319 922 1361 115.
954 1321 1067 1369 Quid
1100 1334 1343 1360 enumerem
1375 1321 1525 1360 artium
1548 1320 1878 1367 multitudinem,
1902 1319 1993 1359 sine

227 1384 380 1437 quibus
410 1385 495 1425 vita
526 1385 697 1425 omnino
728 1383 842 1424 nulla
874 1398 965 1424 esse
996 1383 1234 1436 potuisset?
1279 1383 1358 1432 Qui
1392 1383 1503 1422 enim
1529 1383 1665 1435 aegris
1688 1382 1994 1428 subveniretur,

227 1460 336 1500 quae
367 1453 479 1488 esset
509 1447 734 1488 oblectatio
767 1447 1019 1493 valentium,
1058 1446 1131 1499 qui
1160 1446 1293 1486 victus
1324 1450 1396 1485 aut
1427 1445 1585 1491 cultus,
1617 1445 1695 1485 nisi
1727 1450 1808 1484 tam
1839 1444 1994 1483 multae
2007 1453 2045 1482 20

226 1509 348 1549 nobis
388 1515 498 1550 artes
529 1510 842 1550 ministrarent?
883 1510 1036 1563 quihus
1076 1509 1203 1548 rebus
1244 1508 1412 1548 exculta
1451 1507 1669 1548 hominum
1710 1507 1795 1546 vita
1835 1511 1995 1546 tantum

228 1570 389 1612 destitit
427 1586 451 1613 a
492 1573 605 1613 victu
646 1578 688 1612 et
724 1573 838 1612 cultu
877 1572 1123 1612 bestiarum.
1183 1571 1312 1611 Urbes
1353 1584 1452 1611 vero
1491 1571 1580 1610 sine
1617 1569 1835 1609 hominum
1874 1574 1995 1609 coetu

227 1647 313 1674 non
353 1636 590 1688 potuissent
628 1648 705 1675 nec
744 1634 955 1675 aedificari
996 1648 1073 1674 nec
1104 1633 1386 1687 frequentari,
1427 1646 1481 1673 ex
1511 1645 1595 1685 quo
1627 1632 1739 1684 leges
1771 1644 1994 1684 moresque

229 1698 467 1746 constituti,
498 1703 585 1737 tum
617 1698 721 1737 iuris
753 1711 888 1751 aequa
920 1697 1138 1749 discriptio
1171 1702 1367 1749 certaque
1398 1694 1569 1735 vivendi
1603 1693 1848 1747 disciplina:
1889 1706 1994 1747 quas

228 1772 294 1799 res
334 1764 376 1799 et
416 1760 694 1800 mansuetudo
733 1761 967 1799 animorum
1007 1764 1229 1798 consecuta
1272 1763 1312 1797 et
1343 1757 1593 1797 verecundia
1624 1761 1686 1796 est
1717 1758 2043 1809 effectumque25

228 1827 275 1862 ut
304 1828 414 1862 esset
444 1823 527 1862 vita
557 1823 758 1862 munitior
787 1828 914 1875 atque
946 1827 990 1861 ut
1020 1821 1158 1861 dando
1190 1827 1231 1861 et
1260 1821 1505 1874 accipiendo
1537 1819 1834 1872 mutandisque
1865 1818 1996 1859 facul-

227 1885 382 1925 tatibus
413 1890 456 1925 et
485 1885 717 1925 commodis
749 1885 864 1924 nulla
893 1898 937 1924 re
970 1897 1203 1937 egeremus.

341 1948 390 1987 V.
438 1945 502 1987 slG.
551 1948 780 2000 Longiores
821 1947 900 1987 hoc
942 1947 1035 1986 loco
1075 1959 1219 1986 sumus
1262 1959 1384 1999 quam
1425 1958 1599 1985 necesse
1642 1950 1716 1984 est.
1792 1943 1896 1991 Quis
1935 1948 1996 1982 est

229 2010 339 2050 enim
371 2011 437 2050 cui
466 2024 550 2051 non
582 2011 803 2063 perspicua
835 2011 918 2049 sint
947 2010 1036 2055 illa,
1070 2022 1178 2062 quae
1209 2008 1399 2060 pluribus
1430 2008 1567 2047 verbis
1599 2020 1622 2047 a
1654 2007 1851 2046 Panaetio
1883 2019 1996 2045 com-

229 2079 533 2120 memorantur,
575 2073 786 2112 neminem
824 2086 959 2125 neque
999 2072 1146 2111 ducem
1179 2070 1276 2110 belli
1308 2084 1384 2110 nec
1415 2070 1646 2123 principem
1679 2070 1793 2109 domi
1825 2077 2045 2121 magnas3o

227 2146 297 2174 res
329 2140 370 2174 et
400 2135 602 2175 salutares
635 2136 724 2175 sine
756 2136 970 2175 hominum
1001 2134 1147 2173 studiis
1179 2146 1325 2185 gerere
1356 2133 1576 2186 potuisse?
1639 2131 1996 2171 Commemoratur

229 2197 280 2236 ab
313 2210 362 2236 eo
394 2198 718 2245 Themistocles,
751 2198 954 2244 Pericles,
987 2197 1141 2249 Cyrus,
1172 2196 1412 2247 Agesilaus,
1444 2193 1702 2241 Alexander,
1734 2206 1840 2246 quos
1871 2198 1997 2245 negat

229 2260 320 2300 sine
351 2259 603 2299 adiumentis
633 2255 853 2299 hominum
886 2265 1021 2299 tantas
1053 2272 1119 2298 res
1152 2258 1320 2298 efficere
1352 2258 1553 2310 potuisse.
1600 2256 1736 2296 Utitur
1765 2257 1806 2295 in
1838 2269 1880 2295 re
1909 2268 1995 2295 non

231 2321 360 2361 dubia
390 2322 566 2362 testibus
597 2335 682 2362 non
713 2322 979 2362 necessariis.
1049 2323 1184 2375 Atque
1217 2326 1262 2360 ut
1292 2333 1463 2373 magnas
1494 2319 1695 2359 utilitates
1725 2318 1996 2372 adipiscimur

230 2385 541 2438 conspiratione
570 2385 787 2425 hominum
818 2390 945 2438 atque
976 2398 1199 2431 consensu,
1230 2383 1289 2422 sic
1320 2382 1436 2422 nulla
1466 2387 1546 2422 tam
1578 2380 1837 2420 detestabilis
1866 2380 2047 2433 pestisas

231 2451 317 2495 est,
359 2460 469 2501 quae
511 2460 596 2487 non
634 2447 796 2487 homini
836 2447 886 2487 ab
927 2447 1099 2487 homine
1137 2450 1346 2487 nascatur.
1416 2445 1490 2485 Est
1521 2441 1761 2483 Dicaearchi
1797 2442 1905 2482 liber
1943 2442 1995 2482 de

319 2633 350 2665 4.
366 2634 586 2666 necessarium
609 2633 633 2665 B
660 2650 695 2655 —
723 2642 863 2664 aurum.
882 2636 1058 2673 argentum
1081 2632 1220 2664 Bllbc:
1246 2633 1440 2672 argentum.
1459 2636 1581 2659 aarum
1604 2634 1625 2659 a
1650 2626 1725 2667 (scd
1749 2626 1856 2667 signis
1880 2628 1997 2659 trans-

230 2683 413 2724 positionis
439 2685 518 2717 ead.
535 2693 583 2717 m.
602 2683 738 2722 additis)
766 2691 784 2715 o
814 2701 846 2706 -
874 2683 907 2715 4.
924 2685 1067 2714 humano
1091 2683 1202 2723 qeneri
1226 2690 1245 2714 o
1273 2699 1308 2704 —
1342 2681 1372 2712 5.
1391 2679 1564 2710 subuenire
1587 2677 1728 2708 Bllab:
1755 2676 1923 2707 subueniri
1947 2683 1996 2708 co

233 2749 269 2754 —
296 2733 329 2764 vi
352 2741 422 2765 om.
441 2741 460 2765 e
488 2752 523 2756 —
551 2734 581 2765 6.
607 2734 728 2764 harum
752 2742 843 2764 corr.
864 2742 906 2764 ex
930 2742 1045 2764 earum
1068 2733 1088 2764 b
1116 2750 1150 2754 -
1178 2733 1209 2763 7.
1236 2735 1271 2762 αι
1294 2731 1449 2763 deductus
1471 2729 1520 2767 bp
1550 2745 1583 2749 —
1610 2727 1641 2757 9.
1660 2735 1762 2765 opera
1787 2727 1994 2758 Ascensius:

232 2790 328 2821 opere
353 2783 453 2823 Cpo.
481 2784 531 2816 Cs.
550 2793 582 2815 v,
596 2784 647 2815 4⁵2..
660 2784 756 2824 454).
770 2784 843 2822 686,
856 2784 908 2815 29.
923 2801 966 2806 —
990 2783 1042 2814 ἸΟ.
1060 2782 1219 2813 utilitates
1234 2789 1325 2811 corr.
1345 2788 1386 2810 ex
1403 2778 1530 2810 utilitas
1544 2777 1564 2807 b
1582 2793 1615 2798 —
1641 2775 1691 2806 his
1706 2784 1738 2813 a,
1756 2775 1818 2814 hijs
1834 2782 1852 2806 c
1873 2793 1908 2798 —
1933 2776 1999 2807 sint

234 2832 276 2863 C:
297 2836 372 2863 sunt
394 2841 414 2864 0
441 2851 475 2855 —
501 2834 672 2864 inanimae
696 2841 734 2864 a:
762 2834 912 2864 inanima
935 2833 1046 2867 BHb3
1073 2833 1258 2862 inanimata
1284 2837 1302 2860 c
1327 2847 1368 2851 ——
1392 2829 1443 2859 Μ.
1463 2836 1503 2858 ea
1519 2825 1594 2865 (sed
1611 2833 1625 2855 s
1642 2824 1719 2856 ead.
1740 2833 1785 2856 m.
1805 2825 1997 2865 superscr.)

233 2880 258 2912 B
277 2898 311 2903 -
335 2882 388 2913 42.
411 2884 630 2922 potuissemus
653 2891 674 2914 a
700 2899 735 2905 —-
763 2884 848 2921 Quid
871 2884 1010 2922 (lenique
1032 2891 1053 2914 a
1080 2900 1115 2905 —
1140 2883 1268 2921 fructus
1291 2883 1389 2917 alque
1411 2876 1627 2908 commoditas
1649 2883 1667 2906 c
1695 2892 1730 2898 -—
1758 2874 1809 2905 ⁴6.
1835 2882 1888 2905 eos
1910 2875 1932 2906 b
1960 2891 1995 2897 —

233 2938 277 2961 σεε
298 2930 348 2961 lzis
377 2939 415 2970 a,
448 2941 491 2963 ex
515 2933 576 2971 hijs
607 2940 626 2963 c
664 2949 696 2955 —-
737 2933 789 2963 47.
815 2932 856 2963 ab
880 2933 1064 2971 hisdemque
1088 2940 1172 2970 quae
1195 2933 1309 2962 nocent
1332 2927 1576 2967 interficiuntur
1599 2925 1729 2956 Nonius
1755 2933 1788 2964 p.
1804 2923 1876 2955 330.
1907 2941 1943 2946 —
1969 2927 1998 2956 et

235 2980 326 3019 (ante
343 2982 410 3020 eae)
435 2989 505 3013 om.
524 2989 543 3012 c
569 2999 604 3004 —
637 2991 677 3013 ea
701 2989 719 3012 c
753 2997 787 3004 —-
824 2983 876 3014 48.
898 2983 1024 3021 possint
1048 2990 1065 3012 c
1099 2999 1134 3004 —
1169 2982 1219 3011 49.
1248 2980 1310 3018 (mi
1326 2995 1373 3000 --
1389 2975 1616 3008 subveniretur
1640 2973 1840 3005 Gernhard:
1870 2972 1933 3012 Qui
1950 2989 1996 2994 -—

232 3028 419 3060 subueniret
441 3030 522 3067 BH3
551 3031 687 3070 Quis--
701 3031 887 3062 subueniret
911 3040 946 3070 ⁰3
973 3030 1314 3070 Quid--subucniret
1337 3028 1414 3059 abo
1436 3043 1469 3048 -
1497 3026 1550 3056 ΞΟ.
1568 3023 1674 3055 mulla
1698 3031 1746 3063 cp
1763 3040 1805 3045 —
1829 3022 1882 3053 2⁴.
1902 3020 1998 3052 rebus

235 3086 306 3110 om.
324 3086 343 3109 c
369 3096 404 3100 —
431 3078 485 3110 22.
511 3081 630 3111 destitit
654 3081 793 3111 BHab:
821 3081 920 3111 distat
943 3089 1019 3120 opo
1048 3099 1080 3104 -
1117 3090 1137 3111 α
1161 3080 1339 3111 bestiarum
1362 3078 1454 3107 uictu
1476 3079 1505 3105 et
1529 3074 1619 3105 culta
1641 3081 1660 3105 c
1693 3090 1727 3096 -
1760 3076 1790 3105 et
1811 3071 1902 3102 cultu
1925 3069 1994 3102 del.

234 3127 361 3167 Unger.
388 3144 421 3150 -
449 3128 502 3161 24.
528 3130 696 3169 discriptio
719 3130 795 3161 Hb:
833 3131 1006 3170 descriptio
1029 3132 1148 3162 Baco.
1189 3128 1286 3161 cons.
1316 3135 1392 3168 pag.
1416 3125 1490 3163 674,
1507 3126 1537 3155 ὓ.
1564 3141 1605 3147 —
1628 3123 1682 3155 26.
1709 3126 1808 3162 alque
1830 3124 1865 3152 ut
1888 3120 1997 3151 dando

236 3180 267 3208 et
289 3177 476 3216 accipiendo
492 3195 539 3202 —-
553 3181 647 3211 nulla
669 3189 705 3211 re
728 3188 894 3219 eyeremus
916 3181 1045 3212 Nonius
1071 3189 1103 3220 p.
1120 3180 1194 3210 275.
1225 3196 1259 3200 —
1283 3175 1514 3213 mutandisque
1535 3172 1749 3212 facultatibus
1772 3175 1801 3203 et
1822 3169 1998 3202 commodis

237 3227 279 3258 C:
305 3228 558 3267 mutuandisque
579 3229 793 3269 facultatibus
815 3233 844 3260 et
867 3230 1112 3260 commodandis
1134 3228 1278 3263 Nonius,
1298 3233 1328 3256 o.
1367 3224 1418 3256 Cf.
1445 3225 1457 3254 l
1482 3224 1502 3263 δ
1520 3224 1571 3256 22.
1600 3239 1636 3244 —
1662 3222 1715 3253 28.
1741 3221 1828 3252 enim
1850 3222 1895 3252 esc
1918 3226 1937 3249 ο
1958 3234 1993 3241 -

234 3274 288 3307 30.
313 3275 386 3308 belli
408 3284 474 3317 op:
499 3277 580 3311 bello
602 3279 744 3315 BHab;
770 3279 805 3310 in
828 3278 907 3311 bello
931 3279 1116 3312 Manutius.
1152 3277 1201 3309 Ct'.
1228 3276 1312 3316 585.
1339 3291 1382 3297 -
1411 3273 1465 3306 32.
1489 3271 1677 3313 haqesilaus
1699 3270 1777 3302 BH.
