2249 3624
376 164 456 207 ’166
760 167 831 207 DE
860 164 1068 206 FINIBUS
1100 165 1360 207 BONORUM
1388 164 1457 205 ET
1487 164 1753 206 MALORUM

375 280 511 333 giores
551 292 706 320 sumus.
766 279 968 318 Neutrum
1005 291 1123 326 vero,
1164 278 1303 331 inquit
1339 277 1432 324 ille;
1471 289 1567 316 nam
1607 279 1648 316 et
1687 289 1711 316 a
1745 279 1785 315 te
1825 274 1969 329 perfici
2011 277 2133 318 istam

375 342 696 395 disputationem
733 340 852 386 volo,
893 353 970 379 nec
1010 344 1081 380 tua
1122 339 1221 380 mihi
1262 340 1394 380 oratio
1426 338 1552 391 longa
1582 338 1714 378 videri
1745 343 1896 391 potest.
1954 338 2134 392 Optime,

374 403 572 457 inquam:
605 403 702 456 quid
735 402 844 442 enim
878 401 978 441 mihi
1008 407 1147 454 potest
1174 416 1265 442 esse
1297 401 1480 454 optatius
1511 414 1634 453 quam
1658 414 1749 440 cum
1774 400 1928 441 Catone
1951 402 2135 442 omnium

373 465 572 504 virtutum
614 468 784 504 auctore
827 464 877 503 de
907 463 1130 503 virtutibus
1170 464 1409 517 disputare?
1469 460 1535 502 45.
1569 462 1650 502 Sed
1683 463 1863 515 primum
1894 464 1998 504 illud
2029 463 2135 511 vide,

341 526 661 578 bgravissimam
700 526 815 566 illam
845 530 1024 565 vestram
1062 526 1332 573 sententiam,
1371 538 1478 578 quae
1510 524 1708 564 familiam
1740 525 1871 574 ducit,
1910 526 2135 566 honestum

375 587 488 640 quod
520 588 593 635 sit,
625 588 666 627 id
700 601 792 628 esse
824 588 957 628 solum
988 587 1141 628 bonum
1173 588 1433 642 honesteque
1456 588 1595 627 vivere
1621 587 1827 627 bonorum
1849 587 1993 635 finem,
2026 601 2136 627 com—

373 662 541 689 munem
582 649 670 690 fore
706 650 825 690 vobis
866 663 957 689 cum
998 651 1209 698 omnihus,
1252 651 1323 704 qui
1354 652 1396 690 in
1427 663 1509 689 una
1540 651 1691 689 virtute
1723 651 1982 690 constituunt
2012 646 2136 688 finem

371 711 603 760 bonorum,
640 711 839 766 quodque
879 712 1033 759 dicitis,
1075 712 1289 753 informari
1328 726 1412 752 non
1443 726 1562 766 posse
1593 714 1804 760 virtutem,
1844 713 1877 753 si
1910 713 2135 767 quicquam

372 773 453 813 nisi
494 774 606 827 quod
641 774 866 815 honestum
905 774 956 814 sit
991 780 1249 823 numeretur,
1294 776 1401 815 idem
1445 774 1607 814 dicetur
1646 775 1696 814 ab
1736 775 1842 822 illis,
1875 788 1982 828 quos
2012 771 2135 813 modo

323 844 358 872 40
373 835 599 875 nominavi.
649 836 750 876 Mihi
781 840 919 875 autem
951 836 1126 890 aequius
1156 837 1375 877 videbatur
1402 838 1611 876 Zenonem
1643 850 1733 876 cum
1756 837 1980 876 Polemone
2003 835 2136 875 disce-

373 902 577 950 ptantem,
608 910 632 938 a
663 911 745 951 quo
778 911 885 951 quae
916 903 1057 938 essent
1084 899 1291 952 principia
1322 903 1494 938 naturae
1525 904 1762 951 acceperat,
1793 912 1817 938 a
1848 898 2136 939 communibus

373 958 502 998 initiis
533 960 868 1013 progredientem
901 960 1061 1006 videre,
1103 961 1171 1000 ubi
1219 960 1398 1014 primum
1428 960 1642 1000 insisteret
1673 966 1714 1001 et
1742 961 1854 1002 unde
1886 974 2009 1000 causa
2039 973 2137 1000 con-

373 1022 602 1062 troversiae
633 1027 892 1070 nasceretur,
922 1036 1008 1062 non
1039 1027 1216 1062 stantem
1250 1035 1342 1061 cum
1374 1021 1443 1068 iis,
1476 1021 1546 1075 qui
1579 1034 1630 1061 ne
1660 1022 1849 1062 dicerent
1870 1022 2042 1076 quidem
2064 1035 2137 1062 sua

374 1095 535 1123 summa
573 1084 681 1125 bona
720 1099 811 1125 esse
843 1098 866 1124 a
896 1090 1042 1125 natura
1079 1083 1283 1136 profecta,
1320 1083 1380 1122 uti
1410 1083 1543 1122 isdem
1574 1084 1848 1136 argumentis,
1887 1084 2041 1138 quibus
2076 1083 2137 1123 illi

325 1153 360 1183 45
374 1149 609 1195 uterentur,
643 1147 862 1200 isdemque
894 1147 1126 1186 sententiis.

486 1207 615 1249 XVII.
646 1207 713 1249 46.
744 1210 915 1250 Minime
946 1222 1043 1248 vero
1075 1208 1178 1248 illud
1209 1208 1360 1261 probo,
1399 1207 1531 1261 quod,
1569 1221 1662 1248 cum
1693 1209 1913 1257 docuistis,
1945 1213 1989 1249 ut
2018 1210 2136 1250 vobis

373 1267 595 1319 videmini,
634 1272 769 1311 solum
808 1271 965 1310 bonum
1006 1284 1097 1310 esse
1137 1270 1249 1323 quod
1290 1270 1510 1310 honestum
1552 1271 1626 1318 sit,
1668 1275 1753 1310 tum
1795 1285 1959 1312 rursum
1999 1272 2136 1312 dicitis

373 1329 492 1371 initia
532 1334 709 1387 proponi
751 1346 922 1373 necesse
964 1346 1056 1372 esse
1097 1338 1191 1386 apta
1222 1337 1262 1372 et
1292 1332 1601 1372 accommodata
1632 1338 1827 1380 naturae,
1870 1348 2048 1387 quorum
2083 1348 2137 1374 ex

374 1393 602 1435 selectione
634 1397 763 1436 virtus
794 1396 927 1449 possit
958 1395 1175 1435 exsistere.
1224 1396 1315 1434 Non
1339 1396 1448 1434 enim
1476 1395 1518 1434 in
1541 1396 1768 1435 selectione
1790 1397 1919 1436 virtus
1942 1399 2136 1451 ponenda

324 1463 360 1494 20
375 1461 480 1504 erat,
511 1463 558 1497 ut
587 1457 629 1497 id
659 1459 816 1512 ipsum,
849 1458 960 1510 quod
985 1462 1072 1497 erat
1099 1458 1305 1497 bonorum
1328 1458 1541 1505 ultimum,
1572 1458 1684 1497 aliud
1707 1458 1866 1511 aliquid
1888 1461 2135 1512 acquireret.

372 1518 475 1558 Nam
518 1520 678 1568 omnia,
721 1534 828 1574 quae
860 1520 1061 1560 sumenda
1091 1534 1282 1573 quaeque
1321 1520 1497 1572 legenda
1528 1525 1599 1560 aut
1630 1522 1812 1573 optanda
1844 1527 1957 1566 sunt,
1997 1522 2136 1564 inesse

373 1580 526 1621 debent
556 1583 597 1622 in
630 1597 790 1624 summa
820 1584 1048 1629 honorum,
1080 1587 1125 1622 ut
1154 1583 1210 1628 is,
1243 1582 1313 1635 qui
1345 1595 1432 1621 eam
1466 1583 1641 1635 adeptus
1673 1584 1747 1630 sit,
1784 1584 1888 1623 nihil
1920 1591 2136 1637 praeterea

373 1643 595 1685 desideret.
644 1647 824 1687 Videsne
856 1651 925 1693 ut,
957 1646 1108 1700 quibus
1141 1658 1300 1685 summa
1332 1650 1393 1684 est
1423 1645 1465 1683 in
1498 1645 1731 1698 voluptate,
1771 1647 2039 1699 perspicuum
2070 1650 2135 1697 sit,

374 1707 476 1760 quid
516 1708 567 1748 iis
606 1708 841 1749 faciendum
888 1709 941 1748 sit
980 1714 1050 1748 aut
1089 1722 1172 1748 non
1214 1707 1478 1746 faciendum?
1516 1713 1562 1746 ut
1603 1721 1723 1746 nemo
1766 1709 1948 1757 dubitet,
1990 1724 2134 1751 eorum

321 1781 358 1810 25
373 1771 511 1810 omnia
542 1770 679 1812 officia
712 1786 795 1825 quo
837 1778 1043 1825 spectare,
1086 1770 1185 1824 quid
1218 1771 1361 1823 sequi,
1403 1770 1503 1822 quid
1535 1769 1677 1822 sugere
1711 1770 1921 1810 debeant?
1966 1773 2026 1812 Sit
2054 1773 2134 1813 hoc

371 1833 562 1873 ultimum
604 1835 833 1881 bonorum,
881 1835 993 1887 quod
1026 1848 1137 1873 nunc
1168 1847 1191 1873 a
1222 1847 1285 1872 me
1318 1832 1575 1872 defenditur:
1618 1838 1793 1885 apparet
1822 1834 1983 1882 statim,
2026 1849 2133 1888 quae

372 1896 455 1936 sint
485 1897 643 1945 officia,
675 1911 782 1951 quae
813 1897 1011 1937 actiones.
1067 1896 1195 1936 Vobis
1227 1901 1384 1941 autem,
1418 1895 1570 1947 quibus
1602 1895 1709 1934 nihil
1741 1901 1803 1935 est
1834 1896 1947 1935 aliud
1981 1911 2135 1950 propo-

371 1959 496 1999 situm
530 1961 610 2000 nisi
641 1964 797 2000 rectum
828 1964 952 2012 atque
983 1958 1226 2005 honestum,
1259 1957 1369 1997 unde
1400 1955 1547 2004 oflicii,
1579 1958 1690 1996 unde
1712 1958 1860 2009 agendi
1884 1959 2134 2013 principium

370 2028 584 2070 nascatur,
622 2036 704 2062 non
746 2021 976 2075 reperietis.
1036 2018 1101 2059 417.
1136 2021 1223 2059 Hoc
1255 2021 1381 2073 igitur
1412 2025 1660 2073 quaerentes
1693 2033 1859 2067 omnes,
1901 2026 1941 2059 et
1971 2020 2022 2067 ii,
2063 2022 2133 2074 qui

319 2093 356 2122 30
372 2085 668 2138 quodcumque
708 2084 751 2123 in
794 2089 975 2123 mentem
1014 2084 1151 2122 veniat
1189 2088 1260 2122 aut
1297 2083 1595 2136 quodcumque
1627 2088 1817 2122 occurrat
1846 2096 1890 2122 se
1922 2084 2041 2136 sequi
2072 2084 2134 2123 di-

370 2151 484 2191 cent,
529 2151 570 2186 et
610 2160 684 2187 vos
728 2146 779 2186 ad
821 2152 1010 2185 naturam
1044 2145 1329 2184 revertemini:
1377 2145 1527 2197 quibus
1559 2150 1707 2184 natura
1739 2145 1828 2184 iure
1869 2146 2135 2197 responderit

369 2222 455 2249 non
487 2223 578 2249 esse
609 2223 753 2249 verum
784 2209 953 2248 aliunde
986 2206 1107 2247 linem
1140 2209 1259 2248 beate
1292 2209 1477 2256 vivendi,
1518 2222 1541 2248 a
1584 2223 1627 2249 se
1660 2209 1864 2262 principia
1894 2208 1954 2247 rei
1988 2221 2134 2260 geren-

369 2271 446 2311 dae
478 2271 587 2324 peti:
620 2284 711 2310 esse
743 2271 851 2309 enim
884 2283 1007 2309 unam
1039 2271 1266 2317 rationem,
1299 2285 1379 2323 qua
1411 2278 1449 2311 ct
1480 2272 1686 2324 principia
1716 2286 1853 2311 rerum
1877 2271 2132 2323 agendarum

369 2339 409 2374 et
439 2334 584 2374 ultima
616 2334 820 2374 bonorum
853 2334 1190 2381 continerentur,
1224 2340 1347 2386 atque
1380 2340 1423 2372 nt
1454 2334 1660 2373 Aristonis
1693 2339 1803 2374 esset
1834 2334 2008 2386 explosa
2040 2348 2133 2374 sen-

319 2396 515 2443 35tentia,
562 2396 740 2435 dicentis
780 2395 881 2434 nihil
920 2395 1086 2434 differre
1118 2396 1228 2435 aliud
1261 2397 1311 2435 ab
1352 2397 1433 2435 alio
1476 2410 1552 2435 nec
1595 2410 1684 2436 esse
1725 2410 1789 2436 res
1828 2395 1934 2435 ullas
1971 2402 2134 2448 praeter

367 2459 543 2499 virtutes
576 2465 615 2498 et
646 2459 765 2504 vitia,
798 2459 906 2497 inter
937 2471 1038 2510 quas
1071 2459 1288 2511 quicquam
1322 2459 1493 2498 omnino
1526 2460 1770 2505 interesset,
1802 2459 1860 2498 sic
1892 2471 2030 2497 errare
2059 2460 2133 2498 Ze-

367 2534 541 2568 nonem,
580 2522 651 2574 qui
682 2521 796 2560 nulla
828 2522 867 2560 in
905 2535 949 2560 re
982 2520 1059 2559 nisi
1092 2522 1134 2560 in
1168 2522 1316 2561 virtute
1351 2520 1435 2574 [aut
1468 2518 1583 2573 vitio]
1618 2521 1940 2573 propensionem
1972 2533 2024 2559 ne
2056 2522 2132 2560 mi-

367 2583 466 2622 nimi
509 2584 677 2636 quidem
719 2584 917 2623 momenti
960 2583 1009 2622 ad
1051 2597 1253 2622 summum
1297 2585 1452 2623 bonum
1496 2584 1810 2636 adipiscendum
1852 2595 1942 2621 esse
1976 2582 2133 2622 diceret

368 2651 429 2692 et,
472 2658 564 2684 cum
602 2646 651 2685 ad
692 2646 853 2685 beatam
895 2646 1022 2685 vitam
1062 2646 1222 2684 nullum
1262 2652 1512 2685 momentum
1547 2652 1683 2685 cetera
1714 2646 1937 2693 haberent,
1978 2645 2030 2684 ad
2061 2659 2132 2699 ap-

453 2779 483 2810 ⁵2.
509 2780 588 2810 mihi
619 2789 666 2810 or.
693 2780 793 2820 longa
821 2781 899 2810 mihi
923 2781 989 2811 uid.
1017 2781 1040 2811 B
1070 2799 1098 2802 —
1139 2782 1168 2812 6.
1197 2781 1273 2820 quid
1296 2783 1334 2811 sil
1360 2781 1421 2811 BE
1450 2798 1481 2801 —
1520 2780 1635 2811 bonum
1661 2780 1763 2811 solurn.
1788 2781 1849 2811 BE
1878 2799 1911 2802 —
1939 2780 1972 2811 8.
1997 2781 2130 2820 confor-

365 2829 453 2860 mari
477 2829 503 2860 D
532 2847 566 2851 —
593 2830 770 2868 quicquam
795 2830 916 2860 codd:
943 2831 1112 2869 quidpiam
1137 2831 1160 2859 Ο
1183 2848 1213 2853 -
1245 2830 1273 2860 9.
1301 2831 1395 2860 macla
1421 2839 1498 2869 quos
1522 2831 1545 2861 B
1573 2848 1605 2852 —-
1636 2831 1685 2861 11.
1713 2830 1896 2871 acceperat]
1922 2831 2087 2862 accederet
2105 2832 2129 2862 B

368 2896 402 2901 —
424 2878 474 2909 44.
502 2888 524 2909 a
548 2888 616 2910 om.
644 2880 666 2911 B
691 2897 733 2903 —-
756 2885 791 2911 uc
813 2881 933 2911 hisdem
960 2882 980 2911 Β
1003 2899 1035 2903 —-
1064 2882 1114 2911 45.
1142 2880 1292 2918 Idemque
1318 2881 1358 2916 B}
1386 2881 1560 2918 iisdemque
1585 2880 1608 2910 O
1631 2897 1663 2902 -
1694 2881 1744 2911 47.
1772 2880 1890 2911 bonum
1914 2880 2016 2911 solemn
2040 2881 2064 2911 B
2092 2897 2125 2902 —

365 2928 405 2958 sit
430 2936 496 2959 non
522 2936 591 2958 om.
619 2929 643 2960 E
672 2947 701 2952 —
733 2930 783 2961 48.
811 2930 884 2970 esse]
911 2935 954 2961 est
978 2931 1002 2961 E
1029 2947 1062 2952 —-
1091 2930 1181 2969 apia]
1208 2934 1284 2959 avla
1307 2930 1330 2960 B
1347 2930 1369 2960 F,
1401 2947 1431 2951 —
1460 2938 1501 2959 ea:
1524 2929 1690 2960 seleclione
1715 2929 1820 2961 Aldus
1846 2938 1974 2971 nepos:
2001 2939 2043 2961 ea)
2066 2929 2131 2961 ele—

365 2978 469 3009 ctione
494 2978 595 3009 codd.
626 2997 659 3001 —
686 2980 738 3009 20.
765 2980 856 3010 aliud
881 2980 1013 3019 aliquod
1038 2981 1060 3010 B
1077 2980 1099 3010 E
1130 2998 1163 3001 —
1191 2978 1243 3009 24..
1271 2980 1356 3018 quod
1379 2980 1436 3017 hys
1460 2980 1482 3009 Β
1500 2980 1523 3010 Ε
1544 2996 1577 3000 -
1607 2980 1659 3010 G25.
1687 2989 1747 3019 que
1770 2984 1915 3019 spectare
1939 2979 1963 3010 E
1984 2997 2017 3001 —
2046 2979 2131 3018 quod

363 3026 477 3066 fugere
500 3028 523 3057 Β
541 3028 563 3058 Ε
592 3045 625 3049 -
660 3028 804 3060 debeant..
831 3030 880 3059 Sic
904 3030 927 3060 O
955 3047 988 3051 —
1023 3029 1073 3059 ²29,
1101 3030 1274 3067 reperieris
1299 3030 1378 3066 (non
1403 3029 1550 3067 reperies)
1577 3029 1599 3059 B
1616 3030 1639 3059 E
1676 3047 1709 3051 —
1742 3031 1797 3061 hec
1822 3030 1844 3061 B
1873 3048 1906 3052 -
1941 3032 2130 3068 quaerentes

366 3077 593 3107 Goerenzius:
622 3082 789 3115 quaeretes
813 3079 891 3110 cod.
919 3079 1111 3120 Spirensis:
1149 3079 1281 3117 quertlis
1306 3079 1347 3109 B:
1380 3088 1516 3117 quaeres
1540 3077 1593 3109 alii
1622 3097 1655 3102 —
1687 3083 1715 3110 el
1738 3080 1778 3119 hy
1803 3080 1889 3118 quod
1913 3080 2130 3118 quidcumque

365 3126 406 3161 Β;
433 3129 462 3156 et
484 3126 525 3164 hy
549 3127 634 3165 quod
658 3128 852 3167 quicumque
870 3130 893 3160 E
914 3147 947 3151 —-
975 3129 1027 3160 31.
1053 3129 1260 3160 renerlemini
1286 3128 1388 3159 codd.
1408 3127 1525 3159 multi:
1554 3130 1754 3160 revertimini
1779 3130 1837 3161 ΒΟ
1858 3147 1891 3150 -
1919 3129 1970 3159 32.
1995 3129 2128 3169 gerendi

364 3175 389 3206 B
410 3192 445 3197 —
473 3175 525 3207 33.
549 3177 636 3215 peli:
661 3178 734 3217 esse]
758 3180 890 3217 peciisse
914 3180 936 3209 B
956 3195 991 3200 —
1018 3179 1069 3209 36.
1091 3179 1244 3218 quicquid
1270 3178 1292 3209 [Ξ
1314 3196 1346 3199 -
1374 3178 1424 3209 37.
1453 3182 1509 3208 aul
1532 3179 1610 3209 vilio
1637 3180 1769 3219 primus
1787 3178 1929 3211 seclusit
1945 3179 2120 3214 Davisiu53

365 3225 439 3256 sine
464 3225 563 3256 uncis
589 3226 619 3256 M
643 3244 676 3249 —
705 3227 756 3259 39.
783 3232 890 3260 cetera
912 3229 1066 3260 haberent
1088 3229 1266 3259 Brcmius:
1299 3236 1337 3258 ea
1364 3236 1415 3258 res
1438 3227 1568 3259 haberet
1593 3228 1693 3259 codd.
1722 3230 1757 3260 ct
1780 3229 1804 3260 O
1829 3229 1966 3268 (ceterae
1988 3236 2040 3259 res
2062 3228 2125 3258 ha-

364 3273 473 3305 berent
495 3275 676 3314 Davisius).
