2249 3624
329 254 412 297 934
1066 255 1346 296 CICERONIS

329 361 607 401 moderatione
647 373 731 399 rem
775 365 855 399 tam
897 358 1100 397 difficilem
1140 356 1227 396 aliis
1269 358 1524 407 tractaverit,
1567 357 1685 397 lectio
1721 359 1809 411 ipsa
1843 359 2081 400 declarabit.

329 425 617 463 Adiumentum
647 430 782 462 autem
810 423 973 471 habuit,
1010 421 1139 472 quod,
1172 422 1277 459 sicut
1305 420 1501 469 diximus,
1546 421 1782 471 Cornelius,
1816 429 1981 474 praeter
2008 424 2085 463 de—

329 489 510 527 strictum
539 488 794 538 propositum
815 485 1014 524 adversus
1041 485 1272 535 principum
1292 483 1556 533 voluntatem,
1587 491 1722 524 cetera
1742 486 1823 524 vita
1851 485 1946 524 nihil
1972 487 2085 525 fece-

328 557 411 599 rat,
444 550 554 601 quod
589 562 733 600 magno
770 560 894 599 opere
934 547 1258 598 improbaretur:
1304 552 1520 598 praeterea
1549 547 1658 597 quod
1686 548 1840 599 etipse
1870 547 2083 598 Globulus,

296 615 396 665 5qui
424 615 726 661 intercesserat,
759 611 900 650 aderat
920 610 1121 658 CorneliO,
1153 611 1181 659 †
1201 615 1242 647 et
1268 608 1379 660 quod
1406 610 1540 660 ipsum
1570 621 1733 661 quoque
1762 609 1952 660 diximus,
1975 610 2085 661 quod

329 676 541 716 Cornelius
583 675 760 725 Pompeii
800 673 928 722 Magni
967 677 1162 723 quaestor
1199 672 1328 709 fuerat
1366 671 1475 722 apud
1503 670 1607 710 duas
1638 700 1775 711 .....
1808 673 2084 723 praefecturas

328 740 509 790 equitum
538 739 649 777 Rom.
681 743 721 775 et
747 736 908 775 tribuno
933 764 1074 772 .....
1105 741 1146 772 et
1165 746 1214 772 ex
1234 735 1351 772 tertia
1373 745 1537 785 quoque
1563 741 1679 785 parte
1702 762 1840 775 .....
1862 734 1971 786 apud
1992 735 2085 785 ple—

328 813 478 852 rosque
521 800 703 850 exceptis
744 799 791 837 iis
823 827 961 836 .....
997 795 1201 835 familiaris
1242 797 1471 846 principum
1517 797 1701 835 civitatis.
1774 798 1852 835 Res
1893 803 1981 836 acta
2024 802 2087 836 est

329 876 473 914 magno
514 869 717 901 conventu
757 873 986 912 magnaque
1030 860 1361 911 exspectatione,
1406 859 1497 910 quis
1539 865 1710 897 eventus
1751 859 1887 898 iudicii
1928 861 2085 899 futurus

280 940 314 968 40
329 933 440 965 esset
461 956 600 964 .....
659 928 688 964 Α
717 925 886 963 summis
914 924 1010 961 viris
1039 922 1115 960 dici
1145 922 1420 960 testimonium
1443 950 1584 959 .....
1613 928 1652 960 et
1678 922 1739 971 id,
1769 923 1878 973 quod
1908 924 1942 961 ei
1970 922 2086 961 dice-

328 996 432 1039 rent,
463 989 644 1027 confiteri
674 985 1068 1027 animadvertebant.
1132 985 1276 1022 Exstat
1304 984 1429 1022 oratio
1459 984 1627 1023 Cominii
1658 985 1929 1034 accusatoris,
1964 997 2086 1036 quam

329 1065 491 1091 sumere
519 1053 558 1090 in
588 1064 731 1090 manus
760 1057 823 1089 est
849 1049 1013 1099 aliquod
1050 1059 1200 1098 operae
1236 1047 1432 1097 pretium,
1474 1059 1555 1085 non
1595 1047 1725 1085 solum
1765 1053 1934 1099 propter
1965 1048 2086 1087 Cice-

330 1116 439 1154 ronis
475 1117 703 1162 orationes,
747 1125 849 1164 quas
886 1124 958 1163 pro
999 1109 1186 1150 Cornelio
1228 1108 1451 1158 habemus,
1494 1108 1568 1147 sed
1604 1110 1723 1148 etiam
1752 1116 1921 1162 propter
1955 1116 2087 1149 semet

329 1179 483 1229 ipsam:
516 1178 658 1216 Cicero
687 1177 776 1227 ipse
803 1175 1001 1225 significat
1030 1171 1246 1223 quatriduo
1277 1171 1510 1210 Cornelium
1540 1172 1795 1211 defendisse:
1827 1185 1930 1224 quas
1958 1173 2086 1212 actio-

281 1252 404 1282 45nes
442 1240 661 1279 contulisse
701 1251 792 1278 eum
829 1238 870 1276 in
898 1236 1000 1276 duas
1039 1236 1242 1274 orationes
1282 1241 1467 1286 apparet.
1532 1236 1728 1274 Iudicium
1755 1236 1797 1275 id
1827 1236 2009 1275 exercuit
2035 1236 2083 1283 Q.

330 1303 482 1343 Gallius
509 1309 687 1354 praetor.

743 1400 1048 1439 TESTIMONIA
1078 1399 1193 1438 TRIA
1222 1399 1286 1437 DE
1319 1399 1669 1438 CORNELIANIS.

432 1475 464 1513 1.
505 1474 671 1511 Frustra
691 1469 863 1508 Tullium
885 1469 1144 1520 suspicimus.
1200 1469 1336 1506 Refert
1366 1468 1471 1506 enim
1493 1467 1708 1507 Cornelius
1727 1469 1863 1519 Nepos
1891 1479 1935 1507 se
1961 1480 2085 1519 prae-

331 1542 446 1576 sente
474 1534 619 1576 iisdem
649 1546 781 1585 paene
808 1532 963 1574 verbis,
1001 1531 1150 1583 quibus
1181 1530 1287 1569 edita
1317 1537 1400 1580 est,
1433 1544 1520 1570 eam
1549 1544 1622 1582 pro
1653 1531 1861 1580 Cornelio,
1892 1530 2085 1570 seditioso

286 1599 507 1646 20tribuno,
538 1597 816 1636 defensionem
846 1600 1089 1646 peroratam.
1147 1595 1505 1645 (Hieronymus
1533 1595 1606 1645 Ep.
1627 1596 1672 1633 71
1703 1595 1755 1633 ad
1785 1594 2085 1633 Pammachium

331 1662 428 1713 Cap.
461 1663 496 1699 4.
552 1661 593 1698 ln
625 1658 800 1698 Cornelii
828 1658 995 1708 Nepotis
1024 1658 1164 1707 fragm.
1195 1657 1267 1695 Ed.
1298 1656 1445 1695 Bardili
1474 1658 1517 1696 T.
1549 1658 1581 1696 2.
1616 1670 1656 1708 p.
1687 1657 1785 1706 344.)

429 1724 464 1762 2.
508 1723 760 1761 Adversatur
795 1721 855 1758 his
894 1719 1094 1758 Plinius
1132 1720 1205 1770 Ep.
1239 1722 1272 1768 1,
1301 1720 1361 1767 20,
1392 1722 1427 1757 ὃ.
1493 1719 1645 1758 Tullius
1677 1732 1749 1770 pro
1792 1718 1977 1758 Cluentio
2016 1718 2084 1767 ait,

331 1799 399 1825 «se
427 1792 549 1824 totam
578 1796 743 1823 causam
769 1789 908 1821 vetere
936 1782 1116 1820 instituto
1146 1781 1274 1819 solum
1302 1793 1560 1831 perorasse»,
1591 1788 1630 1820 et
1657 1794 1727 1832 pro
1751 1780 1938 1820 Cornelio
1959 1792 2086 1831 «qua-

330 1848 462 1888 triduo
491 1848 670 1898 egisse›>:
703 1859 754 1884 ne
781 1846 967 1884 dubitare
1002 1845 1230 1895 possimus,
1274 1856 1379 1895 quae
1409 1857 1484 1895 per
1509 1844 1647 1896 plures
1681 1845 1793 1891 dies,
1837 1849 1880 1882 ut
1913 1854 2085 1882 necesse

282 1917 436 1960 ⁴25erat,
467 1911 586 1949 latius
615 1910 781 1952 dixerit,
822 1915 963 1960 postea
993 1909 1124 1945 recisa
1152 1920 1198 1945 ac
1228 1914 1417 1958 purgata,
1456 1907 1497 1945 in
1524 1919 1648 1945 unum
1686 1906 1854 1956 librum,
1885 1904 2084 1957 grandem

331 1974 510 2026 quidem,
540 1985 664 2011 unum
692 1979 842 2021 tamen,
874 1977 1094 2010 coartasse.

430 2039 463 2076 3.
507 2039 580 2076 Pro
620 2035 807 2074 Cornelio
848 2035 976 2086 primo
1011 2035 1182 2072 refutata
1212 2039 1305 2072 sunt
1340 2033 1531 2082 crimina,
1570 2045 1674 2084 quae
1716 2039 1855 2071 secuta
1891 2037 1986 2070 sunt
2011 2032 2085 2070 tri-

330 2102 552 2148 bunatum,
582 2104 675 2150 post
703 2097 753 2136 ad
781 2099 914 2148 ipsum
941 2096 1191 2134 tribunatum
1229 2108 1422 2133 recursus
1456 2101 1517 2133 est
1544 2096 1694 2143 factus.;
1737 2106 1842 2145 quae
1875 2093 2085 2145 dispositio

331 2162 549 2203 artificialis
577 2161 819 2200 nominatur.
877 2159 1163 2209 (Marcianus
1194 2157 1402 2208 Capella
1432 2157 1482 2195 de
1510 2158 1723 2196 Rhetorica
1750 2169 1791 2208 p.
1815 2156 1902 2196 424.
1935 2157 2085 2207 Capp.)

283 2291 318 2320 30
793 2278 955 2317 VERSU
982 2279 1015 2315 A
1044 2278 1194 2317 PRIMO
1226 2277 1459 2316 ClRCITER
1489 2276 1617 2315 CLXI.

435 2345 466 2381 1.
514 2340 742 2380 postulatur
768 2353 832 2378 me
861 2346 1048 2392 praetore
1079 2340 1252 2390 primum
1283 2338 1332 2377 de
1360 2338 1546 2389 pecuniis
1591 2336 1842 2388 repetundis.
1910 2338 2086 2388 Prospe-

334 2412 414 2444 ctat
428 2405 618 2443 vidclicet
638 2404 860 2451 Cominius,
891 2403 987 2454 quid
1017 2408 1170 2452 agatur.
1215 2401 1414 2440 Videlicet
1434 2401 1617 2438 homines
1648 2400 1813 2438 sceneos
1840 2399 1880 2437 in
1908 2398 2087 2437 medium

334 2468 385 2507 ad
413 2467 652 2506 tentandum
680 2464 907 2516 periculum
935 2464 1151 2515 proiectos.

434 2532 468 2569 2.
512 2530 647 2577 Quid?
691 2527 875 2566 Metellus
914 2540 1072 2565 summa
1113 2526 1321 2564 nobilitate
1361 2538 1406 2564 ac
1452 2526 1620 2571 virtute,
1660 2537 1750 2562 cum
1787 2524 1850 2562 bis
1886 2524 2083 2562 iurasset:

285 2603 321 2631 35
335 2593 461 2632 semel
479 2594 504 2642 ἦ
518 2593 701 2644 privatim
722 2597 838 2642 patre
866 2589 1025 2641 publice
1042 2589 1143 2639 legis
1162 2588 1346 2626 deiectus
1367 2595 1430 2626 est
1449 2588 1623 2626 ratione:
1648 2599 1697 2625 an
1718 2587 1754 2624 vi
1774 2599 1824 2625 an
1841 2586 1924 2624 veri
1945 2614 2083 2626 .....

335 2656 608 2705 suspicionem
649 2655 769 2693 animi
810 2652 911 2691 tollit
943 2683 1080 2690 .....
1116 2652 1244 2689 virtus
1286 2664 1333 2689 ac
1376 2650 1562 2701 dignitas,
1610 2656 1648 2688 et
1689 2651 1735 2697 Q.
1770 2648 1916 2687 Metelli
1939 2678 2082 2688 .....

335 2716 624 2765 adolescentia,
655 2716 705 2755 ad
734 2728 933 2754 summam
962 2713 1125 2753 laudem
1154 2713 1342 2751 omnibus
1371 2713 1497 2751 rebus
1526 2718 1680 2750 ornata.

435 2781 469 2817 3.
511 2781 681 2828 Legem,
720 2778 873 2828 inquit,
916 2776 966 2814 de
1003 2776 1282 2814 libertinorum
1337 2775 1536 2824 suffragiis
1585 2772 1796 2812 Cornelius
1839 2773 1882 2811 C.
1926 2772 2085 2811 Manilio

338 2840 462 2878 dedit.
518 2841 620 2888 Quid
650 2846 711 2878 est
739 2841 836 2889 hoc,
865 2839 1009 2877 nnnlr?
1062 2840 1122 2876 An
1152 2837 1267 2875 tulit?
1305 2850 1354 2876 an
1388 2837 1571 2887 rogavit?
1605 2848 1654 2874 an
1685 2836 1867 2873 hortatus
1904 2835 1994 2873 est?
2035 2838 2086 2874 At

290 2911 325 2940 40
339 2902 478 2941 tulisse
508 2901 720 2940 ridiculum
750 2907 834 2951 est,
874 2901 991 2952 quasi
1030 2900 1160 2950 legem
1190 2899 1366 2949 aliquam
1400 2905 1469 2937 aut
1497 2897 1547 2937 ad
1585 2896 1847 2935 scribendum
1885 2896 2086 2935 difficilem

339 2970 407 3003 aut
434 2963 483 3001 ad
513 2963 823 3013 excogitandum
865 2961 1135 3002 reconditam:
1181 2972 1285 3011 quac
1327 2960 1392 2998 lex
1431 2960 1573 3011 paucis
1613 2959 1674 2997 his
1715 2959 1830 2997 annis
1858 2971 1936 2996 non
1965 2959 2084 2997 modo

340 3027 504 3076 scripta,
536 3025 606 3064 sed
636 3028 755 3064 ctiam
787 3025 865 3064 lata
895 3032 1018 3063 esset.

441 3095 474 3125 4.
517 3089 557 3125 In
583 3100 662 3137 quo
685 3100 774 3126 cum
797 3087 919 3125 multa
946 3085 1197 3137 reprehensa
1226 3085 1317 3133 sint,
1346 3090 1429 3122 tum
1455 3085 1495 3122 in
1522 3083 1661 3134 primis
1690 3082 1877 3121 celeritas
1899 3082 2081 3121 actionis.

438 3151 474 3187 5.
515 3150 655 3187 l'etivit
683 3155 817 3187 tamen
848 3162 869 3187 a
899 3161 962 3186 me
988 3154 1106 3199 pater
1132 3147 1305 3186 maxima
1335 3147 1649 3194 contestatione,
1679 3151 1720 3183 ut
1749 3156 1912 3183 causam
1938 3143 2084 3183 Manilii

291 3219 326 3248 45
340 3210 616 3250 defenderem.

2218 3284 2220 3309 l

426 3324 478 3355 30.
516 3324 563 3355 Dc
589 3322 730 3363 singulis
755 3322 1039 3354 Cornelianarum
1072 3321 1272 3363 fragmentis
1298 3319 1535 3353 consulendus
1559 3323 1612 3352 est
1635 3320 1805 3352 Asconius
1828 3320 1967 3352 Baiteri.
1993 3319 2048 3350 01³.
2218 3339 2220 3361 ,

2218 3374 2220 3393 l

2217 3438 2219 3457 l
