2249 3624
246 170 291 213 74
302 171 327 211 8
960 171 1030 211 DE
1062 170 1288 211 OFFICIIS

247 279 282 318 si
314 277 440 319 modo
480 278 523 317 in
563 275 832 329 philosophia
872 275 1035 328 aliquid
1067 275 1346 329 profecimus,
1388 288 1636 328 persuasum
1668 288 1761 316 esse
1793 275 1941 323 dehet,
1980 274 2015 315 si

247 355 391 381 omnes
434 341 535 380 deos
565 338 846 390 hominesque
878 338 1014 377 celare
1046 339 1282 391 possimus,
1325 338 1432 377 nihil
1463 342 1600 377 tamen
1631 351 1778 385 avare,
1818 338 1923 378 nihil
1952 339 2017 378 in-

247 403 369 450 iuste,
400 402 505 442 nihil
537 400 777 446 libidinose,
808 400 913 438 nihil
944 401 1257 440 incontinenter
1285 414 1377 440 esse
1399 399 1650 440 faciendum.
1709 401 1782 440 IX.
1810 397 1877 439 38.
1907 400 2017 440 Hinc

246 465 317 504 ille
349 465 486 518 Gyges
515 462 727 503 inducitur
758 475 781 501 a
812 462 1007 509 Platone,
1047 463 1118 516 qui
1159 477 1251 502 cum
1291 469 1399 503 terra
1440 462 1703 503 discessisset
1732 463 1893 515 magnis
1924 462 2018 516 qui-

215 527 423 567 5busdam
467 525 693 572 imbribus,
741 524 961 564 deseendit
1005 525 1047 564 in
1088 525 1204 565 illum
1245 525 1407 565 hiatum
1447 538 1712 578 aeneumque
1751 538 1929 577 equum,
1970 527 2018 563 ut

245 589 384 628 serunt
423 588 611 634 fabulae,
658 586 977 634 animadvertit,
1024 587 1143 626 cuius
1183 589 1227 627 in
1265 587 1466 628 lateribus
1508 586 1620 627 fores
1653 592 1817 627 essent:
1863 585 2017 639 quibus

246 652 401 704 apertis
442 663 592 703 corpus
633 649 813 688 hominis
855 649 1007 689 mortui
1049 650 1150 689 vidit
1192 650 1480 703 magnitudine
1511 649 1725 689 invisitata
1757 649 2017 701 anulumque

246 726 417 753 aureum
459 712 503 750 in
543 711 695 764 digito,
738 725 861 764 quem
893 718 939 751 ut
969 711 1173 759 detraxit,
1214 713 1304 765 ipse
1335 713 1473 752 induit
1502 733 1557 741 —
1589 718 1677 752 erat
1707 718 1846 752 autem
1877 711 2018 763 regius

246 780 390 827 pastor
420 797 495 822 -,
536 780 621 814 tum
653 775 694 814 in
727 774 953 814 concilium
985 788 1027 813 se
1060 780 1272 827 pastorum
1306 775 1477 827 recepit.
1537 775 1599 814 Ibi
1633 789 1726 814 cum
1759 774 1898 826 palam
1929 772 2018 812 eius

196 846 231 875 io
247 837 361 876 anuli
394 836 446 876 ad
481 837 658 889 palmam
692 843 974 884 converterat,
1015 850 1037 876 a
1069 837 1185 876 nullo
1218 837 1461 884 videbatur,
1493 837 1585 890 ipse
1616 842 1755 877 autem
1787 835 1928 876 omnia
1957 834 2020 875 vi-

248 899 392 946 debat;
424 899 535 938 idem
568 913 711 939 rursus
744 899 975 946 videbatur,
1008 913 1101 939 cum
1133 900 1175 938 in
1209 899 1346 940 locum
1379 900 1551 940 anulum
1584 900 1823 939 inverterat.
1872 898 2019 949 Itaque

243 963 322 1002 hac
363 962 674 1016 opportunitate
721 962 834 1001 anuli
876 975 976 1001 usus
1020 963 1189 1014 reginae
1231 967 1423 1014 stuprum
1462 962 1604 1001 intulit
1643 975 1778 1014 eaque
1817 959 2018 1000 adiutrice

245 1039 385 1078 regem
418 1024 635 1064 dominum
666 1024 892 1070 interemit,
925 1024 1096 1064 sustulit
1127 1037 1234 1076 quos
1267 1024 1432 1063 obstare
1463 1024 1751 1070 arbitrabatur,
1783 1036 1861 1062 nec
1890 1021 1932 1061 in
1953 1020 2019 1060 his

247 1102 341 1128 eum
372 1087 630 1126 facinoribus
662 1087 886 1140 quisquam
914 1087 1053 1138 potuit
1075 1086 1236 1125 videre:
1269 1086 1328 1125 sic
1359 1092 1531 1139 repente
1563 1086 1678 1125 anuli
1709 1082 1914 1125 beneficio
1945 1095 2020 1123 rex

194 1159 229 1188 45
247 1155 416 1191 exortus
449 1154 512 1189 est
534 1149 703 1202 Lydiae.
764 1150 886 1188 Hunc
918 1149 1042 1201 igitur
1072 1149 1209 1202 ipsum
1243 1149 1415 1189 anulum
1447 1149 1481 1189 si
1503 1147 1656 1189 habeat
1681 1148 1866 1201 sapiens,
1888 1145 2020 1185 nihilo

246 1213 340 1265 plus
382 1211 462 1251 sibi
501 1211 629 1251 licere
668 1217 786 1264 putet
829 1209 1050 1264 [μεσοίη-θ,
1092 1225 1216 1264 quam
1250 1212 1283 1250 si
1315 1225 1398 1251 non
1430 1208 1653 1264 haberet];
1699 1210 1878 1250 honesta
1907 1208 2021 1248 enim

246 1275 369 1315 bonis
410 1273 531 1321 viris,
574 1288 656 1313 non
700 1274 863 1313 occulta
906 1280 1179 1326 quaeruntur.
1250 1271 1317 1312 39.
1360 1275 1497 1326 Atque
1537 1274 1744 1313 hocloco
1776 1269 2021 1325 philosophi

248 1337 444 1391 quidam,
487 1336 658 1375 minime
691 1337 785 1375 mali
819 1336 880 1375 illi
913 1336 1106 1389 quidem,
1148 1335 1221 1375 sed
1254 1349 1339 1375 non
1371 1337 1471 1376 satis
1503 1336 1637 1383 acuti,
1669 1333 1806 1375 fictam
1838 1338 1880 1373 et
1910 1346 2022 1373 com-

246 1399 485 1439 menticiam
516 1398 698 1447 fabulam
732 1398 935 1451 prolatam
968 1398 1113 1439 dicunt
1140 1411 1163 1438 a
1186 1399 1379 1445 Platone,
1413 1398 1533 1451 quasi
1556 1411 1654 1438 vero
1676 1397 1747 1437 ille
1772 1401 1843 1436 aut
1863 1395 2019 1435 factum

198 1461 289 1500 aoid
331 1474 422 1500 esse
464 1466 536 1500 aut
575 1458 661 1499 fieri
694 1461 885 1514 potuisse
918 1460 1130 1500 defendat.
1190 1461 1303 1500 Haec
1335 1466 1397 1500 est
1430 1461 1490 1499 vis
1522 1460 1648 1499 huius
1679 1458 1793 1499 anuli
1825 1463 1865 1497 et
1894 1456 2020 1497 huius

247 1523 453 1575 exempli:
496 1523 528 1562 si
562 1536 685 1562 nemo
718 1523 922 1570 sciturus,
954 1536 1076 1562 nemo
1109 1537 1159 1562 ne
1192 1523 1477 1576 suspicaturus
1512 1522 1683 1575 quidem
1716 1522 1789 1568 sit,
1821 1534 1915 1561 cum
1946 1520 2022 1560 ali-

247 1586 346 1639 quid
374 1584 616 1625 'divitiarum
652 1585 878 1638 potentiae,
911 1585 1207 1624 dominationis
1240 1584 1423 1624 libidinis
1456 1598 1581 1624 causa
1611 1584 1783 1631 feceris,
1816 1583 1850 1622 si
1881 1582 1923 1622 id
1958 1582 2020 1622 dis

246 1648 571 1701 hominibusque
611 1647 798 1687 futurum
841 1649 894 1687 sit
930 1661 1094 1700 semper
1124 1648 1336 1699 ignotum,
1368 1647 1480 1686 sisne
1511 1646 1724 1686 facturus?
1785 1647 1947 1698 Negant
1978 1645 2019 1684 id

247 1708 336 1749 fieri
374 1724 511 1762 posse.
580 1711 856 1763 Nequaquam
897 1715 1035 1762 potest
1078 1710 1118 1748 id
1160 1709 1355 1762 quidem,
1396 1708 1467 1748 sed
1502 1721 1681 1762 quaero,
1721 1708 1836 1761 quod
1867 1711 2022 1759 negant

196 1784 233 1812 25
247 1786 396 1825 posse,
435 1772 475 1811 id
509 1773 542 1812 si
575 1778 739 1825 posset,
774 1773 975 1825 quidnam
1010 1771 1223 1811 facerent?
1283 1772 1470 1824 Urguent
1501 1771 1654 1810 rustice
1686 1783 1799 1810 sane.
1859 1770 2023 1821 Negant

248 1836 357 1875 enim
397 1849 522 1888 posse
563 1841 605 1874 et
642 1834 684 1872 in
727 1848 776 1873 eo
817 1840 1023 1887 perstant,
1075 1834 1156 1873 hoc
1197 1834 1368 1873 verbum
1410 1832 1511 1886 quid
1554 1833 1691 1872 valeat
1737 1845 1819 1871 non
1862 1832 2019 1871 vident.

249 1898 352 1937 Cum
385 1898 496 1937 enim
529 1896 794 1950 quaerimus,
838 1898 870 1936 si
911 1897 1047 1936 celare
1091 1896 1274 1948 possint,
1315 1896 1417 1949 quid
1450 1895 1598 1935 facturi
1631 1895 1734 1942 sint,
1775 1908 1860 1934 non
1892 1906 2022 1947 quae-

246 1959 401 2007 rimus,
442 1960 660 2012 possintne
703 1959 862 2004 celare‚
907 1960 979 1998 sed
1024 1965 1235 2011 tamquam
1276 1964 1485 1997 tormenta
1518 1958 1726 2010 quaedam
1758 1957 2021 2003 adhibemus,

246 2027 305 2069 ut,
338 2021 372 2061 si
402 2021 695 2075 responderint
727 2034 769 2059 se
802 2021 1036 2073 inpunitate
1071 2021 1285 2073 proposita
1315 2019 1500 2060 facturos
1534 2020 1648 2072 quod
1681 2020 1892 2073 expediat,
1922 2019 2024 2059 faci-

196 2095 234 2124 30
250 2097 426 2123 norosos
459 2097 502 2123 se
535 2096 628 2122 esse
658 2082 880 2129 fateantur,
913 2084 945 2122 si
979 2088 1144 2135 negent,
1178 2083 1318 2122 onmia
1348 2082 1488 2134 turpia
1519 2095 1594 2135 per
1626 2095 1670 2121 se
1701 2082 1793 2135 ipsa
1820 2080 2022 2134 fugienda

248 2159 339 2185 esse
373 2145 616 2185 concedant.
679 2145 760 2184 Sed
792 2145 873 2184 iam
905 2145 955 2184 ad
988 2146 1247 2197 propositum
1279 2150 1552 2185 revertamur.

364 2208 416 2246 X.
453 2205 518 2248 40.
552 2206 747 2246 Incidunt
778 2208 932 2246 multae
966 2220 1089 2259 saepe
1126 2221 1299 2254 causae,
1332 2220 1440 2259 quae
1473 2207 1722 2247 conturbent
1752 2206 1914 2247 animos
1946 2205 2026 2245 uti-

248 2269 374 2310 litatis
414 2270 579 2323 specie,
624 2282 732 2316 non,
780 2283 872 2308 cum
916 2269 995 2308 hoc
1039 2269 1320 2316 deliberetur,
1360 2269 1695 2322 relinquendane
1734 2269 1787 2308 sit
1824 2268 2024 2307 honestas

249 2337 425 2385 propter
465 2331 659 2371 utilitatis
700 2332 1030 2384 magnitudinem
1074 2354 1128 2359 —
1169 2344 1263 2370 nam
1305 2332 1347 2371 id
1379 2332 1551 2384 quidem
1582 2332 1821 2384 improbum
1853 2335 1918 2370 est
1946 2351 2025 2376 —,

199 2407 235 2436 35
251 2394 324 2434 sed
367 2393 494 2441 illud,
541 2394 728 2446 possitne
771 2394 836 2440 id,
878 2393 993 2446 quod
1033 2394 1133 2432 utile
1175 2393 1390 2441 videatur,
1432 2392 1521 2434 fieri
1553 2407 1639 2433 non
1671 2394 1859 2446 turpiter.
1921 2392 2024 2432 Cum

252 2455 454 2496 Collatino
486 2456 672 2508 collegae
704 2457 857 2495 Brutus
899 2455 1119 2508 imperium
1158 2456 1409 2508 abrogabat,
1449 2461 1614 2509 poterat
1644 2455 1778 2496 videri
1809 2454 1948 2495 facere
1980 2453 2025 2493 id

340 2646 575 2685 l.proficimus
599 2645 655 2676 lle
684 2663 718 2668 -
746 2645 777 2676 ⁶2.
806 2648 915 2676 lamen
938 2644 1029 2675 nobis
1053 2654 1159 2676 auare
1183 2653 1230 2685 cp
1258 2662 1291 2667 —
1320 2645 1350 2677 3.
1370 2646 1453 2677 Hinc
1469 2646 1521 2677 ille
1538 2646 1644 2686 Gyges
1659 2644 1869 2676 ——2'mbribus
1891 2644 2024 2675 NonIus

252 2703 284 2735 p.
301 2696 358 2731 903
394 2697 477 2726 Hinc
500 2696 553 2726 ille
578 2696 684 2736 Gyges
707 2696 876 2726 inducitur·
899 2704 920 2725 a
943 2695 1076 2725 Platone
1100 2694 1194 2725 idem
1221 2705 1253 2735 p.
1269 2695 1344 2726 330.
1374 2713 1408 2717 —
1436 2694 1466 2727 4.
1493 2696 1674 2726 decessisset
1697 2695 1734 2731 b;
1762 2694 1974 2725 deiscessissec
1998 2702 2019 2734 p

254 2763 288 2767 *-
315 2745 345 2775 7.
375 2745 456 2775 uidit
479 2745 617 2775 hominis
643 2745 765 2775 mortui
789 2753 908 2783 corpus
933 2744 959 2774 1⁷1
989 2761 1023 2765 ——
1050 2744 1224 2774 innisilata
1249 2744 1348 2775 13111:
1374 2745 1534 2775 inusitata
1560 2744 1696 2776 ll²abc
1712 2752 1743 2775 ο.
1771 2743 1857 2774 vide
1882 2743 1926 2774 ad
1945 2743 2026 2774 Phi-

250 2794 331 2835 lipp.
359 2795 400 2825 XI
427 2795 481 2834 {32
508 2796 552 2835 (p.
571 2795 665 2833 4354,
684 2796 748 2833 ll).
780 2811 813 2816 -
854 2795 884 2825 8.
912 2795 1060 2824 detraxit
1084 2797 1183 2833 alque
1205 2794 1273 2832 ipse
1297 2802 1313 2824 c
1349 2812 1383 2816 —
1419 2795 1449 2826 9.
1476 2795 1647 2825 consilium
1672 2802 1690 2824 c
1718 2811 1752 2815 —
1781 2793 1917 2833 paleam
1942 2800 1959 2823 c
1987 2809 2022 2814 —

252 2845 303 2874 ⁴2.
330 2844 552 2882 oporlnnicate
577 2844 635 2874 Bll
667 2862 699 2865 —
729 2844 780 2875 43.
800 2845 930 2874 suslulic
953 2852 1033 2881 quos
1058 2842 1170 2873 ohan-e
1195 2843 1396 2882 intellegebat
1420 2844 1550 2875 Nonius
1576 2852 1608 2884 p.
1626 2843 1700 2874 385.
1730 2859 1763 2865 —
1790 2842 1922 2873 sustulit
1945 2849 2026 2882 quos

252 2894 295 2924 C:
323 2893 483 2931 sustulitq.
512 2902 592 2932 quos
615 2892 680 2923 alii.
712 2911 743 2914 κ
773 2894 999 2924 arbium-elur
1023 2901 1040 2923 c
1070 2909 1102 2914 —-
1134 2894 1144 2922 l
1156 2892 1184 2923 41.
1205 2894 1369 2931 quispiam
1392 2894 1417 2924 ΙΙ
1446 2911 1480 2916 -—
1510 2894 1561 2924 115.
1582 2892 1700 2923 nichilo
1726 2900 1760 2923 c:
1789 2893 1867 2923 nihil
1892 2892 2023 2924 BHab.

250 2942 337 2973 Vide
371 2942 412 2972 ad
447 2952 478 2983 p.
501 2943 575 2979 213,
601 2943 652 2972 45,
692 2959 726 2963 ῃ
771 2943 822 2973 iti.
847 2951 986 2980 peecare
1011 2951 1112 2981 {lnam
1135 2942 1161 2971 si
1186 2951 1248 2971 non
1274 2942 1405 2973 liaberet
1438 2943 1608 2982 Madvig-{io
1641 2944 1784 2974 auctore
1816 2941 1956 2974 seclusi.
1987 2959 2022 2964 —

252 2992 305 3023 48.
331 2992 463 3022 minime
486 2992 566 3022 mali
592 3000 660 3022 om.
682 2999 698 3021 c
734 3009 767 3013 ——
800 2993 914 3031 fletam
931 3009 980 3014 --
998 3001 1019 3021 α
1032 2991 1164 3021 l’lrzsone
1189 2992 1317 3021 Nonius
1344 3001 1376 3032 p.
1393 2993 1466 3024 2308.
1497 3010 1531 3015 ——
1569 2993 1620 3024 119.
1643 2993 1813 3032 prolatam
1835 2992 1985 3032 fabulavit
2007 2999 2025 3022 c

255 3058 291 3063 —
318 3041 371 3072 ¹⁴24.
399 3050 437 3071 ne
461 3050 530 3072 om.
552 3041 611 3071 1311
643 3057 676 3062 -
704 3040 756 3071 ⁶24.
784 3042 1005 3079 Nequaquam
1032 3041 1223 3071 Manutius:
1251 3050 1455 3081 quamquam
1480 3043 1572 3081 Cpo
1602 3060 1635 3064 -
1668 3050 1828 3080 quaerere
1852 3042 1879 3073 H
1908 3058 1942 3062 -
1970 3041 2023 3071 25.

252 3091 286 3121 id
309 3091 335 3121 si
357 3094 486 3129 possent
509 3099 530 3130 p
558 3107 592 3110 —
619 3093 760 3129 ‘urguent
780 3091 828 3120 11:
859 3093 973 3129 uryenl
999 3091 1021 3120 Β
1038 3090 1091 3120 ab
1108 3097 1124 3119 c
1141 3097 1159 3119 ο
1189 3106 1223 3110 —
1250 3091 1302 3121 026.
1328 3095 1479 3129 perstant
1489 3100 1498 3128 ,·
1518 3092 1604 3130 quod
1619 3091 1756 3122 uerbum
1780 3099 1801 3122 a
1826 3107 1860 3111 —
1888 3089 2025 3121 uerbum

251 3140 279 3170 si
303 3140 382 3177 quid
407 3147 423 3168 c
457 3155 489 3159 —
530 3140 663 3170 ualeant
689 3142 723 3171 Β*
754 3159 787 3162 -
826 3142 878 3172 27.
905 3142 1012 3172 celare
1038 3142 1154 3171 131102
1185 3149 1254 3172 om.
1275 3142 1380 3180 abl),
1408 3143 1487 3181 post
1505 3141 1631 3180 possint
1655 3140 1789 3171 liabent
1812 3138 1877 3170 alii.
1907 3156 1942 3161 -
1968 3138 2022 3169 29.

254 3189 340 3229 quod
363 3189 516 3227 expediat
539 3190 687 3227 she-{uros
712 3199 729 3220 c
757 3207 791 3212 —-
820 3191 870 3221 30.
891 3192 919 3221 si
936 3192 1102 3232 neglegent
1119 3191 1261 3221 omnia-
1276 3192 1485 3222 —concedant
1509 3191 1639 3221 Nonius
1665 3199 1696 3230 p.
1713 3189 1788 3220 269.
1816 3204 1852 3210 -
1880 3187 1932 3218 32.
1951 3194 2023 3225 sepe

252 3238 377 3317 §nullae
400 3238 422 3268 B
463 3255 497 3259 —
535 3238 587 3269 33.
614 3240 911 3278 derelinquendam
935 3249 952 3272 c
996 3259 1029 3263 —
1073 3240 1125 3272 34.
1146 3244 1285 3279 propter
1307 3241 1461 3272 utilitatis
1483 3239 1744 3280 magnitudinem
1766 3238 1916 3269 honestas
1939 3242 1957 3265 c
1984 3250 2018 3256 —-

277 3288 307 3318 6.
335 3287 520 3328 a7·r09abat
543 3288 580 3318 B.
