2249 3624
341 133 423 175 402
725 136 795 175 DE
825 134 1032 175 FINIBUS
1064 133 1325 174 BONORUM
1354 134 1423 174 ET
1454 131 1719 173 MALORUM

340 249 483 289 statuit
522 263 606 290 non
647 247 811 294 dolere,
855 247 1081 299 voluptatis
1124 247 1292 286 nomine
1332 259 1531 299 umquam
1576 246 1707 285 utitur
1749 257 1826 297 pro
1871 244 1944 283 illa
1987 243 2105 284 indo-

338 310 487 357 lentia,
526 311 683 364 quippe
715 311 785 363 qui
818 323 869 349 ne
901 310 942 349 in
976 309 1225 362 expetendis
1256 309 1427 362 quidem
1457 309 1581 349 rebus
1612 312 1805 348 numeret
1834 306 2104 361 voluptatem.

342 374 430 412 VII.
463 371 528 413 ΞΟ.
561 375 675 413 Duae
716 378 813 412 sunt
844 373 953 411 enim
986 386 1052 411 res
1085 385 1277 425 quoque,
1308 385 1360 411 ne
1391 377 1436 411 tu
1466 372 1592 411 verba
1622 371 1757 411 solum
1787 374 1933 423 putes:
1974 382 2104 408 unum

341 441 404 475 est
445 436 534 475 sine
572 436 716 475 dolore
749 448 858 481 esse,
899 434 1076 474 alterum
1109 447 1203 473 cum
1234 434 1460 488 voluptate.
1512 436 1595 474 Vos
1627 447 1680 473 ex
1710 433 1775 472 bis
1807 437 1891 472 tam
1923 431 2106 471 dissimi-

307 498 446 537 5libus
477 498 602 537 rebus
634 511 718 536 non
750 497 875 536 modo
907 510 1060 536 nomen
1092 510 1240 544 unum,
1272 510 1366 536 nam
1398 497 1439 536 id
1468 497 1630 537 facilius
1660 500 1849 549 paterer,
1882 494 1955 534 sed
1983 494 2105 533 etiam

338 574 424 600 rem
460 573 586 599 unam
622 573 675 599 ex
711 559 872 598 duabus
908 559 1044 598 facere
1086 559 1314 606 conamini,
1361 559 1475 612 quod
1509 559 1599 598 fieri
1636 558 1751 597 nullo
1790 557 1915 596 modo
1953 561 2104 609 potest.

337 622 437 669 Hie,
478 622 550 675 qui
581 627 806 675 utrumque
847 623 1016 675 probat,
1057 622 1260 661 ambobus
1293 621 1436 661 debuit
1467 622 1548 669 uti,
1591 622 1698 660 sicut
1728 620 1828 660 sacit
1859 632 1926 666 re,
1965 632 2104 672 neque

339 690 478 723 tamen
518 684 669 723 dividit
708 684 860 724 verbis.
914 685 1016 724 Cum
1049 685 1159 724 enim
1191 698 1279 723 eam
1312 684 1444 737 ipsam
1476 685 1755 737 voluptatem,
1798 695 1925 735 quam
1957 681 2106 721 eodem

338 746 505 786 nomine
537 759 681 786 omnes
712 747 995 800 appellamus,
1037 747 1181 787 laudat
1212 747 1313 786 locis
1345 747 1557 798 plurimis,
1601 745 1727 784 audet
1758 745 1917 792 dicere,
1955 757 2007 783 ne
2038 758 2107 783 su-

289 809 491 861 wspicari
531 808 700 862 quidem
745 823 788 849 se
830 809 961 849 ullum
1002 810 1158 849 bonum
1201 810 1434 849 seiunctum
1476 809 1528 847 ab
1568 808 1641 847 illo
1682 808 1922 861 Aristippeo
1954 820 2106 860 genere

338 871 588 923 voluptatis,
630 877 758 925 atque
794 872 852 911 ibi
892 871 971 911 hoc
1012 873 1131 919 dicit,
1172 872 1242 911 ubi
1285 871 1421 910 omnis
1460 872 1549 910 eius
1590 875 1652 909 est
1688 870 1820 909 oratio
1853 871 1904 910 de
1943 884 2106 910 summo

337 933 463 973 bono.
523 934 569 972 In
601 933 681 973 alio
712 947 812 974 vero
844 934 970 982 libro,
1002 935 1044 974 in
1077 948 1160 986 quo
1191 934 1374 973 breviter
1399 933 1712 985 comprehensis
1734 933 1992 984 gravissimis
2014 946 2108 972 sen-

338 995 481 1034 tentiis
513 996 632 1048 quasi
664 997 833 1036 oracula
864 997 1045 1036 edidisse
1078 996 1310 1049 sapientiae
1342 996 1514 1042 dicitur,
1547 995 1691 1034 scribit
1721 995 1786 1034 his
1815 995 1966 1042 verbis,
1999 1008 2107 1048 quae

338 1064 438 1098 nota
468 1058 543 1098 tibi
574 1058 783 1111 profecto,
823 1061 1057 1112 Torquate,
1095 1065 1214 1098 sunt:
1255 1082 1307 1086 ——
1340 1058 1434 1111 quis
1467 1058 1578 1097 enim
1610 1063 1793 1096 vestrum
1824 1071 1907 1097 non
1940 1058 2109 1098 edidicit

289 1122 323 1150 ⁴5
337 1120 505 1173 Epicuri
537 1120 689 1175 κυρίας
719 1118 870 1171 (δόξας,
903 1122 944 1160 id
978 1127 1040 1161 est
1070 1122 1190 1175 quasi
1224 1121 1402 1160 maxime
1432 1126 1565 1167 ratas,
1598 1120 1696 1173 quia
1727 1120 1996 1171 gravissimae
2026 1121 2109 1161 sint

337 1182 389 1222 ad
420 1183 542 1223 beate
567 1183 791 1223 vivendum
820 1184 1003 1224 breviter
1025 1185 1263 1223 enuntiatae
1287 1184 1548 1222 sententiae?
1572 1205 1626 1209 —
1648 1181 1946 1221 Animadverte
1968 1183 2106 1235 igitur,

336 1250 503 1284 rectene
544 1245 652 1285 hanc
693 1247 941 1286 sententiam
982 1247 1253 1298 interpreter:
1299 1242 1366 1284 Ql.
1402 1245 1470 1283 «Si
1504 1258 1570 1291 ea,
1611 1257 1718 1297 quae
1751 1250 1849 1283 sunt
1880 1245 2107 1285 luxuriosis

337 1306 562 1347 efficientia
592 1308 877 1361 voluptatum,
918 1309 1145 1348 liberarent
1176 1322 1247 1347 eos
1279 1309 1453 1347 deorum
1486 1313 1527 1347 et
1562 1308 1705 1347 mortis
1738 1312 1779 1345 et
1808 1306 1964 1347 doloris
1996 1313 2107 1348 metu

337 1369 644 1423 docerentque,
675 1372 747 1423 qui
779 1377 919 1410 essent
948 1371 1053 1410 fines
1086 1371 1375 1424 cupiditatum,
1409 1370 1513 1409 nihil
1544 1370 1813 1416 haberemus,
1845 1370 1947 1420 quod
1977 1382 2108 1422 repre-

286 1433 609 1480 aohcnderemus,
652 1446 744 1472 cum
782 1433 971 1485 undique
1012 1433 1321 1487 complerentur
1360 1433 1648 1485 voluptatibus
1680 1446 1756 1471 nec
1789 1432 1992 1472 haberent
2022 1433 2108 1472 ulla

338 1509 390 1535 ex
421 1501 537 1548 parte
569 1495 730 1548 aliquid
762 1501 834 1535 aut
864 1496 1010 1535 dolens
1041 1501 1113 1535 aut
1133 1509 1325 1548 aegrum,
1357 1495 1396 1535 id
1428 1501 1489 1534 est
1519 1500 1656 1534 autem
1682 1494 1879 1533 malum.»

428 1559 519 1597 Hoc
540 1558 632 1598 loco
655 1563 798 1597 tenere
821 1571 864 1597 se
881 1558 1066 1597 Triarius
1087 1571 1170 1597 non
1190 1559 1336 1611 potuit.
1370 1558 1566 1604 Obsecro,
1588 1558 1739 1610 inquit,
1763 1559 1989 1610 Torquate,
2005 1556 2108 1597 baec

338 1620 439 1660 dicit
458 1620 698 1673 Epicurus?
731 1621 857 1669 Quod
879 1621 980 1661 mihi
1003 1620 1170 1674 quidem
1194 1621 1306 1660 visus
1330 1626 1404 1667 est,
1437 1634 1530 1659 cum
1553 1620 1691 1665 sciret,
1715 1619 1821 1658 velle
1844 1627 1983 1658 tamen
2009 1633 2108 1659 con-

336 1681 525 1722 fitentem
554 1683 700 1723 audire
724 1685 997 1737 Torquatum.
1043 1685 1095 1722 At
1124 1683 1194 1722 ille
1225 1696 1308 1722 non
1340 1682 1556 1735 pertimuit
1578 1695 1766 1734 saneque
1788 1679 1982 1729 fidenter,
2013 1682 2107 1722 Istis

287 1761 324 1789 25
340 1745 509 1798 quidem
541 1746 641 1799 ipsis
672 1747 830 1793 verbis,
863 1746 1021 1799 inquit,
1054 1746 1126 1785 sed
1149 1745 1250 1798 quid
1273 1746 1444 1792 sentiat,
1477 1758 1560 1783 non
1584 1744 1747 1783 videtis.
1795 1744 1837 1784 Si
1866 1743 1947 1783 alia
1970 1745 2107 1792 sentit,

337 1808 527 1860 inquam,
571 1809 653 1848 alia
691 1809 902 1861 loquitur,
946 1821 1175 1860 numquam
1214 1808 1474 1860 intellegam,
1508 1806 1610 1859 quid
1653 1807 1827 1854 sentiat,
1874 1807 1947 1846 sed
1984 1807 2107 1860 plane

337 1869 437 1908 dicit
475 1871 587 1922 quod
628 1872 879 1923 intellegam.
930 1871 1062 1923 quue
1102 1871 1134 1909 si
1169 1870 1226 1909 ita
1257 1870 1379 1917 dicit,
1412 1883 1496 1909 non
1525 1883 1616 1909 esse
1640 1870 1955 1922 reprendendos
1984 1870 2107 1910 luxu-

336 1932 491 1979 riosos,
524 1933 557 1972 si
591 1934 801 1985 sapientes
834 1934 934 1980 sint,
967 1933 1066 1972 dicit
1098 1932 1299 1979 absurde,
1332 1932 1524 1971 similiter
1555 1938 1595 1971 et
1626 1932 1659 1971 si
1695 1932 1805 1972 dicat
1829 1946 1913 1972 non
1937 1947 2108 1986 repren-

337 1994 497 2033 dendos
530 1996 778 2047 parricidas,
811 1996 844 2035 si
878 2010 954 2035 nec
985 1995 1128 2047 cupidi
1161 1996 1241 2034 sint
1272 2008 1348 2034 nec
1379 1995 1477 2033 deos
1511 2000 1696 2033 metuant
1727 2008 1803 2034 nec
1833 2001 2007 2035 mortem
2030 2009 2108 2035 nec

285 2072 322 2100 30
337 2056 540 2095 dolorem.
599 2058 652 2096 Et
689 2063 825 2097 tamen
865 2058 965 2111 quid
997 2058 1144 2097 attinet
1176 2057 1402 2096 luxuriosis
1435 2056 1561 2095 ullam
1595 2057 1884 2110 exceptionem
1916 2058 2006 2097 dari
2038 2064 2110 2097 aut

335 2116 491 2170 fingere
523 2119 712 2171 aliquos,
745 2121 838 2172 qui,
871 2134 962 2159 cun]
996 2121 1210 2159 luxuriose
1244 2119 1452 2165 viverent,
1486 2132 1509 2158 a
1541 2132 1701 2158 summo
1735 2119 1990 2171 philosopho
2022 2133 2106 2158 non

334 2181 688 2233 reprenderentur
728 2195 776 2221 eo
818 2183 987 2221 nomine
1021 2183 1262 2227 dumtaxat,
1306 2187 1444 2220 cetera
1481 2183 1705 2220 caverent?
1758 2179 1822 2220 22.
1857 2181 1936 2220 Sed
1969 2187 2108 2220 tamen

334 2256 473 2282 nonne
505 2244 799 2296 reprenderes,
830 2245 1033 2297 Epicure,
1066 2244 1307 2282 luxuriosos
1340 2244 1391 2282 ob
1426 2256 1515 2281 eam
1548 2244 1681 2296 ipsam
1704 2256 1882 2290 causam,
1916 2243 2029 2297 quod
2053 2244 2109 2282 ita

334 2306 541 2353 viverent,
579 2312 624 2345 ut
654 2313 1011 2360 persequerentur
1042 2307 1245 2359 cuiusque.
1280 2306 1392 2344 modi
1425 2306 1679 2358 voluptates,
1721 2320 1814 2344 cum
1847 2312 1959 2346 esset
1989 2320 2109 2360 prae-

284 2385 320 2413 35
335 2369 496 2415 sertim,
528 2374 574 2408 ut
604 2369 664 2408 ais
696 2375 759 2416 tu,
792 2382 953 2408 summa
982 2369 1173 2420 voluptas
1207 2369 1308 2408 nihil
1333 2369 1504 2408 dolere?
1536 2369 1662 2420 Atqui
1686 2369 1943 2421 reperiemus
1966 2375 2108 2408 asotos

334 2432 513 2483 primum
545 2432 602 2471 ita
632 2446 714 2471 non
746 2432 988 2484 religiosos,
1030 2437 1074 2470 ut
1107 2431 1221 2470 edint
1253 2432 1303 2470 de
1336 2431 1508 2483 patella,
1542 2430 1693 2470 deinde
1725 2432 1783 2471 ita
1815 2437 1990 2471 mortem
2022 2444 2106 2471 non

335 2494 548 2542 timentes,
580 2501 625 2534 ut
654 2495 757 2533 illud
790 2495 831 2534 in
864 2508 933 2534 ore
966 2494 1147 2533 babeant
1177 2507 1229 2533 ex
1260 2494 1493 2547 Hymnide,

396 2557 514 2596 Mihi
546 2571 634 2597 sex
665 2571 861 2598 menses
893 2557 1013 2597 sati’
1046 2561 1164 2596 sunt
1194 2556 1355 2603 vitae,
1399 2557 1667 2609 septimum
1701 2555 1830 2596 Orco
1862 2557 2105 2610 spondeo.

421 2719 450 2750 1.
477 2719 646 2759 umquam]
672 2719 809 2758 inquam
833 2718 889 2755 ΑΗ
918 2726 1099 2756 numqaum
1122 2718 1145 2747 B
1174 2735 1207 2738 —
1242 2718 1274 2747 ⁶2.
1300 2716 1396 2747 relms
1420 2717 1547 2755 quidem
1572 2717 1596 2747 E
1627 2735 1659 2739 ·—
1687 2717 1717 2747 3.
1746 2716 1884 2757 quoquc]
1912 2726 2055 2755 quarum
2080 2718 2104 2749 R

336 2785 369 2790 —
392 2769 422 2800 6.
449 2778 610 2799 conantur
634 2770 656 2800 B
678 2787 711 2791 —
741 2769 828 2799 nullo
852 2770 947 2799 modo
969 2769 1042 2808 ficri
1066 2768 1089 2798 l'»
1112 2785 1144 2789 ——
1174 2768 1203 2797 7.
1232 2767 1312 2797 sicul
1331 2767 1434 2797 ctiam
1463 2767 1485 2797 li
1506 2784 1538 2787 —
1568 2776 1602 2796 rc
1628 2775 1697 2796 on),
1718 2768 1741 2797 B
1769 2785 1802 2788 —
1832 2768 1862 2798 9.
1890 2768 2105 2808 appellamus]

331 2819 497 2857 appellant
521 2821 544 2849 Α
574 2835 608 2840 —-
638 2820 688 2849 10.
716 2818 908 2859 seiunctum]
933 2826 965 2848 se
991 2818 1112 2847 uictam
1136 2818 1160 2848 A
1184 2834 1216 2837 —
1248 2817 1298 2846 11.
1326 2817 1394 2846 eius
1417 2819 1460 2846 est
1485 2817 1592 2846 oralio
1611 2818 1656 2846 A:
1684 2817 1792 2846 oratio
1817 2817 1885 2847 eius
1909 2820 1952 2848 est
1978 2817 2002 2847 B
2018 2818 2102 2848 Μ-

333 2870 383 2899 13.
410 2869 510 2899 edisse
533 2869 571 2899 Α1
599 2886 634 2890 —-
668 2870 717 2898 15.
745 2870 856 2906 cyrias
879 2869 984 2898 doras
1007 2868 1070 2898 AB
1100 2885 1133 2888 -
1166 2867 1269 2906 ratas]
1296 2870 1383 2897 imas
1409 2867 1431 2897 li
1459 2885 1493 2888 —
1524 2867 1572 2897 16,
1601 2868 1798 2898 emam-imae
1822 2867 1886 2898 AB
1908 2884 1940 2888 ——
1970 2868 2105 2897 anima-

330 2921 420 2948 ucrle
443 2920 481 2949 ΑΙ
511 2935 543 2939 —
580 2918 632 2948 18.
658 2919 872 2957 efficiendam
895 2919 919 2949 B
947 2935 981 2939 —
1014 2918 1222 2956 nolnplalum
1246 2918 1293 2947 A:
1326 2917 1526 2955 uoluptatem
1550 2917 1626 2946 Χ-’Β
1653 2934 1693 2938 —-
1728 2918 1779 2947 19.
1806 2916 1998 2947 haberemus
2021 2917 2106 2954 quod

330 2967 636 3006 reprelten(let-emus
666 2968 841 2998 Davisius:
876 2968 1067 2998 haberemus
1103 2968 1186 3002 (0111.
1215 2967 1301 3004 quod
1331 2967 1653 3004 ›·ep1·elzem1vremas2
1685 2966 1807 3003 coddst
1846 2966 1997 2996 haberem
2022 2967 2107 3005 quod

328 3016 597 3055 reprehenderent
622 3018 658 3047 C.
686 3018 735 3048 (if.
763 3018 780 3056 3¹,
808 3019 864 3049 23:
893 3019 971 3048 ›zim'l
995 3017 1163 3053 haberem,
1191 3016 1275 3055 quod
1301 3016 1585 3054 rem-clicuderem3
1617 3024 1742 3053 graece
1769 3019 1837 3056 (ap.
1865 3016 1962 3055 Diog.
1990 3016 2103 3046 La'e'rt.

329 3066 375 3102 X,
404 3065 482 3101 112,
510 3065 556 3101 9)ῑ
591 3062 660 3097 οὐκ
685 3062 732 3096 ἄν
758 3078 846 3099 ποτε
874 3066 1038 3108 εἴχομεν.
1066 3061 1087 3096 ὃ
1114 3076 1144 3096 Π
1170 3065 1430 3105 nuelausslJ'fzcr'lsl,
1454 3059 1597 3102 (LffTOIg.
1629 3082 1660 3086 ‡-
1690 3066 1742 3096 ¹2l.
1769 3066 1802 3095 ‘id
1827 3066 1881 3106 est]
1907 3066 1991 3096 'idem
2017 3066 2040 3096 E
2067 3082 2100 3086 —

330 3116 383 3147 ⁶23.
408 3115 490 3145 uelle
513 3115 607 3145 A1B:
637 3115 714 3146 nell&
742 3117 782 3147 A2'
802 3136 832 3139 —r
862 3118 914 3149 24.
937 3117 1095 3157 pertinuit
1121 3117 1142 3146 13
1164 3133 1196 3136 —
1225 3124 1286 3153 que
1311 3124 1378 3145 οη),
1403 3115 1425 3144 n
1446 3132 1487 3136 ——
1514 3115 1563 3144 255.
1583 3115 1707 3156 videsis]
1733 3116 1821 3146 uidet
1838 3116 1861 3146 B
1884 3133 1917 3137 —
1945 3116 1999 3146 27.
2020 3115 2105 3154 quod

330 3164 527 3204 intellegam]
554 3166 639 3202 quod
662 3166 814 3205 inlellegyil
840 3168 862 3197 Α
880 3168 920 3197 Β;
951 3166 992 3198 cs.
1022 3168 1050 3201 1.
1078 3166 1095 3205 g
1124 3167 1172 3196 15.
1204 3183 1237 3187 -
1264 3165 1300 3202 si]
1327 3174 1358 3195 se
1382 3163 1419 3195 ΑΙ
1442 3183 1474 3186 Ἀ
1503 3166 1723 3203 ννρσηιίυῃιίωε
1747 3168 1803 3196 Αιῑ
1832 3166 1917 3197 item
1941 3174 1973 3196 ν.
1993 3165 2046 3196 ⁴28.
2065 3182 2096 3186 -—

331 3215 518 3245 lzwuriosos
542 3213 579 3253 si]
604 3214 768 3245 luaeuriosi
792 3215 828 3246 A¹
850 3234 884 3238 —-
912 3215 963 3247 34.
991 3216 1035 3256 ul]
1062 3216 1147 3253 quod
1172 3216 1195 3245 B
1218 3206 1251 3237 -’
1278 3216 1382 3245 3512!
1408 3224 1477 3245 oin.
1498 3215 1520 3245 Ρ)
1542 3232 1576 3236 -
1604 3216 1694 3256 nihil]
1713 3216 1809 3246 michi
1834 3215 1857 3245 B
1878 3231 1912 3236 -—
1941 3214 1994 3246 36.
2015 3215 2102 3245 edint

332 3263 468 3303 Madvig
487 3262 615 3303 (Add.):
635 3264 738 3294 edient
754 3261 811 3301 A¹;
830 3265 920 3295 edent
937 3262 993 3301 A‘-';
1013 3265 1109 3296 edant
1127 3265 1209 3301 *3103
1231 3272 1300 3295 0111.
1320 3264 1343 3295 B
1358 3282 1392 3286 —
1412 3268 1548 3294 mortem
1567 3264 1612 3294 ila
1632 3265 1653 3295 B
1667 3281 1700 3286 —
1722 3264 1775 3296 38.
1794 3265 1874 3295 salis
1890 3263 1993 3295 codd.
2013 3265 2046 3295 et
2061 3264 2098 3294 O.
