2249 3624
859 226 1198 268 FRAGMENTA.
1798 224 1902 266 4037

150 330 283 381 Saepe
311 329 432 369 etiam
459 330 652 381 pertriste
681 330 788 369 canit
815 328 866 368 de
895 336 1060 381 pectore
1097 343 1261 369 carmen

147 392 197 431 Et
225 393 432 432 matutinis
460 391 654 432 acredula
683 392 852 431 vocibus
883 393 1027 441 instat,

149 454 328 495 Vocibus
357 456 481 494 instat
508 460 549 494 et
575 454 770 494 adsiduas
800 455 892 493 iacit
919 468 989 493 ore
1017 454 1245 506 querellas,

151 517 252 556 Cum
279 517 454 568 primum
481 516 640 567 gelidos
668 529 781 556 rores
809 530 954 557 aurora
983 518 1168 566 remittit3

149 580 362 630 Fuscaque
390 591 471 618 non
499 592 720 630 numquam
750 592 921 619 cursans
949 592 1024 630 per
1050 579 1166 620 litora
1196 592 1333 619 cornix

149 642 352 681 Demersit
378 647 500 694 caput
529 648 567 681 et
593 642 761 681 fluctum
788 642 946 681 cervice
975 643 1143 692 recepit.

298 705 408 754 (Cic.
438 704 489 744 de
519 705 604 744 Div.
635 704 660 742 l.
690 706 716 743 Ι.
748 717 783 743 c.
811 706 848 743 S.
882 706 918 753 ς’.
953 705 1008 743 14.
1039 705 1088 742 cs.
1117 706 1227 744 Arat.
1259 705 1364 744 Dios.
1398 718 1432 744 v.
1463 705 1695 755 216-221.)

297 766 621 819 Mollipedesque
649 767 778 807 boves
806 773 1042 819 spectantes
1071 766 1221 807 lumina
1249 768 1350 807 caeli

147 828 323 870 Naribus
350 830 566 870 umiferum
593 829 749 869 duxere
778 842 828 868 ex
857 835 951 869 aere
979 841 1137 868 sucum.

365 893 529 942 (Idem
557 892 656 932 ibid.
686 892 711 932 l.
742 893 769 932 1.
801 905 835 931 c.
866 894 901 931 9.
933 892 968 942 g.
1002 892 1058 931 15.
1092 892 1139 930 cf.
1171 894 1280 932 Arat.
1312 894 1421 932 Dios.
1452 907 1487 932 v.
1518 894 1588 934 222
1618 898 1694 946 sq.)

247 968 283 1006 5.
313 969 395 1008 lam
423 982 520 1008 vero
548 981 713 1020 semper
738 967 877 1007 viridis
905 980 1152 1020 semperque
1184 974 1349 1019 gravata

147 1030 361 1070 Lentiscus
390 1032 535 1084 triplici
563 1032 678 1071 solita
706 1031 980 1082 grandescere
1010 1032 1092 1070 fetu

148 1093 227 1132 Ter
253 1093 390 1145 fruges
417 1094 594 1134 fundens
621 1095 697 1133 tria
726 1100 909 1146 tempora
938 1099 1138 1133 monstrat
1165 1095 1321 1133 arandi.

365 1157 521 1206 (Idem
548 1156 645 1195 ibid.
677 1156 699 1195 l.
731 1159 761 1194 I.
793 1169 827 1196 c.
857 1159 894 1195 9.
927 1157 962 1206 ξ.
999 1157 1056 1195 15.
1085 1157 1133 1195 cf.
1163 1158 1272 1196 Arat.
1304 1158 1411 1196 Dios.
1444 1158 1517 1196 310
1545 1159 1653 1209 sqq.)

250 1233 286 1271 6.
317 1232 533 1284 Caprigeni
562 1233 724 1283 pecoris
753 1237 890 1270 custos
920 1231 971 1270 de
999 1233 1156 1282 gurgite
1184 1238 1314 1272 vasto.

501 1294 773 1343 (Priscian.
803 1293 829 1331 l.
858 1295 921 1333 VI.
953 1307 989 1333 c.
1021 1296 1054 1334 1.
1086 1294 1121 1345 ξ.
1153 1296 1187 1333 3.
1218 1307 1239 1333 e
1269 1295 1350 1335 Cic.
1392 1296 1558 1347 Progn.)
