2249 3624
600 177 687 215 Lm.
711 176 759 218 11.
799 176 895 215 Cn».
918 177 1287 218 XXIII-XXIV.
1326 176 1385 231 §§
1407 176 1602 219 79—855.
1902 177 1983 218 707

227 286 427 337 integram
470 281 520 322 ad
561 281 737 322 reditum
780 297 899 322 suum
940 283 1060 323 iussit
1092 297 1208 330 esse,
1250 284 1367 337 isque
1400 284 1590 324 celeriter
1620 284 1670 323 ad
1703 284 1985 325 Ptolemaeum

227 361 345 387 suum
376 345 584 397 hospitem
618 345 750 392 venit,
792 346 863 398 qni
897 352 980 385 tum
1015 346 1215 397 regnabat
1245 346 1349 385 alter
1380 353 1473 400 post
1504 346 1805 388 Alexandream
1846 348 1987 388 condi-

227 415 320 449 tam.
382 408 454 447 Cui
486 421 578 446 cum
611 408 879 460 exposuisset
909 408 1083 461 patriam
1116 423 1159 448 se
1192 409 1368 448 liberare
1400 410 1506 450 velle
1539 424 1792 464 causamque
1824 410 1988 450 docuis-

228 477 310 517 set,
352 483 375 510 a
415 483 511 522 rege
553 470 753 522 opulento
796 470 857 509 vir
896 484 1083 511 summus
1124 471 1245 511 facile
1285 473 1519 525 impetravit
1560 480 1604 513 ut
1635 474 1779 526 grandi
1813 475 1988 527 pecunia

228 534 506 574 adiuvaretur.
567 532 702 580 Quam
732 546 824 572 cum
858 533 1079 586 Sicyonem
1111 534 1336 580 attulisset,
1367 535 1556 575 adhibuit
1586 536 1664 575 sibi
1697 537 1736 575 in
1767 537 2021 576 consiliums

228 596 467 650 quindecim
501 595 732 647 principes,
764 608 858 634 cum
891 596 1043 647 quibus
1075 609 1221 635 causas
1253 598 1451 649 cognovit
1482 603 1522 637 et
1554 611 1719 645 eorum,
1751 600 1821 652 qui
1853 600 1990 639 aliena

228 658 443 704 tenebant,
475 663 515 696 et
547 670 709 703 eorum,
743 657 814 709 qui
848 670 921 696 sua
954 659 1191 705 amiserant,
1224 658 1480 712 perfecitque
1513 661 1795 700 aestumandis
1827 674 1991 714 posses-

227 720 430 765 sionibus,
463 726 508 758 ut
540 719 812 772 persuaderet
842 720 960 766 aliis,
992 725 1039 759 ut
1070 721 1286 772 pecuniam
1319 722 1508 774 accipere
1542 722 1727 770 mallent,
1759 723 1991 776 possessio-

227 782 346 822 nibus
378 781 596 829 cederent,
635 782 749 829 aliis,
781 787 827 821 ut
858 781 1113 821 commodius
1147 788 1339 835 putarent
1371 786 1580 824 numerari
1612 786 1713 832 sibi,
1745 787 1856 838 quod
1890 786 1991 825 tanti

226 851 355 891 esset,
401 858 526 898 quam
567 858 687 884 suum
728 858 989 897 recuperare.
1050 846 1108 885 lta
1148 845 1375 898 perfectum
1416 852 1477 886 est
1514 853 1561 886 ut
1591 861 1734 887 omnes
1767 847 2040 887 concordiam

227 907 451 948 constituta
484 907 573 946 sine
607 907 794 960 querella
826 907 1105 947 discederent.
1165 906 1232 946 83.
1267 907 1298 946 O
1326 908 1460 947 virum
1493 922 1686 961 magnum
1721 911 1990 964 dignumque,

227 969 298 1023 qui
338 969 382 1008 iu
422 982 466 1008 re
505 969 674 1022 publica
716 976 859 1009 nostra
891 976 1012 1010 natus
1045 970 1176 1009 esset!
1242 970 1308 1009 Sic
1340 983 1414 1022 par
1446 976 1507 1010 est
1537 985 1658 1023 agere
1691 987 1783 1012 cum
1815 974 1992 1020 civibus,

226 1045 329 1078 non,
372 1037 417 1071 ut
458 1031 522 1071 bis
563 1032 643 1070 iam
686 1032 891 1079 vidimus,
931 1034 1092 1072 hastam
1124 1033 1164 1071 in
1196 1031 1286 1071 foro
1318 1045 1474 1085 ponere
1507 1039 1546 1072 et
1577 1034 1685 1074 bona
1716 1035 1868 1075 civium
1900 1036 1992 1076 voci

229 1096 417 1135 subicere
449 1094 682 1146 praeconis.
743 1096 794 1133 At
826 1095 895 1134 ille
919 1096 1116 1141 Graecus,
1149 1094 1189 1133 id
1223 1094 1337 1147 quod
1368 1094 1447 1134 fuit
1477 1096 1677 1148 sapientis
1710 1103 1750 1137 et
1781 1104 1993 1151 praestan-

227 1158 278 1197 tis
310 1158 401 1204 viri,
434 1157 627 1196 omnibus
662 1157 968 1197 consulendum
1001 1158 1176 1210 putavit,
1209 1171 1342 1210 eaque
1373 1163 1435 1197 est
1457 1172 1618 1198 summa
1640 1160 1743 1200 ratio
1767 1166 1807 1200 et
1828 1161 2046 1214 sapien-45

228 1222 282 1261 tia
319 1220 416 1260 boni
455 1219 580 1265 civis,
624 1220 841 1260 commoda
882 1221 1036 1260 civium
1076 1234 1160 1259 non
1201 1220 1400 1260 divellere
1439 1226 1566 1274 atque
1607 1223 1743 1262 omnis
1783 1224 1995 1276 aequitate

228 1282 373 1322 eadem
413 1283 643 1321 continere.
713 1282 915 1322 Habitent
946 1283 1072 1335 gratis
1104 1284 1145 1322 in
1178 1283 1331 1323 alieno.
1399 1283 1512 1331 Quid
1545 1285 1632 1324 ita?
1684 1291 1749 1333 ut,
1792 1299 1886 1325 cum
1918 1299 1995 1338 ego

228 1346 414 1391 emerim,
446 1343 724 1391 aedificarim‚
757 1351 889 1392 tuear,
922 1345 1183 1399 impendam,
1216 1352 1259 1385 tu
1291 1359 1356 1386 me
1388 1346 1519 1387 invito
1552 1347 1689 1387 fruare
1720 1350 1843 1388 meo?
1885 1348 1996 1396 Quid

228 1414 290 1448 est
320 1408 432 1448 aliud
464 1407 557 1447 aliis
590 1421 665 1447 sua
697 1409 883 1461 eripere,
923 1408 1019 1447 aliis
1052 1408 1151 1449 dare
1183 1409 1350 1449 aliena?
1409 1407 1477 1450 84.
1520 1410 1704 1450 Tabulae
1735 1424 1833 1450 vero
1866 1423 1996 1450 novae

228 1470 329 1525 quid
361 1470 517 1510 habent
547 1471 804 1523 argumenti,
837 1471 917 1510 nisi
948 1476 995 1510 ut
1026 1484 1138 1511 emas
1172 1485 1262 1511 mea
1293 1471 1472 1524 pecunia
1503 1471 1692 1520 fundum,
1726 1486 1821 1512 eum
1852 1478 1895 1512 tu
1925 1472 2047 1512 ha-20

226 1534 349 1582 beas,
391 1547 469 1587 ego
509 1547 593 1573 non
631 1533 808 1573 habeam
849 1533 1100 1586 pecuniam?
1170 1534 1322 1573 XXIV.
1365 1534 1501 1582 Quam
1534 1535 1586 1574 ob
1618 1548 1705 1575 rem
1745 1548 1797 1574 ne
1838 1536 1891 1575 sit
1928 1548 1997 1576 aes

226 1596 426 1643 alienum,
458 1595 573 1649 quod
605 1596 666 1635 rei
697 1595 892 1648 publicae
924 1601 1087 1643 noceat,
1120 1596 1425 1649 providendum
1457 1602 1532 1645 est,
1565 1598 1677 1651 quod
1709 1598 1850 1638 multis
1872 1598 1998 1638 ratio-

227 1659 350 1699 nibus
382 1658 517 1698 caveri
550 1664 709 1711 potest,
741 1672 846 1705 non,
880 1658 914 1697 si
946 1658 1087 1705 fuerit,
1119 1665 1163 1699 ut
1194 1658 1428 1712 locupletes
1461 1674 1580 1700 suum
1612 1660 1802 1713 perdant,
1836 1660 1999 1700 debito-

226 1734 292 1761 res
325 1721 538 1760 lucrentur
568 1721 764 1760 alienum.
824 1722 909 1761 Nec
950 1722 1061 1761 enim
1103 1722 1188 1761 ulla
1227 1736 1294 1761 res
1332 1722 1622 1763 vehementius
1660 1736 1747 1763 rem
1789 1723 1998 1776 publicam

228 1783 413 1823 continet
444 1796 568 1836 quam
599 1782 727 1830 fides,
759 1796 866 1836 quae
899 1796 991 1823 esse
1023 1783 1138 1822 nulla
1169 1789 1321 1836 potest,
1352 1784 1435 1823 nisi
1468 1785 1545 1824 erit
1575 1785 1813 1826 necessaria
1844 1787 1998 1826 solutio
2013 1794 2049 1823 25

227 1858 364 1885 rerum
396 1846 662 1884 creditarum.
722 1847 961 1898 Numquam
994 1845 1282 1886 vehementius
1313 1852 1449 1886 actum
1481 1852 1544 1886 est
1575 1861 1699 1900 quam
1731 1861 1796 1888 me
1829 1849 1999 1889 consule

228 1921 279 1948 ne
310 1908 555 1948 solveretur.
615 1909 752 1947 Armis
785 1915 824 1948 et
855 1908 1002 1948 castris
1035 1914 1235 1961 temptata
1266 1922 1330 1948 res
1363 1915 1426 1949 est
1456 1909 1506 1949 ab
1539 1911 1653 1949 omni
1684 1922 1837 1963 genere
1867 1912 2001 1952 homi-

227 1983 327 2010 num
360 1975 400 2009 et
431 1969 598 2010 ordine:
640 1971 794 2023 quibus
827 1972 883 2010 ita
914 1970 1072 2017 restiti,
1113 1976 1158 2010 ut
1194 1970 1275 2011 hoc
1315 1976 1448 2011 totum
1488 1972 1644 2012 malum
1677 1973 1727 2013 de
1759 1987 1802 2014 re
1834 1974 2001 2028 publica

227 2033 457 2073 tolleretur.
518 2034 756 2086 Numquam
789 2047 865 2073 nec
897 2034 1030 2073 maius
1063 2046 1134 2072 aes
1166 2033 1349 2073 alienum
1380 2034 1461 2073 fuit
1502 2048 1579 2074 nec
1610 2036 1760 2076 melius
1792 2050 1868 2077 nec
1900 2035 2001 2076 faci-

227 2094 306 2135 lius
338 2095 591 2135 dissolutum
624 2102 708 2144 est3
740 2096 961 2137 fraudandi
996 2096 1107 2135 enim
1141 2110 1213 2149 spe
1246 2096 1411 2136 sublata
1436 2097 1629 2137 solvendi
1651 2101 1878 2140 necessitas
1902 2105 2049 2140 con-30

229 2163 369 2197 secuta
402 2164 477 2197 est.
536 2158 589 2197 At
618 2171 717 2198 vero
747 2159 817 2198 hic
849 2172 959 2198 nunc
991 2159 1147 2205 victor,
1179 2164 1265 2197 tum
1289 2158 1461 2211 quidem
1483 2159 1632 2207 victus,
1657 2174 1765 2213 quae
1787 2161 1998 2213 cogitarat,

227 2231 314 2258 cum
353 2220 480 2271 ipsius
518 2222 728 2268 intererat,
771 2228 854 2261 tum
895 2236 941 2262 ea
982 2222 1183 2274 perfecit,
1223 2234 1317 2261 cum
1359 2222 1448 2261 eius
1487 2223 1571 2262 iam
1614 2223 1718 2263 nihil
1765 2224 2000 2264 interesset.

228 2282 360 2321 Tanta
399 2284 442 2322 in
483 2297 532 2323 00
574 2284 775 2336 peccandi
816 2285 946 2325 libido
979 2285 1080 2332 fuit,
1123 2290 1168 2324 ut
1196 2284 1278 2325 1100
1310 2284 1445 2337 ipsum
1478 2300 1573 2325 eum
1605 2287 1854 2335 delectaret,
1889 2284 2001 2340 [pec-

229 2341 354 2395 care,]
399 2345 522 2384 etiam
554 2347 588 2385 si
621 2359 747 2385 causa
778 2360 863 2386 non
897 2352 1022 2386 esset.
1097 2345 1164 2386 85.
1205 2346 1267 2385 Ab
1299 2346 1377 2386 hoc
1408 2347 1536 2399 igitur
1567 2361 1721 2401 genere
1751 2349 1999 2401 largitionis,

228 2410 274 2444 ut
303 2405 396 2445 aliis
429 2406 571 2455 detur,
604 2408 696 2447 aliis
727 2408 961 2457 auferatur,
994 2410 1172 2450 aberunt
1201 2409 1251 2456 ii,
1292 2409 1363 2462 qui
1395 2423 1482 2449 rem
1514 2410 1726 2463 publicam
1757 2411 1998 2459 tuebuntur,
2013 2418 2050 2448 35

230 2466 273 2507 in
316 2469 552 2522 primisque
593 2483 764 2523 operam
805 2470 985 2519 dabunt,
1026 2478 1070 2512 ut
1108 2471 1210 2511 iuris
1254 2477 1295 2511 et
1334 2472 1589 2514 iudiciorum
1625 2475 1838 2528 aequitate
1878 2487 2000 2514 suum

234 2574 1999 2592 Ἣ

319 2652 349 2683 4.
374 2653 575 2691 ptolomeum
600 2654 624 2686 C
661 2672 694 2676 —
728 2655 759 2685 ⁶2.
786 2663 882 2686 suum
904 2656 1061 2695 hospitem
1084 2664 1181 2687 suum
1204 2656 1294 2687 uenit
1317 2663 1335 2686 0
1364 2673 1398 2678 -
1427 2656 1667 2688 alexandream
1691 2657 1809 2689 Bilbc
1835 2659 1938 2697 (corr.
1958 2667 1999 2689 ex

231 2700 466 2733 alexandriam
491 2703 526 2739 Β,
554 2712 646 2735 corr.
667 2704 700 2735 in
725 2704 961 2737 alemandriam
986 2706 1034 2744 cj:
1065 2706 1301 2737 aleaeamtriam
1325 2713 1386 2736 ao.
1414 2706 1463 2737 Cf.
1484 2716 1516 2747 p.
1533 2707 1595 2738 706
1614 2716 1644 2737 v.
1662 2707 1714 2738 37.
1744 2723 1778 2729 -—
1807 2707 1837 2739 3.
1857 2707 1927 2748 Cui]
1945 2707 2001 2747 qui

233 2750 286 2789 Cp
314 2768 348 2773 —
380 2751 412 2783 5.
439 2752 623 2784 adhibuisse
646 2754 707 2784 sibi
735 2762 781 2793 cp
809 2772 842 2775 —
879 2756 909 2786 6.
937 2759 966 2786 et
990 2765 1104 2787 eorum
1120 2773 1168 2778 —-
1186 2755 1335 2786 tenebant
1360 2764 1430 2786 om.
1452 2756 1477 2787 11
1507 2774 1540 2778 —
1575 2757 1603 2788 8.
1625 2758 1861 2796 persuaderent
1886 2766 1933 2797 cp
1957 2774 2000 2780 —-

232 2801 414 2839 acciperent
438 2803 533 2834 malis
552 2804 806 2843 possessionibus
829 2805 939 2835 cedent
962 2814 982 2844 p
1018 2823 1052 2827 —-
1088 2806 1203 2836 malint
1229 2813 1245 2836 0
1283 2822 1317 2827 -—
1356 2806 1386 2837 9.
1413 2805 1472 2837 sibi
1497 2807 1613 2845 quanti
1636 2810 1737 2838 essent
1762 2816 1862 2846 quam
1886 2816 1934 2847 cp
1961 2824 1996 2829 —

233 2849 284 2880 ⁴0.
311 2853 354 2880 est
379 2859 448 2882 om.
469 2859 519 2891 cp
555 2871 598 2875 -—
634 2854 686 2885 1¹.
713 2854 884 2893 quaerella
909 2855 984 2892 Bll,
1009 2856 1143 2894 querela
1167 2855 1285 2886 abeo
1324 2872 1357 2877 —-
1399 2855 1451 2887 44.
1477 2856 1644 2888 subiacere
1667 2857 1801 2889 Bllab
1829 2874 1863 2879 —
1891 2858 1944 2889 45.
1971 2860 2001 2888 et

233 2899 398 2937 sapientia
415 2908 483 2931 om.
500 2910 521 2940 p
543 2918 578 2923 —
607 2902 658 2933 46.
678 2904 785 2941 adque
801 2904 824 2933 B
847 2922 880 2926 —
902 2905 1005 2935 οηιιιιέ
1021 2906 1128 2936 Bllb:
1157 2913 1266 2936 omnes
1282 2913 1359 2936 aco
1381 2923 1415 2927 —
1441 2907 1554 2936 eadem
1570 2907 1712 2945 equitate
1736 2915 1754 2938 c
1773 2923 1807 2928 —
1836 2907 1887 2937 47.
1905 2906 2000 2937 habi-

232 2950 303 2979 tant
326 2949 349 2980 B
378 2968 411 2972 —
439 2951 473 2980 in
497 2952 630 2983 alieno?
656 2954 739 2992 Quid
764 2962 794 2985 0.
822 2954 872 2985 ct.
900 2954 1035 2995 Madvig
1059 2957 1091 2986 in
1117 2955 1235 2987 philol.
1266 2954 1482 2986 Schneidew.
1511 2955 1536 2985 11
1562 2955 1672 2996 p.443
1698 2964 1752 2996 sq.
1777 2974 1820 2978 —
1852 2956 1902 2988 48.
1929 2956 2000 2987 edi-

230 2998 401 3036 ficauerim
424 3007 471 3039 cp
503 3019 545 3023 —
577 3002 629 3033 49.
656 3003 781 3041 eripere
805 3004 866 3034 nisi
891 3004 968 3035 aliis
990 3014 1010 3044 p
1044 3022 1079 3027 —-
1117 3006 1168 3036 ⁵20.
1196 3008 1430 3045 argumentum
1454 3005 1515 3035 Bll
1544 3022 1579 3026 —
1614 3006 1666 3037 2⁴.
1692 3015 1758 3037 non
1781 3006 1881 3038 habeo
1907 3007 1933 3037 H
1961 3023 1996 3028 —

233 3046 285 3078 023.
311 3058 376 3079 non
398 3050 444 3080 sic
465 3050 566 3089 fuerit
590 3059 627 3086 a;
661 3060 740 3082 nam
764 3053 791 3082 si
813 3053 912 3091 fuerit
937 3060 987 3092 cp
1015 3070 1049 3075 —
1085 3053 1137 3085 94.
1166 3055 1305 3085 continet
1329 3063 1398 3084 rem
1418 3063 1453 3093 p.
1480 3063 1500 3093 p
1528 3071 1563 3076 —-
1590 3056 1643 3086 ⁶25.
1670 3064 1783 3087 rerum
1805 3056 1922 3087 solutio
1947 3064 1998 3094 cp

237 3113 272 3129 .-
298 3097 350 3128 27.
376 3108 416 3129 ne
438 3108 503 3130 non
526 3100 708 3131 solueretur
730 3110 751 3140 p
787 3119 821 3123 —
855 3102 908 3132 28.
935 3103 982 3133 ita
1006 3112 1075 3134 om.
1095 3113 1115 3142 p
1151 3121 1185 3125 —
1217 3104 1335 3134 restitit
1358 3104 1381 3134 B
1415 3121 1449 3125 —
1482 3103 1541 3134 hoc
1563 3106 1668 3135 totum
1692 3106 1817 3137 malum
1841 3107 1864 3138 Β
1881 3107 1905 3137 Η
1921 3107 1994 3137 ab:

235 3149 337 3178 totum
359 3148 418 3179 hoc
440 3150 566 3180 malum
590 3156 626 3186 0;
654 3153 721 3180 tum
745 3150 803 3180 hoc
826 3151 950 3181 malum
975 3160 1013 3190 p;
1040 3152 1098 3183 hoc
1122 3156 1247 3183 tantum
1273 3152 1398 3183 malum
1422 3161 1441 3183 ο
1476 3170 1519 3175 —-
1553 3154 1606 3185 29.
1633 3164 1792 3194 umquam
1815 3165 1836 3195 p
1868 3173 1903 3176 —
1934 3155 1998 3194 suit

237 3203 305 3227 om.
325 3196 362 3227 B¹
389 3214 424 3220 —
456 3198 509 3230 30.
535 3198 681 3230 soluendi
705 3199 841 3230 Bllab:
873 3201 1033 3232 uendendi
1057 3209 1108 3240 cp
1147 3218 1182 3223 —
1222 3201 1273 3232 32.
1300 3210 1374 3232 cum
1396 3203 1500 3241 ipsius
1522 3203 1696 3243 intererat,
1722 3208 1791 3236 tum
1823 3213 1890 3243 cp:
1924 3212 1994 3234 om.

236 3243 385 3277 BHabo
413 3263 447 3270 -
474 3247 526 3279 33.
549 3256 688 3286 peccare
711 3251 855 3280 auctore
880 3250 984 3281 Bakio
1007 3251 1179 3282 Mnemos.
1199 3251 1271 3282 vlu
1293 3259 1327 3291 p.
1343 3251 1400 3282 20¹
1430 3250 1571 3283 seclusi.
1591 3269 1625 3275 —
1653 3252 1706 3285 35.
1725 3254 1750 3284 ii
1772 3253 1846 3284 Bb:
1871 3253 1903 3283 hi
1919 3252 1992 3291 Ha;

238 3292 284 3332 hij
306 3301 357 3334 op
383 3311 419 3318 -
451 3295 503 3328 36.
530 3296 654 3329 dabunt
675 3306 809 3338 operam
832 3305 862 3330 c,
