2249 3624
295 160 349 202 58
754 161 1180 204 ACADEMICORUM
1209 159 1590 201 POSTERIORUM

294 276 459 329 gatione
490 275 766 322 concludunt,
797 273 954 313 nullam
984 272 1170 325 denique
1202 276 1331 311 artem
1367 284 1458 311 esse
1493 284 1571 310 nec
1607 270 1774 310 dicendi
1810 285 1886 311 nec
1921 272 2052 312 disse-

292 338 410 377 rendi
450 343 608 391 putant.
667 338 751 376 Nos
787 340 926 375 autem
966 334 1201 386 praeceptis
1239 333 1557 372 dialecticorum
1597 337 1637 372 et
1673 338 1885 373 oratorum
1916 336 2053 382 etiam,

293 399 488 453 quoniam
528 405 746 451 utramque
784 397 867 436 vim
904 396 1100 435 virtutem
1141 408 1232 434 esse
1263 395 1394 434 nostri
1434 400 1602 447 putant,
1649 395 1707 434 sic
1746 400 1964 447 parentes,
2008 400 2056 435 ut

292 461 475 513 legibus,
507 460 643 500 verbis
675 471 847 512 quoque
878 458 998 497 novis
1021 457 1205 509 cogimur
1225 456 1313 495 uti:
1346 469 1453 509 quae
1474 457 1607 504 docti,
1638 462 1684 496 ut
1705 456 1811 504 dixi,
1843 470 1867 496 a
1887 457 2055 497 Graecis

261 528 434 576 5petere
473 522 646 568 malent,
687 519 843 560 indocti
884 533 937 559 116
977 532 1000 558 a
1040 518 1160 558 nobis
1192 517 1361 571 quidem
1393 518 1622 571 accipient,
1663 524 1709 558 ut
1738 518 1891 558 frustra
1922 519 2056 559 omnis

293 583 544 636 suscipiatur
573 582 697 621 labor.
758 580 795 622 6.
827 582 914 621 Iam
944 595 1042 621 vero
1074 580 1269 634 physica,
1309 581 1344 620 si
1373 580 1618 633 Epicurum,
1649 580 1691 620 id
1723 585 1806 628 est,
1842 581 1875 620 si
1906 582 2058 622 Demo-

293 646 438 685 critum
478 645 719 697 probarem,
758 657 925 696 possem
964 643 1144 683 scribere
1183 642 1240 682 ita
1281 642 1426 695 plane,
1462 648 1509 682 ut
1548 643 1792 683 Amafinius.
1854 643 1964 692 Quid
1997 649 2060 684 est

293 707 400 746 enim
432 719 651 759 magnum,
683 719 775 746 cum
798 719 943 746 causas
965 719 1105 745 rerum
1128 703 1346 745 efficientis
1369 706 1609 752 sustuleris,
1641 706 1692 745 de
1715 707 2058 759 corpusculorum

291 791 344 798 —
374 770 432 808 ita
472 768 582 807 enim
619 768 804 822 appellat
843 774 1004 808 atomos
1035 791 1088 797 ——
1119 768 1396 808 concursione
1432 767 1603 807 fortuita
1634 768 1786 821 loqui?
1834 770 1984 809 Nostra
2013 775 2058 809 tu

243 830 463 884 tophysica
503 830 638 870 nosti:
680 844 786 883 quae
827 844 919 870 cum
960 831 1252 871 contineantur
1291 844 1343 869 ex
1384 830 1602 870 effectione
1637 835 1677 870 et
1708 843 1761 870 ex
1792 832 1964 871 materia
1997 844 2057 878 ea,

291 905 416 947 quam
461 892 581 945 fingit
624 897 665 932 et
702 892 855 932 format
885 893 1070 940 effectio,
1117 892 1357 932 adhibenda
1388 893 1512 932 etiam
1544 892 1772 944 geometria
1803 898 1885 932 est:
1933 906 2059 946 quam

291 954 539 1007 quibusnam
571 955 793 1009 quisquam
824 956 1044 995 enuntiare
1068 955 1202 995 verbis
1234 960 1304 994 aut
1326 968 1450 1008 quem
1472 955 1524 994 ad
1546 954 1875 1006 intellegendum
1898 955 2053 1008 poterit

291 1014 528 1055 adducere?
568 1017 681 1056 Haec
710 1017 802 1069 ipsa
833 1017 884 1056 de
916 1018 998 1057 vita
1038 1022 1078 1057 et
1108 1016 1292 1056 moribus
1325 1022 1365 1056 et
1397 1017 1447 1056 de
1481 1017 1729 1070 expetendis
1759 1016 2058 1070 fugiendisque

291 1078 414 1117 rebus
431 1079 481 1098 *θ*
500 1079 562 1118 illi
584 1080 693 1119 enim
716 1079 960 1132 simpliciter
979 1079 1153 1132 pecudis
1176 1085 1217 1118 et
1242 1079 1422 1118 hominis
1444 1079 1555 1118 idem
1577 1079 1733 1118 bonum
1757 1092 1847 1118 esse
1866 1085 2058 1118 censent:

244 1140 402 1193 i5apud
440 1146 606 1180 nostros
646 1146 785 1181 autem
815 1155 901 1181 non
931 1142 1098 1194 ignoras
1131 1154 1239 1194 quae
1271 1142 1324 1181 sit
1355 1147 1395 1180 et
1427 1147 1581 1194 quanta
1614 1140 1833 1180 subtilitas.
1895 1139 1932 1180 7.
1965 1141 2060 1181 Sive

292 1202 403 1242 enim
444 1206 655 1243 Zenonem
695 1217 896 1257 sequare,
939 1217 1134 1257 inagnum
1173 1209 1236 1243 est
1276 1203 1442 1243 efficere
1481 1209 1525 1243 ut
1557 1204 1650 1256 quis
1682 1203 1919 1255 intellegat,
1958 1203 2061 1257 quid

292 1265 344 1305 sit
370 1265 475 1305 illud
498 1279 641 1305 verum
663 1272 704 1306 et
725 1267 904 1319 simplex
923 1267 1092 1313 bonum,
1115 1267 1227 1319 quod
1251 1280 1335 1305 non
1357 1266 1491 1319 possit
1511 1265 1561 1305 ab
1583 1266 1801 1306 honestate
1824 1266 1986 1318 seiungi
2007 1288 2061 1294 —

293 1328 405 1380 quod
435 1328 593 1368 bonum
625 1328 747 1382 quale
779 1329 832 1368 sit
861 1335 987 1381 negat
1017 1330 1187 1368 omnino
1215 1329 1420 1381 Epicurus
1451 1328 1540 1367 sine
1574 1328 1861 1381 voluptatibus
1892 1341 2061 1368 sensum

292 1391 555 1431 moventibus
586 1404 639 1431 ne
669 1391 871 1444 suspicari
904 1390 1076 1444 quidem
1098 1406 1171 1430 -ε
1204 1391 1237 1430 si
1269 1404 1368 1430 vero
1401 1390 1668 1430 Academiam
1704 1395 1887 1430 veterem
1920 1403 2062 1442 perse-

242 1465 277 1494 20
293 1466 490 1506 quamur,
523 1467 647 1507 quam
669 1467 766 1501 nos,
798 1459 843 1494 ut
864 1454 965 1501 scis,
996 1454 1245 1507 probamus,
1278 1466 1403 1506 quam
1427 1458 1550 1492 erunt
1576 1453 1647 1492 illa
1668 1459 1789 1492 acute
1813 1452 2063 1505 explicanda

294 1515 440 1555 nobis!
482 1529 606 1569 quam
645 1522 812 1569 argute,
853 1530 978 1570 quam
1010 1516 1188 1556 obscure
1221 1516 1344 1555 etiam
1376 1520 1518 1554 contra
1550 1515 1713 1554 Stoicos
1746 1515 2060 1555 disserendum!

299 1578 447 1617 Totum
487 1578 615 1631 igitur
654 1578 758 1618 illud
796 1579 1088 1632 philosophiae
1120 1579 1303 1619 studium
1335 1577 1435 1617 mibi
1470 1577 1640 1630 quidem
1670 1578 1760 1630 ipse
1793 1591 1911 1618 sumo
1943 1583 1982 1617 et
2011 1578 2063 1618 ad

294 1640 403 1679 vitae
446 1642 722 1681 constantiam
769 1647 971 1695 quantum
1023 1655 1192 1694 possum
1246 1647 1286 1680 et
1333 1640 1384 1680 ad
1424 1639 1746 1680 delectationem
1792 1641 1941 1688 animi,
1987 1654 2063 1680 nec

293 1702 426 1742 ullum
466 1703 664 1751 arbitror,
704 1709 749 1744 ut
788 1704 899 1757 apud
939 1703 1154 1743 Platonem
1196 1709 1282 1750 est,
1324 1704 1458 1743 maius
1491 1709 1562 1743 aut
1592 1703 1740 1743 melius
1771 1716 1794 1743 a
1826 1703 1889 1743 dis
1921 1703 2062 1744 datum

290 1925 532 1966 9umenlatione
563 1924 727 1965 Bentley;
762 1926 795 1956 at
825 1924 917 1956 bene
951 1924 1061 1956 attulit
1092 1924 1192 1956 Orelli
1225 1924 1460 1956 Alexandrum
1492 1925 1647 1965 Aphrod.
1682 1925 1775 1966 apud
1809 1926 1951 1958 Suidam
1976 1935 2003 1958 s.
2030 1936 2062 1958 ν.

290 1972 543 2015 διεξοδικούςε
580 1972 650 2016 τὴν
685 1972 1059 2016 διαλεκτικὴν-«μή
1098 1972 1330 2016 οιεξωόικοὺς
1365 1975 1558 2007 ποιεῖσθαι
1596 1973 1684 2015 τοὺς
1716 1974 1874 2018 λόγους,
1914 1973 1992 2008 ἀλλ’
2025 1976 2064 2009 ἐν

291 2022 471 2070 ἐρωτήσει
496 2025 559 2056 καὶ
583 2022 794 2069 ἀποκρίσει.
827 2025 876 2056 Cf.
904 2026 1009 2056 etiam
1035 2025 1156 2065 fragm.
1184 2026 1264 2068 περὶ
1291 2023 1512 2070 ἐρωτήσεως
1537 2027 1570 2056 111
1596 2027 1694 2057 Rhet.
1723 2028 1776 2057 Gr.
1806 2026 1861 2056 ed.
1889 2027 2016 2067 Speng.
2038 2028 2063 2065 Ι,

293 2075 354 2106 165
372 2077 406 2105 et
424 2075 492 2106 Cic.
510 2074 553 2105 de
573 2076 663 2106 Orat.
679 2076 703 2112 1,
723 2075 740 2115 S
759 2075 854 2107 4-3.-
878 2075 904 2104 1.
925 2075 1113 2115 disserendi]
1131 2076 1290 2106 scribendi
1308 2077 1333 2105 G
1350 2093 1383 2097 —
1406 2076 1435 2106 Ξ..
1456 2076 1622 2106 rhetorum
1641 2076 1730 2106 coni.
1748 2077 1878 2107 Pearce
1898 2093 1931 2098 —
1952 2078 2062 2117 eciam]

292 2127 321 2154 et
348 2125 419 2160 Α1;
452 2126 551 2154 etiam
585 2133 653 2155 oni.
680 2125 809 2156 Manui.
841 2125 874 2154 et
898 2123 1019 2154 Lanib.
1050 2142 1084 2146 —
1120 2124 1150 2155 3.
1176 2124 1341 2164 virtutem]
1378 2133 1478 2154 unani
1504 2125 1696 2156 Manutius:
1732 2124 1898 2164 equidem
1924 2125 2061 2158 malim:

292 2177 467 2212 utramque
485 2184 585 2205 unam
600 2175 764 2205 virtulem.
788 2175 837 2205 De
856 2183 931 2205 voc.
954 2175 1056 2205 virtus
1073 2173 1114 2204 cf.
1133 2173 1175 2205 de
1194 2175 1286 2205 Orat.
1307 2175 1361 2211 ΙΙΙ,
1381 2174 1398 2213 g
1417 2174 1469 2204 65.
1489 2182 1534 2195 —·
1549 2174 1594 2203 sic
1611 2182 1680 2204 0111.
1703 2175 1727 2204 G
1744 2191 1777 2195 —
1798 2173 1829 2205 4.
1850 2184 1977 2214 quoque
1994 2177 2061 2214 GV,

292 2225 330 2254 ut
354 2224 443 2254 coni.
463 2224 619 2256 Ernesti:
647 2233 851 2263 quamquam
868 2227 892 2255 Α
908 2226 930 2255 Ρ
944 2233 978 2259 r:
1007 2233 1256 2262 nonnumquam
1279 2224 1404 2254 Davies
1426 2240 1457 2246 —
1487 2223 1518 2253 5.
1538 2223 1659 2253 malent
1675 2241 1723 2246 --
1741 2225 1901 2263 accipient
1916 2225 2061 2257 Davies:

293 2273 425 2304 mallent
441 2291 489 2296 --
507 2275 674 2313 accipiunt
698 2274 721 2305 C
738 2283 753 2304 r
772 2291 805 2295 —
835 2273 965 2314 indocti]
992 2274 1059 2304 iam
1082 2282 1158 2304 vero
1177 2272 1214 2303 G¹
1233 2291 1267 2294 —
1296 2283 1315 2303 11
1343 2272 1432 2303 nobis
1456 2281 1495 2303 116
1519 2282 1587 2303 acc.
1608 2273 1737 2311 quidem
1761 2282 1776 2303 r
1791 2274 1828 2311 O,
1855 2282 2062 2314 perperam3

294 2331 332 2354 ne
355 2332 377 2353 a
399 2323 490 2354 nobis
513 2325 660 2362 quidem,
694 2325 729 2354 ut
756 2324 809 2354 est
833 2324 866 2353 in
893 2323 938 2361 C,
971 2322 1074 2354 Orelli
1104 2324 1322 2362 arrogantius
1347 2322 1479 2353 dictum
1505 2325 1619 2363 putat,
1656 2323 1688 2353 in
1720 2332 1760 2354 ne
1776 2340 1824 2345 ——
1842 2325 1971 2362 quidem
1995 2326 2065 2356 vim

294 2373 444 2413 augendi
469 2382 547 2405 esse
572 2375 745 2408 statuens3
773 2375 807 2403 at
831 2371 913 2403 nihil
939 2371 1030 2403 aliud
1054 2373 1145 2404 vaiet
1170 2374 1234 2404 nisi
1259 2375 1418 2404 nostrum
1437 2373 1541 2403 «auch
1559 2373 1677 2403 nii-lit».
1698 2391 1740 2395 —
1764 2374 1795 2404 6.
1815 2373 1909 2404 labor
1931 2383 1965 2404 r:
1994 2382 2063 2405 om.

295 2423 337 2461 C,
371 2422 433 2454 sed
465 2422 546 2454 add.
579 2424 633 2454 est.
664 2431 740 2453 voa-⁴
775 2423 809 2453 in
842 2423 866 2453 G
900 2422 933 2453 in
958 2431 1068 2461 marg.
1095 2431 1143 2453 111.
1170 2424 1324 2459 recent.;
1363 2423 1396 2454 in
1422 2425 1444 2454 P
1471 2431 1590 2463 margo
1616 2422 1740 2454 habet:
1781 2424 1884 2454 omnis
1909 2433 2010 2463 opera
2033 2425 2067 2455 in

292 2472 469 2503 scribendis
492 2473 554 2503 illis
577 2472 795 2511 suseipoeelur
816 2473 962 2511 frustra:
991 2481 1055 2511 ego
1081 2471 1218 2504 malim:
1249 2474 1354 2503 omnis
1376 2472 1535 2503 scribendi
1561 2473 1654 2503 labor
1680 2471 1744 2511 (161
1769 2474 1880 2512 opera)
1905 2474 2067 2512 suscipia-

293 2526 357 2554 tur.
388 2541 420 2546 —
448 2524 480 2553 id
504 2522 559 2563 est]
586 2522 669 2552 idem
694 2524 719 2553 G
743 2540 785 2544 —
809 2522 839 2553 Τ.
865 2531 996 2561 possum
1020 2524 1046 2553 A
1074 2539 1108 2543 -—
1134 2522 1331 2561 Amafanius
1355 2524 1398 2559 C,
1429 2523 1564 2562 fannius
1588 2532 1605 2553 r
1635 2540 1677 2545 -
1708 2522 1739 2554 8.
1767 2523 1939 2562 efficientes
1963 2524 2066 2554 Lam-

294 2573 414 2604 binus:
441 2573 648 2613 efficienlium
666 2572 689 2603 C
703 2572 727 2603 O
741 2581 768 2609 r,
797 2580 901 2612 quani
927 2571 1113 2603 lectionem
1139 2573 1255 2612 inepte
1281 2572 1435 2603 defendit
1454 2572 1666 2603 Wernsdorf
1680 2573 1711 2603 in
1729 2572 1821 2610 Spec.
1841 2573 1935 2603 [noi.
1953 2573 2066 2612 philol.

294 2623 327 2654 in
350 2623 450 2654 Acad.
479 2624 729 2662 (Leucopetrae
755 2621 849 2660 4807>
876 2630 910 2662 p.
931 2622 982 2653 10.
1011 2638 1045 2642 -
1075 2622 1105 2652 9.
1133 2623 1300 2661 appellant.
1325 2623 1349 2652 G
1378 2638 1412 2644 —
1446 2623 1492 2653 10.
1516 2622 1677 2662 phisicam
1702 2622 1777 2659 ΡΥ,
1805 2622 2027 2661 philosophica
2051 2632 2069 2654 r

297 2690 331 2694 —
358 2681 432 2703 cum
457 2674 481 2703 G
495 2675 518 2704 P
533 2673 577 2703 V:
606 2681 675 2703 om.
701 2674 728 2703 A
743 2673 766 2702 O
781 2680 798 2702 r
825 2689 859 2694 —
886 2680 961 2702 cum
983 2672 1201 2709 conficiantur
1226 2673 1340 2703 Moser
1366 2673 1399 2703 in
1417 2672 1526 2710 Symb.
1546 2673 1620 2703 crit.
1639 2673 1683 2702 ad
1701 2672 1765 2703 Cic.
1786 2681 1882 2713 spec.
1903 2673 1957 2710 IV,
1985 2682 2018 2714 p.
2035 2674 2066 2705 8.

297 2739 331 2744 ——
359 2731 399 2753 ea
423 2731 507 2761 quac
531 2723 556 2752 G
576 2739 609 2743 -
639 2723 690 2752 11.
717 2723 817 2752 eliam
842 2723 866 2752 G
893 2723 927 2752 et
950 2722 1144 2752 Manutius:
1172 2722 1257 2752 enini
1281 2724 1307 2752 Α
1323 2723 1346 2752 P
1360 2722 1387 2752 V
1402 2731 1418 2752 1·
1443 2724 1475 2753 et
1494 2722 1518 2753 O
1545 2731 1623 2753 611111
1650 2723 1748 2762 signo
1774 2723 1887 2753 crucis
1906 2739 1941 2745 -
1968 2732 2068 2762 quam

296 2771 437 2804 Durand
466 2772 563 2811 signo
594 2772 874 2812 interrogationis
906 2774 984 2812 post
1014 2771 1177 2802 adducere
1207 2773 1339 2811 posito:
1377 2773 1533 2811 quoniam
1565 2772 1674 2809 COr,
1712 2771 1775 2803 sed
1808 2773 1832 2803 O
1865 2781 1943 2804 cum
1969 2774 2067 2813 signo

297 2824 427 2856 6111615,
455 2822 523 2852 iam
546 2822 735 2858 Manutius,
765 2831 968 2861 quamquam
993 2821 1144 2858 Ernesti,
1171 2822 1247 2860 quin
1274 2822 1373 2852 elium
1399 2823 1542 2859 Davie53
1570 2823 1726 2860 quoniam
1751 2821 1907 2853 defendit
1931 2822 2068 2863 Madvig

298 2882 329 2913 p.
352 2872 413 2903 1¹08
439 2871 684 2903 emendatione
706 2872 859 2904 Duraudi
885 2881 953 2903 non
972 2873 1119 2911 cognita.
1142 2890 1176 2893 —
1206 2872 1256 2902 43.
1277 2872 1439 2902 adducere
1461 2872 1540 2902 haec
1563 2873 1635 2911 ipsa
1660 2872 1756 2907 edd.;
1787 2873 1974 2903 adducere?
1996 2874 2068 2904 Iam

294 2930 372 2953 vero
396 2922 434 2951 de
458 2922 525 2951 vila
550 2924 616 2953 cet.
644 2921 798 2952 Durand.
836 2923 903 2953 Nos
929 2922 1066 2961 signum
1091 2920 1235 2951 lacunae
1262 2923 1340 2960 post
1364 2921 1458 2952 rebus
1483 2922 1683 2961 posuimus,
1718 2923 1960 2962 praedicatum
1985 2932 2068 2955 sen-

297 2973 445 3008 tentiae,
472 2971 566 3003 velut
591 2981 711 3010 «quam
735 2973 827 3003 varie
850 2972 1085 3002 [ructantur-J»
1113 2970 1332 3001 intercidisse
1356 2972 1431 3001 rati.
1460 2989 1493 2992 —
1522 2975 1550 3002 el
1574 2972 1612 3002 de
1636 2972 1678 3003 C:
1705 2973 1743 3002 116
1767 2973 1820 3003 10
1842 2990 1875 2993 -
1904 2972 1956 3004 44.
1983 2974 2068 3004 enim

299 3032 368 3054 om.
397 3022 537 3059 Lami»,
564 3024 642 3062 post
663 3023 794 3060 pecudis
820 3021 925 3052 habet
951 3022 975 3051 G
1006 3039 1034 3042 —
1069 3020 1116 3050 15.
1145 3023 1253 3050 aulem
1279 3021 1438 3051 Guietus:
1466 3022 1548 3051 enirn
1576 3021 1630 3051 Cr
1658 3039 1691 3043 —
1725 3022 1775 3051 16.
1802 3026 1959 3061 sequatur
1983 3024 2007 3053 G
2028 3039 2062 3044 —

299 3073 351 3103 1¹7.
377 3072 501 3112 verum]
528 3081 629 3102 ¹unum
654 3071 793 3103 Walker
823 3090 853 3094 -
879 3074 983 3110 potest
1008 3079 1024 3100 1
1057 3087 1086 3092 -
1115 3070 1165 3100 18.
1194 3070 1325 3099 omnino
1351 3073 1447 3109 ncgyat
1472 3071 1514 3102 G:
1548 3078 1580 3100 se
1604 3074 1700 3109 neyat
1724 3080 1753 3101 o.
1781 3072 1857 3103 Bas.
1888 3090 1922 3094 -
1950 3072 2001 3102 19.
2028 3081 2068 3102 ne

297 3123 459 3161 suspicari
484 3122 613 3160 quidem
638 3121 796 3152 Dur-and:
824 3130 880 3152 nec
903 3119 1067 3159 suspicari
1092 3120 1115 3150 C
1131 3120 1155 3149 Ο
1171 3128 1201 3153 1·;
1232 3119 1273 3150 cf.
1294 3119 1441 3157 Madvig.
1462 3119 1504 3149 att
1524 3120 1593 3150 Cic.
1614 3119 1656 3150 de
1684 3120 1766 3151 finn.
1794 3129 1825 3160 p.
1845 3120 1919 3151 8¹9.
1951 3120 2066 3151 Christ

299 3172 418 3203 statuit
443 3173 522 3202 ante
548 3180 604 3202 ncc
627 3180 712 3209 susp.
741 3169 888 3201 verbum
913 3170 1032 3201 sentire
1056 3169 1286 3201 intercidisse.
1317 3187 1351 3192 —-
1378 3170 1404 3199 si
1430 3169 1515 3209 cero]
1539 3171 1604 3201 sii-e
1627 3170 1811 3202 Turnebus
1831 3188 1865 3192 —
1890 3178 2065 3209 perseque-

300 3231 375 3253 mur
401 3222 422 3252 P
450 3239 484 3243 —
519 3221 571 3251 20.
601 3229 701 3259 quam
729 3230 793 3251 non
822 3223 856 3250 ui
888 3220 932 3256 C,
969 3228 1070 3259 quam,
1092 3222 1128 3250 ut
1150 3228 1167 3250 r
1192 3236 1225 3241 —
1258 3222 1352 3250 erunt
1375 3219 1535 3251 Ernesti:
1572 3224 1644 3251 erac
1668 3222 1711 3260 G,
1746 3221 1807 3252 erit
1831 3220 2001 3252 GPVOr
2025 3236 2059 3242 —

300 3272 353 3303 Ἡ.
379 3271 460 3302 illud
482 3271 586 3312 iyicur
609 3271 635 3301 G
662 3287 695 3292 -
723 3269 776 3301 23.
803 3273 962 3309 quantam
985 3269 1064 3300 PV.
