2249 3624
551 173 639 212 Lm.
661 172 733 212 111.
775 171 871 212 eu».
894 171 1240 213 xxiv—xxv.
1281 169 1340 224 §§
1363 168 1558 210 90-95.
1861 167 1943 209 733

179 292 304 319 sanus
334 278 468 318 sactus
500 282 623 323 esset,
655 291 707 317 ne
739 278 811 317 illo
846 278 1152 318 medicamento
1184 291 1380 332 umquam
1413 283 1557 332 postea
1589 282 1795 324 uteretur,
1828 277 1860 316 si
1893 291 1943 317 eo

178 339 480 381 medicamento
512 354 638 380 sanus
670 341 804 380 sactus
837 344 889 380 sit
921 347 961 381 ct
992 342 1112 381 annis
1145 342 1306 394 aliquot
1338 348 1433 393 post
1464 341 1659 380 inciderit
1689 341 1729 379 in
1763 340 1942 380 eundem

178 404 365 443 morbum
398 416 475 443 nec
507 403 557 442 ab
591 417 663 450 eo,
697 405 862 457 quicum
896 404 1125 457 pepigerat,
1160 404 1353 456 impetret
1386 410 1428 442 ut
1459 404 1605 442 iterum
1639 416 1688 442 eo
1721 403 1841 443 liceat
1871 404 1944 450 uti,

179 466 279 518 quid
312 465 550 505 faciendum
584 468 650 506 sit.
714 467 814 506 Cum
849 468 899 506 sit
931 467 965 505 is
997 466 1274 512 inhumanus,
1315 466 1386 518 qui
1418 478 1502 505 nou
1536 466 1760 513 concedat,
1799 479 1875 506 nec
1907 467 1944 506 ei

177 528 402 581 quicquam
436 526 505 568 fiat
535 529 737 575 iniuriae,
769 530 879 568 vitae
912 535 952 568 et
984 529 1107 568 saluti
1140 528 1458 567 consulendum.
1526 526 1592 566 03.
1634 527 1774 576 Quid?
1817 530 1849 568 si
1873 530 1974 582 qui5

176 591 343 643 sapiens
374 596 545 643 rogatus
577 591 628 630 sit
659 591 709 630 ab
742 604 811 637 eo,
854 591 924 643 qui
957 604 1050 630 eum
1083 590 1280 630 heredem
1312 591 1457 639 faeiat,
1499 605 1591 631 cum
1624 593 1661 632 ei
1695 597 1945 632 testamento

175 654 412 693 sestertium
446 653 580 693 milies
612 653 887 706 relinquatur,
918 659 963 692 ut
991 659 1087 692 ante
1111 667 1234 706 quam
1257 653 1533 694 hereditatem
1556 654 1679 694 adeat
1698 655 1787 695 luce
1811 656 1945 709 palam

174 715 216 754 in
247 715 338 755 foro
370 716 516 763 saltet,
557 716 685 769 idque
719 729 762 755 se
794 715 1000 756 facturum
1032 716 1291 768 promiserit,
1324 716 1437 769 quod
1470 717 1591 756 aliter
1620 716 1818 757 heredem
1851 731 1944 757 eum

175 779 406 831 scripturus
447 778 517 818 ille
560 792 645 818 non
686 784 824 825 esset,
871 778 997 818 faeiat
1037 779 1147 831 quod
1188 780 1424 831 promiserit
1462 782 1624 819 necne?
1684 780 1947 820 Promisisset

175 840 329 880 nollem
363 846 402 880 et
434 840 476 880 id
509 841 688 881 arbitror
720 840 848 880 l'uisse
880 841 1123 892 gravitatis:
1183 842 1381 893 quoniam
1415 844 1622 896 promisit,
1655 844 1689 883 si
1721 844 1872 884 saltare
1904 845 1945 883 in
1961 844 1997 873 ¹¹0

173 899 264 942 soro
308 909 428 956 turpe
471 903 615 951 ducet,
658 904 877 943 honestius
920 903 1166 951 mentietur,
1208 904 1241 943 si
1283 918 1335 944 ex
1377 904 1609 946 hereditate
1641 906 1746 946 nihil
1778 908 1946 960 ceperit,

175 978 300 1018 quam
333 965 367 1004 si
401 967 586 1019 ceperit,
627 966 708 1006 nisi
739 965 847 1005 forte
881 979 970 1005 eam
1005 967 1225 1019 pecuniam
1258 968 1300 1006 in
1332 968 1391 1007 rei
1422 969 1612 1021 publicae
1644 982 1839 1021 magnum
1871 969 1948 1009 ali-

175 1027 289 1080 quod
333 1033 496 1082 tempus
539 1029 788 1076 contulerit,
829 1034 874 1068 ut
916 1029 979 1068 vel
1025 1029 1197 1076 saltare,
1239 1043 1332 1069 cum
1373 1031 1534 1083 patriae
1574 1032 1841 1071 consulturus
1881 1034 1946 1079 sit,

175 1095 294 1144 turpe
338 1105 424 1130 non
467 1092 532 1131 sit.
600 1093 732 1131 XXV.
774 1089 842 1130 94.
889 1092 947 1130 Ac
978 1105 1030 1132 ne
1062 1092 1133 1131 illa
1165 1091 1336 1145 quidem
1369 1094 1571 1145 promissa
1603 1095 1807 1133 servanda
1838 1101 1946 1143 sunt,

177 1166 285 1206 quae
328 1167 410 1194 non
452 1160 550 1194 sunt
589 1155 639 1194 iis
672 1155 773 1207 ipsis
805 1154 947 1201 utilia,
989 1154 1142 1207 quibus
1175 1154 1245 1193 illa
1275 1156 1533 1208 promiseris.
1594 1156 1663 1196 Sol
1697 1156 1997 1198 Phaethontius

173 1212 282 1262 filio,
315 1222 360 1255 ut
392 1217 612 1257 redeamus
644 1216 695 1256 ad
727 1217 910 1264 fabulas,
941 1217 1146 1256 facturum
1180 1231 1223 1257 se
1255 1232 1347 1258 esse
1380 1219 1488 1258 dixit
1519 1219 1718 1272 quicquid
1750 1226 1946 1273 optasset.

175 1277 345 1331 Optavit
385 1284 431 1318 ut
471 1279 514 1318 in
557 1293 725 1320 currum
768 1280 897 1333 patris
939 1279 1186 1327 tolleretur3
1238 1281 1427 1320 sublatus
1460 1286 1549 1328 est;
1609 1288 1736 1335 atque
1775 1284 1810 1322 is
1850 1289 1946 1323 ante

174 1353 298 1393 quam
343 1343 529 1382 constitit
569 1344 653 1383 ictu
694 1343 882 1382 fulminis
923 1341 1180 1394 deflagravit.
1252 1343 1419 1391 Quanto
1452 1344 1601 1383 melius
1631 1344 1767 1385 fuerat
1796 1347 1839 1386 in
1870 1347 1947 1387 hoc

173 1404 426 1455 promissum
458 1406 587 1458 patris
621 1419 703 1445 non
737 1419 829 1445 esse
861 1405 1093 1445 servatuml
1151 1402 1310 1458 [Quid‘2
1343 1406 1454 1459 quod
1479 1407 1664 1447 Theseus
1693 1409 1830 1462 exegit
1852 1423 1947 1463 pro-

174 1465 346 1505 missum
378 1479 401 1506 a
432 1469 660 1520 Neptuno?
723 1468 797 1508 Cui
832 1481 924 1507 cum
957 1473 1040 1507 tres
1074 1469 1313 1520 optationes
1342 1469 1564 1521 Neptunus
1597 1469 1797 1518 dedisset,
1829 1479 1947 1525 opta·
1961 1480 1998 1509 ‘20

172 1527 232 1567 vit
264 1528 479 1569 interitum
512 1530 727 1584 Hippolyti
761 1528 861 1578 filii,
902 1544 996 1570 cum
1036 1531 1070 1570 is
1111 1532 1219 1583 patri
1260 1537 1476 1584 suspectus
1520 1538 1629 1572 esset
1659 1532 1711 1573 de
1743 1547 1946 1575 noverca:

173 1604 258 1644 quo
303 1598 446 1645 optato
488 1593 706 1646 impetrato
747 1592 937 1632 Theseus
978 1594 1021 1632 in
1062 1593 1270 1633 maxumis
1310 1593 1391 1634 fuit
1426 1591 1641 1649 luctibus.]
1702 1594 1769 1636 95.
1803 1597 1945 1645 Quid?

172 1655 458 1706 Agamemnon
501 1669 592 1695 cum
634 1655 872 1696 devovisset
902 1657 1061 1695 Dianae
1103 1656 1216 1709 quod
1256 1657 1298 1696 in
1339 1671 1415 1696 suo
1454 1671 1583 1709 regno
1616 1657 1944 1712 pulcherrimum

173 1721 315 1756 natum
349 1723 458 1757 esset
490 1718 560 1758 illo
594 1732 721 1765 anno,
753 1718 983 1758 immolavit
1014 1719 1289 1771 Iphigeniam,
1324 1734 1407 1773 qua
1436 1721 1542 1760 nihil
1575 1726 1662 1761 erat
1695 1735 1743 1761 eo
1776 1723 1945 1774 quidem

174 1791 281 1819 anno
322 1785 464 1819 natum
508 1781 738 1834 pulchrius.
815 1782 1069 1821 Promissum
1110 1783 1250 1834 potius
1290 1796 1375 1822 non
1413 1782 1649 1823 faciendum
1693 1798 1817 1837 quam
1862 1791 1996 1825 tam25

173 1846 349 1882 taetrum
381 1843 545 1883 facinus
577 1843 881 1884 admittendum
913 1843 1004 1883 fuit.
1074 1845 1184 1896 Ergo
1215 1850 1257 1884 et
1287 1846 1494 1898 promissa
1524 1860 1609 1886 non
1639 1846 1831 1887 facienda
1861 1862 1947 1888 non

173 1917 403 1958 numquam
445 1919 583 1959 neque
626 1919 791 1959 semper
832 1906 1024 1958 deposita
1054 1906 1285 1947 reddenda.
1348 1909 1389 1947 Si
1422 1908 1607 1961 gladium
1640 1910 1731 1962 quis
1765 1911 1876 1964 apud
1907 1917 1947 1951 te

174 1980 274 2007 sana
307 1974 445 2008 mente
477 1969 735 2021 deposuerit,
767 1974 928 2022 repetat
957 1969 1188 2016 insaniens,
1220 1969 1396 2011 reddere
1427 1976 1646 2024 peccatum
1675 1972 1741 2020 sit,
1765 1972 1947 2013 osticium

172 2044 256 2070 non
287 2030 479 2071 reddere.
553 2031 694 2079 Quid?
737 2032 770 2071 si
803 2031 861 2079 is,
901 2032 973 2085 qui
1005 2032 1114 2085 apud
1155 2038 1194 2071 te
1233 2034 1456 2084 pecuniam
1490 2034 1753 2087 deposuerit,
1791 2036 1947 2076 bellum

172 2092 325 2133 inferat
356 2095 528 2146 patriae,
559 2094 767 2134 reddasne
800 2093 1069 2146 depositum?
1114 2097 1208 2136 Non
1230 2095 1378 2145 credo3
1409 2097 1537 2138 facias
1560 2098 1669 2138 enim
1693 2105 1837 2138 contra
1858 2113 1945 2139 rem
1961 2104 1999 2134 30

177 2155 411 2208 publicam,
454 2170 562 2209 quae
601 2157 727 2197 debet
758 2170 849 2197 esse
880 2157 1107 2199 carissima.
1169 2158 1235 2198 Sic
1267 2159 1418 2207 multa,
1459 2173 1566 2213 quae
1597 2162 1771 2201 honesta
1801 2167 1948 2202 natura

263 2355 292 2386 4.
316 2354 442 2396 postea]
464 2358 538 2395 post
561 2356 619 2386 illa
644 2363 662 2387 c
702 2374 736 2379 —
775 2357 807 2387 ΕΣ.
832 2355 914 2397 post]
937 2359 1011 2396 post
1034 2356 1092 2387 illa
1116 2365 1134 2388 c
1174 2374 1208 2380 —
1247 2356 1278 2388 3.
1304 2360 1339 2388 ut
1364 2357 1439 2388 item
1463 2366 1499 2389 eo
1529 2358 1552 2389 B
1569 2358 1682 2394 Hab;
1720 2362 1755 2390 ut
1778 2360 1855 2391 item
1879 2363 1948 2391 tum

175 2405 258 2441 (om.
276 2408 322 2443 eo)
349 2414 367 2437 c
393 2422 428 2427 —
456 2405 486 2437 4,
505 2415 564 2437 nee
581 2406 761 2446 quicquam
776 2407 880 2446 faeiat.
898 2408 979 2445 (om.
999 2408 1037 2447 ei)
1063 2415 1082 2438 c
1110 2424 1145 2429 —
1173 2408 1204 2439 5.
1223 2408 1419 2439 consulendo
1437 2416 1457 2439 a
1482 2425 1517 2430 —-
1543 2408 1570 2438 si
1587 2409 1658 2447 quis
1674 2417 1692 2439 c
1720 2427 1755 2431 —
1783 2410 1812 2440 6.
1831 2410 1946 2450 faciat]

171 2456 232 2495 fiat
255 2455 275 2486 b
303 2472 338 2477 —
365 2456 395 2488 7.
420 2464 544 2495 param
568 2456 600 2486 in
624 2456 698 2495 foro
721 2457 840 2487 salutet
862 2457 883 2488 b
912 2474 945 2478 —
973 2457 1004 2487 8.
1026 2458 1217 2496 promiserit
1241 2458 1327 2497 quod
1345 2476 1363 2481 -
1379 2475 1396 2480 -
1411 2458 1518 2497 saciat
1541 2459 1628 2497 quod
1651 2467 1720 2490 om.
1741 2459 1767 2490 H
1797 2477 1830 2482 -
1857 2460 1948 2491 here—

173 2505 245 2536 dem
270 2515 343 2537 eum
367 2506 412 2537 C:
439 2514 511 2536 eum
535 2506 683 2537 heredem
707 2505 761 2537 alii
788 2507 867 2544 (non
883 2506 941 2545 bc)
971 2524 1005 2528 —
1033 2507 1063 2538 9.
1093 2507 1300 2538 «Promisisse
1323 2507 1441 2539 nollem
1464 2511 1492 2538 et
1516 2508 1549 2538 id
1572 2508 1720 2538 arbitror·
1740 2509 1840 2547 fuisse
1863 2518 1947 2549 yra-

172 2555 285 2585 vitatis
306 2578 313 2585 .
333 2555 388 2586 sed
419 2556 576 2594 quoniam
603 2556 754 2595 promisit
787 2556 859 2597 ete]
897 2556 1028 2588 Horum
1060 2556 1141 2588 nihil
1175 2559 1288 2588 exstat
1319 2558 1351 2588 in
1383 2557 1452 2589 Pal.
1479 2566 1531 2598 pr.
1560 2558 1622 2588 nisi
1648 2557 1691 2588 ad
1717 2567 1815 2589 oram
1840 2567 1947 2590 manu

173 2605 396 2636 recentiori.»
424 2605 524 2636 GRCT.
551 2623 593 2628 —
614 2607 817 2645 promisisset
842 2614 924 2637 nos:
949 2607 1138 2645 promisisse
1163 2608 1186 2638 C
1203 2615 1234 2638 o.
1276 2607 1354 2638 Vid.
1380 2606 1604 2647 Wesenberg
1628 2607 1670 2638 ad
1696 2616 1746 2639 or.
1774 2616 1807 2647 p.
1834 2609 1947 2639 Sestio

174 2661 208 2694 p.
227 2653 247 2684 2
271 2662 324 2694 sq.
352 2663 385 2685 n.
406 2654 424 2685 Ξ
450 2657 485 2685 et
510 2654 682 2687 Halmium
709 2656 753 2687 ad
778 2656 914 2687 Verrin.
941 2656 984 2686 IV
1009 2655 1085 2695 343
1113 2658 1157 2697 (p.
1175 2656 1250 2695 339,
1267 2657 1333 2696 30).
1362 2674 1397 2679 —
1426 2658 1478 2688 tt.
1504 2657 1585 2687 nihil
1608 2658 1771 2696 acceperit
1796 2659 1841 2695 H;
1868 2659 1950 2689 nihil

172 2705 317 2742 coeperit
337 2704 358 2735 b
385 2721 420 2725 —
448 2705 500 2735 42.
528 2714 629 2744 quam
652 2707 678 2736 si
701 2707 823 2745 ceperit
848 2706 872 2737 C
901 2707 1053 2745 (coeperit
1076 2707 1127 2745 b):
1155 2715 1226 2737 om.
1247 2715 1266 2738 ο
1298 2724 1334 2728 -
1371 2707 1422 2737 43.
1450 2707 1658 2737 consulturus
1681 2710 1761 2738 esset
1784 2715 1802 2738 c
1830 2725 1865 2730 —
1895 2709 1946 2740 45.

172 2753 225 2792 iis]
249 2753 298 2783 his
322 2753 345 2784 B
362 2753 466 2792 Hab,
492 2755 554 2794 hijs
577 2764 595 2787 c
622 2773 657 2778 —
692 2757 836 2795 plzetonti
862 2757 885 2787 t]
915 2773 949 2778 --
979 2757 1030 2788 47.
1050 2760 1148 2796 atque
1171 2758 1220 2788 his
1243 2766 1265 2788 a
1291 2774 1325 2779 —
1355 2757 1406 2788 48.
1429 2758 1579 2796 «Quanto
1603 2756 1718 2787 melius
1739 2758 1852 2795 fuerat
1875 2757 1948 2799 eta]

174 2801 296 2833 Totam
322 2803 413 2836 hanc
438 2804 623 2845 periodum
649 2806 770 2837 videas
795 2807 826 2837 in
852 2805 921 2837 Pal.
949 2816 1000 2847 pr.
1027 2806 1071 2837 ad
1096 2816 1195 2838 oram
1220 2806 1309 2841 libri,
1338 2808 1509 2847 scriptura
1535 2807 1650 2837 minus
1675 2807 1820 2837 veteri.»
1847 2808 1951 2839 Giutr.

177 2867 212 2872 —
234 2851 286 2882 49.
306 2853 362 2891 qui
379 2854 465 2891 quod
490 2854 596 2886 H¹ab
623 2872 659 2878 —
687 2856 739 2887 ΞΟ.
760 2855 874 2887 Verba
902 2856 1052 2887 Caicum
1068 2874 1117 2879 -—
1133 2857 1195 2896 fait
1219 2857 1358 2887 luctibus
1382 2858 1500 2896 spuria
1526 2865 1605 2887 esse
1630 2856 1715 2887 vidit
1732 2855 1950 2888 Valckena'er

175 2899 231 2939 (ad
250 2901 423 2942 Euripidis
442 2904 577 2944 Hippol.
597 2913 630 2936 v,
646 2905 734 2944 887),
762 2905 890 2945 quihus
915 2905 1039 2937 deletis
1065 2906 1214 2937 delenda
1241 2910 1339 2937 erant
1364 2909 1468 2936 etiam
1495 2914 1585 2945 quae
1603 2905 1821 2946 praecedunt
1839 2906 1950 2945 Quid?

176 2950 262 2988 quod
278 2967 328 2974 --
345 2961 367 2982 a
383 2953 558 2992 Neptuno?
597 2953 799 2991 Emblema,
834 2956 867 2986 in
901 2964 970 2995 quo
995 2965 1051 2987 me
1077 2958 1230 2987 maxime
1256 2956 1400 2987 offendit
1424 2955 1552 2986 locutio
1577 2959 1641 2986 tres
1663 2957 1846 2994 optationes
1868 2957 1950 2987 dare

175 3008 238 3040 pro
265 3008 306 3031 eo
331 3002 425 3041 quod
451 3004 525 3044 ipse
552 3004 674 3035 Cicero
699 3004 781 3034 dixit
808 3004 862 3035 lde
881 3005 978 3036 deor.
999 3008 1068 3037 nat.
1095 3007 1139 3037 111
1164 3006 1244 3046 576*
1273 3010 1322 3036 ter
1345 3006 1481 3044 optandi
1503 3005 1694 3044 facultatem
1717 3007 1811 3043 dare,
1837 3007 1948 3037 Erne-

176 3049 281 3080 stium
306 3049 339 3080 id
365 3059 520 3092 quoque,
548 3054 642 3094 quod
667 3054 833 3085 iudicium
853 3054 1033 3086 Ciceronis
1058 3064 1127 3086 non
1152 3055 1358 3086 subiiciatur
1381 3057 1417 3084 ut
1442 3055 1474 3084 iu
1500 3053 1573 3085 aliis
1598 3054 1694 3093 locis,
1721 3056 1948 3096 desumptum

177 3099 290 3129 estex
313 3100 363 3140 1§
380 3100 432 3131 32.
454 3119 489 3124 —
515 3103 570 3136 24.
588 3103 746 3142 hyppoliti
764 3104 800 3139 B,
827 3104 975 3143 hippoliti
992 3105 1032 3141 H,
1058 3105 1196 3144 yppoliti
1219 3113 1252 3143 a,
1277 3105 1413 3143 hypoliti
1436 3104 1467 3136 b.
1494 3104 1609 3142 ypoliti
1633 3113 1650 3135 c
1679 3122 1714 3128 —
1740 3110 1820 3137 esset
1844 3106 1947 3136 om.b

179 3164 215 3170 -—
242 3149 295 3180 22.
322 3153 436 3189 optatu
461 3160 478 3183 c
511 3170 546 3175 --
582 3153 634 3184 ⁵23.
661 3162 847 3194 ayanienon
869 3161 902 3188 a,
930 3153 1047 3194 aqam&
1074 3164 1151 3185 nam
1176 3155 1196 3186 b
1230 3171 1264 3175 ——
1300 3154 1351 3184 22.
1370 3153 1418 3193 eo]
1435 3154 1467 3183 in
1485 3162 1521 3184 eo
1547 3154 1573 3184 ll
1606 3172 1640 3177 —
1672 3155 1725 3186 25.
1748 3156 1948 3195 promissum

174 3199 284 3237 potius
312 3209 376 3230 non
405 3201 599 3240 faciundum
630 3212 730 3242 quam
759 3207 902 3234 taetrum
929 3204 1060 3243 facinus
1091 3204 1328 3235 admittendum
1356 3203 1419 3242 suit
1449 3204 1578 3234 Nonius
1602 3212 1636 3244 p.
1659 3204 1722 3235 309
1747 3208 1781 3235 et
1804 3204 1878 3236 4⁴3.
1908 3220 1943 3224 —-

177 3248 232 3279 26.
256 3258 335 3290 erqo
359 3253 388 3281 et
404 3267 422 3273 -
438 3268 456 3273 —
472 3252 638 3283 reddenda
663 3253 792 3284 Nonius
818 3262 848 3294 p.
863 3253 938 3284 ⁶279.
977 3271 1011 3275 —-
1050 3255 1103 3286 29.
1130 3255 1157 3286 is
1181 3262 1249 3286 om.
1271 3261 1288 3283 c
1327 3270 1362 3274 —
1397 3254 1574 3294 pecuniam
1597 3255 1686 3294 apud
1709 3259 1739 3287 te
1763 3262 1781 3286 c
1820 3272 1854 3277 —
1890 3254 1942 3286 30.

178 3297 286 3341 facias
309 3307 347 3333 o:
378 3300 478 3341 facies
500 3301 564 3333 AB
579 3302 605 3334 H
620 3302 673 3334 ab
699 3319 734 3325 —
762 3302 815 3335 3⁴.
840 3302 1015 3335 karissima
1040 3312 1071 3336 c.
