2249 3624
602 154 689 194 Lm.
721 152 770 192 Π.
813 149 910 192 ΟΛΡ.
939 150 1181 192 VIII—IX.
1218 149 1278 205 §§
1309 148 1502 192 22-27.
1878 147 1922 190 Μ

178 273 224 309 ut
253 268 475 322 quisquam
514 266 615 307 tanti
654 266 845 306 aestimet
887 264 1140 319 aequitatem
1172 269 1213 304 et
1243 262 1388 312 fidem,
1427 269 1473 305 ut
1502 264 1592 305 eius
1623 263 1935 305 conservandae

179 344 302 372 cansa
332 331 493 370 nullum
525 329 773 384 supplicium
806 333 992 375 recuset,
1023 328 1103 367 nisi
1129 328 1176 367 iis
1198 327 1322 367 rebus
1344 328 1548 368 adsensus
1570 328 1646 376 sit,
1679 340 1786 381 quae
1807 326 1935 366 falsae

178 407 268 434 esse
300 407 383 433 non
415 393 589 446 possint.
647 390 714 431 24⁸.
746 392 840 444 Ipsa
871 405 970 431 vcro
1001 390 1227 444 sapientia,
1269 391 1303 429 si
1336 404 1379 430 se
1411 391 1617 443 ignorabit
1647 389 1854 444 sapientia
1885 390 1938 429 sit

177 470 330 503 necne,
362 470 445 509 quo
479 455 601 494 modo
633 456 809 508 primum
833 453 1037 494 obtinebit
1059 466 1209 492 nomen
1232 453 1499 506 sapientiae?
1531 452 1684 493 deinde
1707 466 1790 505 quo
1813 451 1935 490 modo

177 519 388 570 suscipere
428 518 609 571 aliquam
650 531 737 557 rem
776 524 848 556 aut
877 529 998 569 agere
1030 515 1208 555 fidenter
1237 515 1427 562 audebit,
1469 528 1562 554 cum
1593 515 1694 556 certi
1726 514 1830 554 nihil
1863 515 1969 554 erits

177 580 288 634 quod
321 581 550 632 sequatur?
582 593 675 618 cum
708 591 804 618 vero
836 578 1055 625 dubitabit,
1087 578 1190 631 quid
1222 579 1275 618 sit
1306 585 1537 618 extremum
1569 583 1610 618 et
1640 578 1831 618 ultimum
1863 577 1938 617 bo-

175 655 346 688 norum,
377 642 571 693 ignorans
603 654 687 694 quo
721 641 861 680 onmia
894 640 1147 687 referantur,
1179 641 1251 694 qui
1283 641 1438 693 poterit
1471 654 1562 681 esse
1595 641 1828 695 sapientia?
1866 640 1938 678 At-

176 717 257 757 que
300 704 422 744 etiam
462 703 565 743 illud
607 703 875 756 perspicuum
914 709 997 749 est,
1039 703 1234 742 constitui
1266 716 1438 743 necesse
1471 717 1562 743 esse
1596 704 1783 750 initium,
1824 701 1938 755 quod

175 767 399 819 sapientia,
433 780 526 805 cum
558 764 658 819 quid
690 778 812 817 agere
842 765 1030 817 incipiat,
1062 770 1282 818 sequatur,
1314 765 1442 819 idque
1464 766 1630 806 initium
1651 778 1743 806 esse
1766 770 1938 805 naturae

175 828 546 869 accommodatum.
578 828 679 866 Nam
703 827 822 866 aliter
842 826 1046 880 adpetitio
1068 850 1122 856 —
1144 841 1233 867 eam
1257 828 1367 867 enim
1391 828 1582 868 volumus
1605 842 1697 868 esse
1718 823 1938 882 τ’)ρλιιῄν-,
1956 838 1990 866 ⁴0

175 904 255 944 qua
294 891 343 930 ad
386 891 591 943 agendum
624 890 873 944 impellimur
903 896 943 930 et
973 890 1014 930 id
1047 890 1306 943 adpetimus,
1345 891 1457 943 quod
1490 896 1552 930 est
1582 892 1739 938 visum,
1781 890 1940 930 moveri

173 967 258 994 non
297 959 448 1006 potest.
508 950 573 992 25.
607 953 713 991 Illud
757 958 914 1000 autem,
957 952 1069 1006 quod
1110 958 1268 999 movet,
1308 952 1425 1005 prius
1457 957 1622 1006 oportet
1651 953 1785 992 videri
1816 952 1941 1005 eique

175 1017 313 1057 credi:
347 1015 459 1070 quod
490 1015 580 1055 fieri
614 1028 698 1055 non
730 1021 889 1068 potest,
932 1015 966 1055 si
998 1014 1059 1061 id,
1093 1013 1206 1068 quod
1239 1015 1373 1054 visum
1406 1014 1506 1062 erit,
1539 1015 1719 1055 discerni
1751 1029 1834 1055 non
1867 1028 1941 1067 po-

175 1080 270 1120 terit
307 1093 330 1119 a
369 1079 486 1118 falso.
549 1078 642 1126 Quo
685 1077 807 1118 modo
839 1083 978 1117 autem
1011 1076 1168 1116 moveri
1201 1078 1363 1116 animus
1394 1077 1445 1117 ad
1477 1076 1759 1131 adpetendum
1791 1081 1940 1130 potest,

174 1142 207 1181 si
248 1142 308 1188 id,
347 1141 458 1194 quod
499 1141 684 1188 videtur,
727 1154 809 1181 non
850 1139 1102 1193 percipitur,
1145 1139 1557 1180 accommodatumne
1599 1145 1771 1180 naturae
1803 1139 1859 1178 sit
1888 1149 1991 1180 ant&

173 1204 390 1244 alienum?
439 1204 650 1256 Itemque,
682 1203 714 1242 si
752 1202 852 1256 quid
884 1200 993 1242 offici
1024 1202 1086 1241 sui
1119 1203 1172 1242 sit
1203 1216 1287 1242 non
1310 1202 1494 1242 occurrit
1523 1202 1686 1249 animo,
1718 1202 1823 1242 nihil
1852 1215 1942 1241 um-

174 1278 298 1319 quam
331 1266 500 1306 omnino
534 1272 649 1318 aget,
682 1265 734 1305 ad
766 1266 920 1305 nullam
955 1280 1041 1305 rem
1074 1279 1271 1320 umquam
1303 1266 1564 1319 impelletur,
1596 1279 1822 1319 numquam
1857 1278 1943 1304 mo-

173 1328 346 1367 vebitur.
395 1328 520 1376 Quod
552 1329 584 1368 si
615 1328 774 1381 aliquid
806 1327 1034 1381 aliquando
1067 1334 1234 1368 acturus
1266 1333 1349 1375 est,
1381 1341 1554 1367 necesse
1578 1333 1641 1368 est
1662 1327 1702 1367 id
1725 1328 1763 1367 ei
1785 1341 1941 1373 verum,

172 1389 282 1442 quod
317 1390 516 1437 occurrit,
557 1389 702 1430 videri.
764 1388 829 1430 ⁶26.
864 1390 974 1438 Quid
1016 1392 1152 1444 quod,
1193 1391 1227 1430 si
1266 1391 1345 1430 ista
1382 1403 1482 1429 vera
1512 1395 1631 1438 sunt,
1670 1390 1774 1430 ratio
1807 1389 1943 1430 omnis

171 1452 351 1499 tollitur,
393 1453 513 1506 quasi
556 1454 761 1507 quaedam
794 1453 867 1493 lux
898 1453 1127 1508 lumenque
1159 1453 1289 1500 vitae,
1329 1459 1522 1493 tamenne
1555 1453 1597 1493 in
1629 1453 1709 1493 ista
1739 1453 1992 1506 pravitatem

172 1515 443 1569 perstabitis‘?
489 1517 592 1555 Nam
626 1517 855 1569 quaerendi
888 1517 1054 1557 initium
1086 1517 1190 1556 ratio
1213 1516 1373 1563 attulit,
1406 1529 1512 1568 quae
1535 1515 1711 1568 perfecit
1732 1516 1943 1561 virtutem,

173 1591 264 1617 cum
298 1583 407 1617 esset
437 1578 529 1631 ipsa
559 1580 663 1618 ratio
697 1578 938 1620 confirmata
962 1580 1218 1633 quaerendo.
1271 1578 1473 1627 Quaestio
1497 1585 1635 1618 autem
1659 1584 1722 1619 est
1741 1579 1943 1631 adpetitio

173 1639 421 1692 cognitionis
453 1642 801 1696 quaestionisque
833 1641 927 1683 finis
959 1643 1159 1683 inventio.
1209 1642 1259 1681 At
1291 1654 1413 1681 nemo
1445 1641 1605 1681 invenit
1626 1641 1749 1689 falsa,
1783 1654 1858 1681 nec
1881 1654 1942 1688 ea,

172 1714 278 1754 quae
311 1702 467 1743 incerta
499 1711 768 1757 permanent,
801 1706 967 1745 inventa
1000 1719 1091 1744 esse
1117 1709 1314 1758 possunt,
1347 1703 1439 1750 sed,
1473 1717 1565 1743 cum
1590 1717 1660 1750 ea,
1693 1718 1799 1757 quae
1823 1704 1943 1757 quasi

171 1764 357 1804 involuta
402 1765 588 1814 suerunt,
636 1774 777 1821 aperta
823 1774 938 1815 sunt,
985 1774 1068 1807 tum
1116 1768 1287 1806 inventa
1331 1767 1539 1806 dicuntur.
1601 1768 1668 1806 Sic
1700 1772 1740 1806 et
1780 1767 1940 1805 initium
1958 1778 1993 1807 25·

172 1828 400 1880 quaerendi
432 1836 471 1869 et
504 1832 642 1870 exitus
680 1831 938 1884 percipiundi
973 1838 1014 1870 et
1045 1829 1427 1883 comprehendendi
1460 1835 1637 1870 tenetur.
1697 1828 1943 1881 Argumenti

173 1891 413 1939 conclusio,
448 1906 553 1946 quae
585 1899 645 1932 est
669 1893 825 1932 Graece
857 1889 1098 1942 (276051315.
1132 1893 1186 1932 ita
1210 1892 1429 1931 delinitur:
1462 1892 1582 1939 ratio,
1616 1905 1723 1945 quae
1747 1905 1799 1931 ex
1821 1891 1943 1931 rebus

173 1955 378 2006 perceptis
410 1955 461 1994 ad
492 1955 555 2002 id,
589 1957 700 2009 quod
736 1970 815 1995 non
848 1956 1176 2009 percipiebatur,
1210 1955 1392 1994 adducit.

285 2018 355 2056 lx.
391 2016 454 2056 ΞΤ.
489 2018 612 2065 Quod
646 2018 679 2057 si
712 2018 850 2058 omnia
882 2019 970 2057 visa
1001 2019 1090 2057 eius
1123 2018 1234 2057 modi
1267 2023 1426 2064 essent,
1459 2018 1601 2070 qualia
1622 2018 1688 2057 isti
1712 2017 1866 2063 dicunt,
1899 2023 1945 2055 ut

174 2093 223 2119 ea
263 2080 328 2118 vel
368 2080 471 2120 falsa
505 2095 594 2121 esse
638 2086 830 2133 possent,
873 2094 1010 2134 neque
1043 2095 1091 2120 ea
1121 2086 1264 2133 posset
1296 2081 1378 2120 ulla
1410 2081 1525 2121 notio
1557 2082 1817 2126 discernere,
1860 2095 1943 2134 quo
1958 2092 1993 2120 30

173 2140 296 2181 modo
338 2156 591 2196 quemquam
633 2150 703 2183 aut
742 2144 994 2183 conclusisse
1032 2143 1190 2196 aliquid
1224 2149 1295 2182 aut
1326 2144 1537 2183 invenisse
1571 2144 1835 2184 diceremus?
1874 2151 1945 2184 aut

174 2217 282 2257 quae
327 2212 436 2245 esset
473 2206 659 2245 conclusi
706 2206 941 2257 argumenti
990 2204 1123 2245 tides?
1184 2206 1276 2258 Ipsa
1318 2212 1456 2245 autem
1500 2206 1790 2259 philosophia,
1837 2221 1943 2261 quae

173 2267 405 2306 rationibus
438 2268 633 2321 progredi
666 2269 806 2315 debet,
841 2282 962 2321 quem
997 2268 1166 2307 habebit
1197 2269 1386 2307 exitum?
1436 2269 1675 2321 Sapientiae
1707 2282 1805 2309 vero
1844 2271 1944 2323 quid

174 2330 357 2369 futurum
390 2333 484 2370 est?
528 2344 634 2384 quae
667 2344 805 2384 neque
837 2331 888 2370 de
920 2344 963 2370 se
994 2331 1086 2383 ipsa
1118 2330 1309 2370 dubitare
1343 2331 1467 2371 debet
1498 2345 1638 2384 neque
1671 2332 1721 2370 de
1753 2331 1840 2371 suis
1874 2332 1945 2371 de-

175 2393 321 2440 cretis,
367 2406 473 2446 quae
516 2393 757 2447 philosophi
797 2398 947 2433 vocant
987 2390 1210 2446 obfusam,
1253 2407 1432 2446 quorum
1474 2394 1633 2432 nullum
1666 2393 1756 2432 siue
1787 2394 1994 2434 scelere35

174 2454 295 2507 prodi
327 2456 495 2508 poterit.
545 2455 645 2496 Cum
678 2456 790 2496 enim
823 2456 1037 2496 decretum
1068 2457 1278 2510 proditur,
1311 2457 1378 2496 lex
1400 2456 1487 2496 veri
1520 2456 1708 2509 rectique
1730 2455 1942 2510 proditur:

260 2642 289 2673 l.
317 2642 468 2672 aestimat
490 2639 530 2673 Αι
545 2642 570 2671 V
605 2659 638 2664 —-
674 2642 704 2672 2.
732 2642 792 2672 nisi
823 2643 846 2673 B
881 2650 956 2683 sup.
984 2641 1042 2674 lin.
1075 2660 1103 2665 -
1141 2642 1203 2672 hiis
1226 2643 1271 2679 B,
1297 2642 1346 2672 his
1370 2643 1394 2673 A
1412 2642 1438 2671 V
1466 2660 1500 2664 —
1532 2642 1562 2673 3.
1587 2643 1710 2682 possint
1736 2644 1783 2674 C:
1810 2649 1945 2683 possunt

173 2690 268 2728 edd.‚
294 2693 331 2722 ut
357 2692 424 2722 iam
449 2700 469 2721 v
493 2710 536 2714 —
558 2692 585 2722 si
609 2701 641 2723 se
664 2693 731 2732 ign.
759 2693 921 2731 sapiencia
945 2701 1013 2723 om.
1042 2694 1081 2723 Al
1110 2710 1142 2714 —
1175 2691 1194 2724 4
1229 2693 1378 2730 primum
1403 2701 1465 2731 quo
1490 2693 1584 2723 modo
1610 2692 1731 2724 Lamb.
1762 2711 1795 2715 —
1824 2694 1894 2725 dein
1924 2696 1945 2725 15

175 2759 209 2764 —-
237 2741 267 2772 6.
295 2741 455 2772 dubitauit
480 2740 557 2773 B¹v
584 2759 618 2764 —
647 2743 676 2773 7.
704 2743 871 2779 reseratur
895 2744 933 2774 Αι
962 2758 995 2764 -
1031 2743 1061 2773 9.
1090 2743 1177 2782 itque
1202 2742 1228 2770 V
1253 2759 1295 2764 —-
1326 2742 1379 2772 40.
1404 2742 1468 2772 col.
1495 2751 1561 2773 esse
1584 2742 1670 2773 AB:
1703 2751 1768 2773 esse
1789 2743 1852 2774 vol.
1880 2743 1945 2774 VO

176 2807 210 2812 —
236 2790 369 2822 hormen
400 2791 423 2822 C
453 2808 487 2812 —
522 2792 574 2822 216.
602 2791 700 2832 officii
731 2792 797 2823 VO
834 2809 868 2814 -—
903 2793 954 2822 Π.
983 2801 1059 2822 num
1085 2791 1267 2822 monebitur
1292 2791 1317 2821 V
1345 2809 1379 2812 —
1416 2791 1466 2822 ⁴9.
1495 2792 1573 2832 quid
1598 2793 1683 2831 quod
1708 2792 1748 2829 V,
1780 2792 1844 2824 sed
1869 2795 1947 2832 qvid

174 2876 251 2908 ead.
279 2885 325 2908 m.
354 2879 567 2918 expunctum
592 2895 633 2900 —
666 2878 717 2908 ⁶20.
746 2879 815 2908 (luz
839 2878 1010 2917 lumenque
1033 2877 1181 2918 Bentley
1207 2895 1241 2899 -—
1276 2878 1327 2909 21,
1357 2854 1495 2917 perfecta
1519 2878 1557 2914 V,
1586 2879 1714 2919 per-ficit
1740 2878 1787 2914 [33
1818 2880 1947 2920 perficit,

172 2927 343 2963 virtutem,
370 2935 443 2957 cum
467 2931 510 2957 est
536 2929 605 2967 ipsa
631 2930 696 2959 cet.
725 2929 814 2959 coni.
843 2928 957 2960 Christ
982 2947 1009 2951 —
1039 2928 1079 2959 23
1120 2928 1381 2966 quaestionisque
1403 2930 1478 2967 finis
1501 2929 1524 2959 B
1552 2930 1583 2959 in
1609 2937 1676 2959 ras.
1706 2928 1813 2959 babet
1839 2946 1872 2951 —
1903 2931 1947 2960 ad

174 2974 213 3007 Αι
241 2993 275 2998 -
310 2984 365 3006 nec
395 2984 433 3006 ea
458 2977 485 3006 V
510 2986 600 3008 corr.
628 2986 668 3008 ex
694 2981 785 3008 necta
813 2995 847 2998 —
884 2978 937 3008 25
966 2979 996 3008 in
1024 2979 1190 3017 uoluptate
1215 2978 1253 3015 V,
1287 2980 1319 3007 ta
1347 2978 1480 3017 fuerim!
1505 2979 1528 3009 B
1555 2979 1587 3009 in
1613 2987 1680 3009 ras.
1710 2978 1834 3013 haben
1868 2980 1944 3011 sort.

176 3025 319 3055 involuta
344 3029 418 3056 ante
440 3026 572 3064 fuerunt
600 3044 634 3048 —
670 3028 723 3057 ³26.
752 3028 875 3057 est-ilum
903 3028 919 3058 2
946 3027 1047 3058 codd.
1078 3027 1203 3058 Duxisti
1231 3044 1264 3049 —
1291 3029 1492 3067 percipiendi
1518 3030 1542 3059 O
1571 3047 1604 3050 -
1631 3029 1882 3068 comprendendi
1908 3027 1947 3058 V¹

176 3092 209 3096 —
240 3078 365 3105 tenetur
388 3074 554 3115 Bentley:
583 3079 665 3106 tenet
683 3076 719 3113 C,
749 3076 843 3115 quod
867 3076 1032 3108 tuebatur
1050 3079 1191 3108 Guietus
1216 3078 1302 3108 ratio
1321 3086 1362 3108 ex
1381 3087 1411 3109 v.
1434 3079 1472 3109 22
1498 3077 1684 3118 supplens;
1712 3081 1832 3108 contra
1850 3077 1947 3109 Wal-

174 3125 258 3155 kero
284 3125 370 3154 ratio
395 3126 473 3155 ante
499 3128 527 3155 el
552 3126 681 3156 initium
706 3125 909 3157 addendum
935 3127 1130 3158 videbatur.
1160 3144 1193 3148 -
1223 3129 1410 3167 argumenti
1436 3128 1534 3159 A¹Vz
1562 3129 1674 3167 iraque
1697 3128 1884 3168 argyumenli
1907 3126 1948 3158 Α2

174 3175 198 3205 Β
215 3174 239 3205 Ο
268 3192 301 3196 -
330 3174 381 3205 ⁵27.
409 3176 562 3214 apodeoeis
592 3177 615 3206 C
645 3194 678 3198 —-
707 3185 748 3207 es
773 3179 797 3207 Α
824 3185 915 3208 corr.
943 3186 983 3208 ex
1009 3181 1037 3208 el
1064 3195 1098 3198 —
1127 3178 1179 3207 30.
1208 3178 1255 3208 rel
1276 3178 1363 3217 falsa
1386 3179 1436 3209 >rel
1458 3187 1537 3209 cera
1562 3186 1749 3218 perperam
1776 3179 1826 3208 est
1854 3185 1944 3208 corr.

175 3224 208 3254 in
232 3223 250 3254 Ξ
277 3223 379 3254 codd.
406 3224 532 3255 Davisii
560 3241 593 3247 -
630 3226 682 3257 34.
710 3227 898 3265 quempiam
927 3226 1004 3257 (rod.
1040 3227 1117 3259 Car.
1144 3226 1310 3267 Stephani
1344 3244 1378 3248 —-
1414 3227 1533 3266 aliquit
1557 3228 1597 3258 Αἱ
1623 3244 1654 3248 -
1691 3227 1832 3257 dicemus
1857 3226 1880 3256 C
1909 3242 1942 3247 —

174 3272 226 3304 35.
252 3273 410 3315 doqmatcz
437 3274 460 3305 C
488 3274 568 3312 (doc.
591 3274 626 3314 V)
657 3293 689 3298 —
717 3275 769 3306 36.
799 3284 879 3307 uera
904 3274 952 3307 13¹.
