2249 3624
594 152 683 192 Lm.
705 152 736 191 1.
778 151 872 191 cn».
897 151 1221 192 xv111-xix.
1261 149 1320 204 §§
1353 150 1548 190 {ss-02.
1869 151 1949 192 657

187 262 401 313 victusque
443 258 699 304 communis,
739 257 938 305 consilia,
979 272 1214 304 sermones,
1257 258 1594 304 cohortationes,
1626 259 1951 306 consolationes,

188 322 397 364 interdum
439 321 562 361 etiam
604 320 940 374 obiurgationes,
981 323 1023 361 in
1063 322 1258 361 amicitiis
1301 322 1441 373 vigent
1481 321 1682 369 maxime,
1727 327 1874 375 estque
1907 337 1954 361 ea

189 384 492 426 iucundissima
522 384 725 429 amicitia,
757 396 879 437 quam
911 384 1145 424 similitudo
1179 398 1340 423 morum
1373 384 1624 436 coniugavit.

304 447 449 487 xv111.
493 444 561 486 59.
605 446 686 486 Sed
729 447 771 486 in
812 447 875 487 his
919 448 1112 487 omnibus
1153 446 1301 486 ol'liciis
1343 447 1574 487 tribuendis
1607 447 1833 487 videndum
1865 448 1955 493 erit,

192 511 294 567 quid
327 511 479 563 cuique
511 509 692 549 maxime
723 522 894 549 necesse
927 511 979 550 sit
1010 517 1050 549 et
1082 510 1182 563 quid
1215 510 1395 563 quisque
1429 509 1492 549 vel
1515 510 1603 549 sine
1626 510 1745 549 nobis
1767 515 1838 548 aut
1861 519 1988 561 pos-5

191 575 245 615 sit
276 573 478 626 consequi
511 578 581 612 aut
611 585 694 611 non
726 573 872 625 possit.
923 574 984 613 Ita
1016 587 1098 612 non
1132 572 1242 612 idem
1275 578 1394 611 erunt
1425 571 1781 611 necessitudinum
1804 572 1956 623 gradus

192 636 264 690 qui
295 641 553 688 temporum,
586 640 768 687 suntque
801 634 964 682 osticia,
1003 649 1110 688 quae
1143 636 1233 674 aliis
1266 636 1397 687 magis
1431 648 1556 687 quam
1588 635 1680 674 aliis
1714 634 1957 682 debeantur,

190 705 236 739 ut
267 698 450 738 vicinum
492 697 610 737 citius
651 696 861 736 adiuveris
901 698 942 736 in
981 697 1186 737 fructibus
1220 698 1499 750 percipiendis
1532 712 1656 751 quam
1689 705 1758 737 aut
1789 697 1958 737 fratrem

191 768 261 802 aut
291 760 559 807 familiarem,
601 766 663 806 at,
704 760 736 798 si
769 759 819 799 lis
851 760 893 799 in
925 761 1082 800 iudicio
1116 761 1187 807 sit,
1220 761 1500 813 propinquum
1533 761 1672 812 potius
1706 767 1745 800 et
1776 761 1957 800 amicum

192 838 318 878 quam
351 823 532 863 vicinum
565 822 816 862 defenderis.
878 823 989 862 Haec
1023 823 1149 875 igitur
1180 828 1219 861 et
1253 823 1349 862 talia
1377 823 1755 876 circumspicienda
1787 830 1883 864 sunt
1916 823 2009 862 into

192 888 306 927 omni
338 885 476 926 officio
511 882 565 938 [et
595 884 857 924 consuetudo
890 886 1216 939 exercitatioque
1249 882 1492 938 capienda],
1536 892 1580 925 ut
1609 886 1709 925 boni
1742 886 1960 925 ratiocina-

190 955 301 990 tores
332 945 564 988 officiorum
596 960 687 987 esse
719 948 926 1001 possimus
965 954 1005 988 et
1044 948 1237 988 addendo
1276 948 1612 1002 deducendoque
1645 948 1808 995 videre,
1853 962 1960 1001 quae

190 1012 343 1065 reliqui
389 1023 548 1050 summa
594 1008 690 1058 fiat,
743 1024 795 1050 ex
839 1023 952 1064 quo,
999 1017 1202 1064 quantum
1248 1011 1397 1064 cuique
1446 1010 1673 1058 debeatur,
1725 1011 1959 1063 intellegas.

192 1072 259 1113 60.
299 1072 404 1120 Sed,
446 1078 490 1112 ut
527 1086 604 1112 nec
643 1072 792 1113 medici
832 1087 909 1113 nec
946 1074 1218 1126 imperatores
1260 1086 1336 1113 nec
1378 1079 1589 1121 oratores,
1634 1074 1823 1127 quamvis
1861 1074 1960 1113 artis

193 1141 418 1190 praecepta
448 1135 724 1189 perceperint,
758 1136 984 1189 quicquam
1016 1148 1164 1189 magna
1195 1136 1318 1176 laude
1351 1135 1523 1189 dignum
1556 1136 1645 1175 sine
1680 1150 1756 1175 usu
1779 1142 1818 1175 et
1841 1145 2013 1175 exer-45

195 1198 393 1238 citatione
433 1198 635 1249 consequi
677 1205 875 1252 possunt,
916 1199 976 1238 sic
1016 1197 1143 1239 oflicii
1174 1199 1452 1239 conservandi
1484 1205 1709 1252 praecepta
1742 1199 1962 1239 traduntur

194 1261 267 1301 illa
297 1259 487 1314 quidem,
518 1267 563 1300 ut
593 1260 769 1301 facimus
802 1262 904 1314 ipsi,
936 1262 1008 1302 sed
1041 1263 1100 1302 rei
1131 1261 1374 1315 magnitudo
1409 1276 1528 1302 usum
1561 1275 1730 1315 quoque
1762 1262 1964 1301 exercita-

195 1325 436 1377 tionemque
468 1323 691 1364 desiderat.
749 1326 886 1377 Atque
927 1325 976 1364 ab
1018 1326 1067 1365 iis
1106 1326 1250 1372 rebus,
1293 1339 1400 1379 quae
1432 1330 1530 1364 sunt
1560 1325 1600 1364 in
1631 1325 1721 1364 iure
1752 1325 1963 1364 societatis

194 1386 426 1434 humanae,
470 1400 595 1440 quem
626 1386 679 1426 ad
710 1387 880 1427 modum
913 1388 1088 1428 ducatur
1117 1388 1363 1435 honestum,
1407 1401 1459 1427 ex
1491 1400 1575 1440 quo
1608 1393 1750 1440 aptum
1783 1392 1845 1426 est
1875 1383 1965 1425 offi-

196 1449 328 1497 cium,
364 1450 463 1490 satis
494 1449 580 1489 fere
615 1448 812 1489 diximus.
1979 1460 2015 1488 20

309 1509 375 1552 61.
417 1512 752 1565 Intellegendum
784 1518 922 1553 autem
955 1518 1041 1561 est,
1083 1528 1176 1554 cum
1207 1513 1421 1567 proposita
1459 1514 1541 1553 sint
1572 1526 1725 1566 genera
1755 1518 1966 1565 quattuor,

197 1589 220 1615 e
251 1575 407 1629 quibus
437 1574 636 1615 honestas
678 1572 949 1630 officiumque
990 1582 1197 1624 manaret,
1238 1577 1624 1630 splendidissimum
1656 1576 1811 1623 videri,
1852 1574 1966 1628 quod

196 1639 337 1679 animo
378 1651 528 1691 magno
568 1638 763 1692 elatoque
801 1639 1089 1693 humanasque
1124 1654 1191 1680 res
1224 1640 1479 1693 despiciente
1509 1640 1664 1680 sactum
1697 1640 1761 1679 sit.
1822 1639 1967 1690 ltaque

197 1701 241 1741 in
271 1701 434 1754 probris
466 1702 647 1741 maxime
679 1702 722 1741 in
752 1708 949 1755 promptu
982 1709 1065 1750 est,
1098 1703 1132 1743 si
1165 1702 1266 1756 quid
1299 1703 1380 1743 tale
1413 1702 1497 1742 dici
1528 1708 1688 1756 potest:

425 1765 522 1805 Vos
561 1766 718 1813 enim,
760 1766 997 1814 iuvenes,
1038 1767 1252 1806 animum
1294 1766 1473 1820 geritis
1516 1765 1836 1811 muliebrem,
1878 1762 2019 1803 illa25

1332 1828 1474 1882 virgo
1515 1828 1630 1876 viri,

200 1889 241 1925 et
271 1883 306 1924 si
336 1883 439 1938 quid
472 1884 561 1924 eius
594 1884 730 1924 modi:

427 1947 715 1987 Salmacida
751 1947 923 2000 spolia
959 1948 1070 1988 sine
1111 1949 1292 1989 sudore
1331 1953 1379 1987 et
1417 1948 1676 2000 sanguine.

201 2016 438 2070 Contraque
475 2017 517 2056 in
557 2015 772 2064 laudibus,
815 2029 921 2069 quae
961 2030 1112 2071 magno
1154 2018 1296 2058 animo
1338 2024 1378 2058 et
1417 2017 1584 2057 fortiter
1623 2016 1970 2068 excellenterque

200 2086 317 2133 gesta
356 2085 476 2127 sunt,
519 2092 568 2119 ea
606 2079 748 2119 nescio
793 2093 876 2133 quo
919 2079 1044 2120 modo
1087 2080 1206 2134 quasi
1245 2080 1436 2134 pleniore
1469 2094 1539 2121 ore
1571 2080 1801 2120 laudamus.
1862 2079 2020 2118 Hinc30

199 2143 416 2183 rhetorum
448 2155 618 2196 campus
652 2141 703 2182 de
735 2142 1002 2190 Marathone,
1035 2143 1268 2191 Salamine,
1300 2143 1493 2190 Plataeis,
1525 2142 1832 2195 Thermopylis,
1864 2142 1970 2179 Leu—

201 2206 324 2254 ctris,
364 2206 463 2246 hinc
503 2211 647 2245 noster
688 2205 859 2253 Cocles,
900 2205 998 2246 hinc
1029 2207 1166 2254 Decii,
1209 2206 1307 2246 hinc
1341 2206 1412 2245 Cn.
1445 2212 1485 2245 et
1516 2206 1558 2245 P.
1591 2205 1833 2257 Scipiones,
1875 2203 1972 2242 hinc

199 2269 253 2309 Μ.
285 2268 533 2315 Marcellus,
578 2268 907 2309 innumerabiles
948 2269 1042 2316 alii,
1089 2269 1356 2322 maximeque
1401 2269 1490 2322 ipse
1537 2266 1719 2320 populns
1760 2268 1971 2305 Romanus

201 2329 332 2370 animi
364 2330 649 2383 magnitudine
682 2332 864 2372 excellit.
934 2332 1178 2372 Declaratur
1208 2337 1346 2371 autem
1380 2330 1565 2371 studium
1595 2329 1768 2369 bellicae
1800 2328 1970 2381 gloriae,

202 2392 315 2446 quod
347 2398 504 2434 statuas
537 2406 705 2447 quoque
737 2393 927 2435 videmus
959 2400 1106 2435 ornatu
1136 2392 1222 2434 sere
1253 2394 1436 2434 militari.
1986 2399 2022 2426 35

314 2455 429 2495 XIX.
462 2453 528 2495 6⁶2.
562 2455 644 2496 Sed
676 2469 725 2497 ea
755 2458 883 2497 animi
914 2457 1059 2504 elatio,
1092 2469 1200 2510 quae
1233 2457 1417 2497 cernitur
1446 2457 1488 2496 in
1521 2454 1717 2509 periculis
1749 2458 1789 2493 et
1818 2452 1974 2492 labori-

203 2516 304 2566 bus,
336 2518 371 2558 si
401 2517 562 2559 iustitia
593 2524 712 2559 vacat
741 2523 986 2573 pugnatque
1017 2533 1104 2559 non
1133 2533 1209 2573 pro
1243 2520 1377 2560 salute
1410 2520 1642 2565 communi,
1675 2516 1746 2556 sed
1780 2530 1853 2569 pro
1886 2515 1972 2555 suis

292 2635 324 2666 2.
349 2635 497 2667 maxime
521 2644 589 2667 om.
610 2644 631 2675 p
670 2653 704 2657 —
743 2640 852 2676 es‘que
875 2645 975 2668 ea--
996 2638 1189 2677 coniuyczvit
1224 2636 1268 2668 ab
1294 2637 1360 2668 hoc
1386 2635 1462 2667 loco
1488 2634 1599 2666 aliena
1625 2643 1703 2664 csse
1730 2633 1864 2664 censuit
1892 2633 1975 2663 Fac-

207 2685 364 2718 ciolatus.
394 2704 428 2709 —
463 2686 494 2718 3.
520 2687 755 2719 iocundissima
780 2688 871 2719 Bac
898 2705 932 2710 -
965 2688 996 2718 5.
1024 2688 1160 2726 quisque
1185 2696 1254 2718 om.
1275 2695 1292 2717 c
1322 2705 1355 2709 —
1389 2687 1419 2716 7.
1445 2689 1519 2715 sunt.
1545 2689 1653 2714 autem
1679 2684 1786 2722 officia
1812 2692 1829 2714 c
1859 2701 1889 2704 —
1925 2684 1972 2714 tt.

207 2739 237 2768 ot
259 2737 457 2768 consuetudo
480 2738 740 2778 exercitatioque
764 2738 925 2777 capienda
949 2739 1067 2778 spuria
1093 2745 1171 2768 esse
1197 2737 1331 2777 primus
1355 2736 1437 2766 xitlit
1459 2734 1681 2766 l·'ac‹:·iolatus.
1704 2750 1738 2754 —
1766 2734 1975 2772 eremitaque

208 2794 386 2828 superscr.
411 2787 459 2818 tio
482 2787 502 2819 b
531 2805 565 2810 --
603 2789 652 2819 ΛΞ.
681 2789 931 2828 deducendoque
953 2797 992 2827 p:
1019 2788 1230 2825 ducendoque
1252 2790 1277 2817 Α
1292 2787 1315 2817 Β
1332 2786 1356 2817 Η
1374 2786 1426 2816 ab
1455 2788 1640 2824 (superscr.
1662 2792 1733 2813 sec.
1755 2791 1799 2813 nr
1821 2784 1975 2814 demendo

206 2836 242 2868 in
264 2838 303 2875 A,
330 2837 479 2868 discendo
504 2838 537 2868 in
563 2836 611 2879 a);
646 2838 864 2877 demendoque
889 2846 906 2869 c
945 2854 980 2860 -
1020 2838 1071 2868 43.
1098 2840 1259 2875 quantum
1284 2836 1439 2866 debeatur
1465 2835 1639 2872 unicuique
1665 2833 1867 2872 intetttgsatm·
1892 2842 1909 2864 c
1940 2851 1973 2855 —-

208 2886 260 2918 45.
287 2895 350 2918 usu
373 2890 402 2918 et
426 2888 460 2918 in
486 2896 606 2918 rasura
632 2887 780 2919 duarum
806 2888 999 2919 litterarum
1025 2897 1094 2919 om.
1115 2895 1132 2917 c
1162 2905 1193 2909 —
1228 2887 1278 2918 48.
1307 2886 1346 2916 ab
1370 2887 1419 2916 his
1444 2886 1467 2914 (Ι
1496 2885 1566 2923 <hijs
1591 2892 1620 2918 ο]
1651 2899 1683 2904 -
1720 2884 1770 2913 21.
1798 2887 1842 2914 est
1866 2888 1976 2915 autem

207 2933 266 2966 Bo
299 2952 333 2957 —
371 2936 425 2967 ⁶23.
451 2937 678 2977 humanasque
702 2939 745 2970 C:
778 2939 941 2969 humanas
973 2946 991 2969 o
1032 2955 1066 2960 --
1105 2937 1158 2968 ⁶24.
1187 2936 1331 2975 inprobis
1354 2936 1409 2965 Ab
1448 2942 1635 2974 superscr.
1662 2934 1693 2963 in
1716 2932 1847 2971 probris
1870 2937 1907 2971 A)
1938 2950 1971 2956 -

209 2984 260 3016 25.
287 2986 371 3016 enim
396 2987 585 3018 ABHbc:
613 2989 730 3019 etenim
754 2996 806 3020 ao
835 3006 868 3010 —
906 2986 1093 3018 muliebrem
1118 2994 1261 3017 versun]
1286 2985 1531 3015 hexametrum
1558 2982 1685 3013 claudit
1710 2983 1742 3013 in
1769 2991 1787 3014 o
1813 3002 1853 3005 —
1878 2985 1975 3023 uiryo

211 3033 236 3065 C
263 3034 380 3073 (etiam
404 3036 454 3072 c):
489 3037 608 3077 virayo
632 3046 662 3069 o.
706 3038 755 3069 Cf.
779 3038 978 3069 Lachmann
1004 3036 1046 3067 ad
1074 3038 1210 3067 Lucret.
1239 3045 1272 3075 p.
1296 3036 1367 3066 227.
1404 3052 1437 3056 —
1478 3034 1528 3063 28.
1556 3032 1749 3063 solmiac-ida
1771 3034 1875 3072 spolia
1908 3035 1972 3064 Ios.

211 3081 363 3123 Scaliger
388 3085 554 3123 (LectIOn.
572 3088 701 3118 Auson.
722 3088 746 3123 Ι,
765 3087 836 3126 28);
864 3087 1025 3125 Salmaci,
1044 3087 1087 3116 (Ια
1111 3086 1215 3124 spolia
1242 3093 1260 3116 o
1298 3103 1330 3107 —
1367 3085 1417 3115 ⁴29.
1445 3085 1556 3113 animo
1580 3086 1609 3112 et
1631 3082 1761 3121 fortiter
1785 3084 1844 3114 AB
1861 3084 1886 3114 ll
1902 3085 1972 3114 ab:

212 3132 323 3162 animo
347 3140 383 3171 c;
411 3135 535 3174 animo,
552 3135 682 3174 sortiter
706 3144 724 3168 o
754 3155 786 3159 -
814 3138 866 3167 31.
887 3136 1113 3167 marthathone
1138 3136 1275 3171 BHac,
1304 3133 1543 3164 martathoneb
1568 3150 1598 3153 —
1622 3132 1741 3170 plateis
1765 3133 1788 3162 ll
1806 3141 1873 3167 ac,
1897 3133 1977 3171 plic-

214 3179 292 3212 theis
313 3181 335 3212 b
372 3198 406 3204 —
445 3184 644 3224 thermopilis
669 3186 795 3226 (priore
822 3186 832 3216 i
856 3186 888 3216 in
914 3189 995 3225 ras.)
1023 3187 1063 3218 B.
1096 3185 1324 3224 IlteJ‘Jtt.1pliyliS
1348 3193 1386 3220 a,
1421 3182 1640 3221 thermcphtlis
1664 3183 1699 3217 b,
1734 3183 1934 3220 termoplntts
1959 3190 1976 3212 c

215 3245 257 3252 —-
279 3230 441 3270 Leuctris,
472 3233 546 3265 hinc
576 3239 684 3266 nostor
716 3236 823 3267 Cocles
852 3237 974 3267 Petrus
1006 3235 1211 3266 Balduinus:
1247 3234 1360 3263 teutris
1390 3232 1558 3263 stercoclcs
1586 3232 1779 3270 Asstlab,
1815 3232 1978 3262 loutre'stcr

215 3278 328 3311 chodes
351 3288 369 3311 ο
396 3298 431 3303 -
458 3282 510 3315 33.
535 3285 712 3318 marcellus
735 3289 764 3317 et
786 3285 1039 3318 innumerabiles
1062 3293 1080 3316 c
1104 3303 1146 3307 —
1172 3285 1236 3324 ipse
1261 3291 1330 3314 om.
1350 3290 1380 3313 c.

328 3340 445 3371 Cremo
465 3343 499 3374 T.
519 3343 569 3376 IV.
1638 3339 1691 3383 42
