<?xml version="1.0" encoding="UTF-8"?>
<!DOCTYPE html PUBLIC "-//W3C//DTD XHTML 1.0 Transitional//EN"
    "http://www.w3.org/TR/xhtml1/DTD/xhtml1-transitional.dtd">
<html xmlns="http://www.w3.org/1999/xhtml" xml:lang="en" lang="en">
 <head>
  <title>
</title>
<meta http-equiv="Content-Type" content="text/html;charset=utf-8" />
  <meta name='ocr-system' content='tesseract 3.04.00' />
  <meta name='ocr-capabilities' content='ocr_page ocr_carea ocr_par ocr_line ocrx_word'/>
</head>
<body>
  <div class='ocr_page' id='page_1' title='image "./operaquaesupersu04ciceuoft_0616.png"; bbox 0 0 2249 3624; ppageno 0'>
   <div class='ocr_carea' id='block_1_1' title="bbox 279 103 1392 147">
    <p class='ocr_par' dir='ltr' id='par_1_1' title="bbox 279 103 1392 147">
     <span class='ocr_line' id='line_1_1' title="bbox 279 103 1392 147; baseline 0 -1"><span class='ocrx_word' id='word_1_1' title='bbox 279 103 361 146; x_wconf 77' lang='lat'>554</span> <span class='ocrx_word' id='word_1_2' title='bbox 938 107 1009 147; x_wconf 90' lang='lat' dir='ltr'>DE</span> <span class='ocrx_word' id='word_1_3' title='bbox 1039 105 1392 147; x_wconf 87' lang='lat' dir='ltr'><strong>DIVINATIONE</strong></span> 
     </span>
    </p>
   </div>
   <div class='ocr_carea' id='block_1_2' title="bbox 227 210 2071 2579">
    <p class='ocr_par' dir='ltr' id='par_1_2' title="bbox 279 210 2050 378">
     <span class='ocr_line' id='line_1_2' title="bbox 279 210 2048 265; baseline 0.003 -13"><span class='ocrx_word' id='word_1_4' title='bbox 279 212 358 253; x_wconf 87' lang='lat' dir='ltr'>vis</span> <span class='ocrx_word' id='word_1_5' title='bbox 398 211 645 253; x_wconf 86' lang='lat' dir='ltr'>videndi:</span> <span class='ocrx_word' id='word_1_6' title='bbox 694 212 843 260; x_wconf 89' lang='lat' dir='ltr'>item,</span> <span class='ocrx_word' id='word_1_7' title='bbox 886 212 930 252; x_wconf 89' lang='lat' dir='ltr'>si</span> <span class='ocrx_word' id='word_1_8' title='bbox 974 211 1097 265; x_wconf 87' lang='lat' dir='ltr'>quis</span> <span class='ocrx_word' id='word_1_9' title='bbox 1139 211 1309 252; x_wconf 89' lang='lat' dir='ltr'>semel</span> <span class='ocrx_word' id='word_1_10' title='bbox 1350 210 1561 264; x_wconf 90' lang='lat' dir='ltr'>aliquid</span> <span class='ocrx_word' id='word_1_11' title='bbox 1602 211 1656 251; x_wconf 91' lang='lat' dir='ltr'>in</span> <span class='ocrx_word' id='word_1_12' title='bbox 1699 211 2048 257; x_wconf 84' lang='lat' dir='ltr'>divinatione</span> 
     </span>
     <span class='ocr_line' id='line_1_3' title="bbox 281 274 2050 327; baseline 0.002 -13"><span class='ocrx_word' id='word_1_13' title='bbox 281 275 497 323; x_wconf 82' lang='lat' dir='ltr'>dixerit,</span> <span class='ocrx_word' id='word_1_14' title='bbox 538 275 585 316; x_wconf 89' lang='lat' dir='ltr'>is</span> <span class='ocrx_word' id='word_1_15' title='bbox 623 276 776 315; x_wconf 89' lang='lat' dir='ltr'>etiam</span> <span class='ocrx_word' id='word_1_16' title='bbox 817 287 929 314; x_wconf 92' lang='lat' dir='ltr'>cum</span> <span class='ocrx_word' id='word_1_17' title='bbox 967 279 1175 327; x_wconf 89' lang='lat' dir='ltr'>peccet,</span> <span class='ocrx_word' id='word_1_18' title='bbox 1215 278 1388 314; x_wconf 88' lang='lat' dir='ltr'>tamen</span> <span class='ocrx_word' id='word_1_19' title='bbox 1420 274 1833 315; x_wconf 82' lang='lat' dir='ltr'>existumandus</span> <span class='ocrx_word' id='word_1_20' title='bbox 1865 276 1935 317; x_wconf 91' lang='lat' dir='ltr'>sit</span> <span class='ocrx_word' id='word_1_21' title='bbox 1962 277 2050 318; x_wconf 89' lang='lat' dir='ltr'>ha-</span> 
     </span>
     <span class='ocr_line' id='line_1_4' title="bbox 279 336 890 378; baseline -0.003 -1"><span class='ocrx_word' id='word_1_22' title='bbox 279 337 406 377; x_wconf 89' lang='lat' dir='ltr'>here</span> <span class='ocrx_word' id='word_1_23' title='bbox 449 338 548 378; x_wconf 91' lang='lat' dir='ltr'>vim</span> <span class='ocrx_word' id='word_1_24' title='bbox 591 336 890 377; x_wconf 87' lang='lat' dir='ltr'>divinandi.</span> 
     </span>
    </p>

    <p class='ocr_par' dir='ltr' id='par_1_3' title="bbox 247 398 2071 763">
     <span class='ocr_line' id='line_1_5' title="bbox 392 398 2047 452; baseline 0.002 -13"><span class='ocrx_word' id='word_1_25' title='bbox 392 401 496 440; x_wconf 92' lang='lat' dir='ltr'><strong>LIII.</strong></span> <span class='ocrx_word' id='word_1_26' title='bbox 543 399 666 446; x_wconf 79' lang='lat' dir='ltr'>Vide,</span> <span class='ocrx_word' id='word_1_27' title='bbox 707 411 889 452; x_wconf 83' lang='lat' dir='ltr'>quaeso,</span> <span class='ocrx_word' id='word_1_28' title='bbox 936 398 1133 451; x_wconf 82' lang='lat' dir='ltr'>Cratippe</span> <span class='ocrx_word' id='word_1_29' title='bbox 1165 403 1329 445; x_wconf 89' lang='lat' dir='ltr'>noster,</span> <span class='ocrx_word' id='word_1_30' title='bbox 1363 411 1488 451; x_wconf 91' lang='lat' dir='ltr'>quam</span> <span class='ocrx_word' id='word_1_31' title='bbox 1521 398 1605 438; x_wconf 91' lang='lat' dir='ltr'>sint</span> <span class='ocrx_word' id='word_1_32' title='bbox 1634 399 1713 440; x_wconf 86' lang='lat' dir='ltr'>ista</span> <span class='ocrx_word' id='word_1_33' title='bbox 1744 399 1915 449; x_wconf 91' lang='lat' dir='ltr'>similia;</span> <span class='ocrx_word' id='word_1_34' title='bbox 1951 415 2047 442; x_wconf 92' lang='lat' dir='ltr'>nam</span> 
     </span>
     <span class='ocr_line' id='line_1_6' title="bbox 247 460 2050 517; baseline 0.002 -16"><span class='ocrx_word' id='word_1_35' title='bbox 247 461 379 501; x_wconf 88' lang='lat' dir='ltr'>5mihi</span> <span class='ocrx_word' id='word_1_36' title='bbox 418 476 502 501; x_wconf 88' lang='lat' dir='ltr'>non</span> <span class='ocrx_word' id='word_1_37' title='bbox 538 461 745 500; x_wconf 79' lang='lat' dir='ltr'>videntur.</span> <span class='ocrx_word' id='word_1_38' title='bbox 816 460 936 500; x_wconf 85' lang='lat' dir='ltr'>Oculi</span> <span class='ocrx_word' id='word_1_39' title='bbox 977 461 1087 500; x_wconf 89' lang='lat' dir='ltr'>enim</span> <span class='ocrx_word' id='word_1_40' title='bbox 1128 474 1226 500; x_wconf 84' lang='lat' dir='ltr'>vera</span> <span class='ocrx_word' id='word_1_41' title='bbox 1265 465 1481 500; x_wconf 73' lang='lat' dir='ltr'>cernentes</span> <span class='ocrx_word' id='word_1_42' title='bbox 1520 466 1694 501; x_wconf 89' lang='lat' dir='ltr'>utuntur</span> <span class='ocrx_word' id='word_1_43' title='bbox 1736 467 1885 502; x_wconf 87' lang='lat' dir='ltr'>natura</span> <span class='ocrx_word' id='word_1_44' title='bbox 1924 468 2050 517; x_wconf 88' lang='lat' dir='ltr'>atque</span> 
     </span>
     <span class='ocr_line' id='line_1_7' title="bbox 279 522 2051 576; baseline 0.001 -13"><span class='ocrx_word' id='word_1_45' title='bbox 279 537 426 571; x_wconf 90' lang='lat' dir='ltr'>sensu,</span> <span class='ocrx_word' id='word_1_46' title='bbox 468 523 593 563; x_wconf 88' lang='lat' dir='ltr'>animi</span> <span class='ocrx_word' id='word_1_47' title='bbox 634 523 669 562; x_wconf 93' lang='lat' dir='ltr'>si</span> <span class='ocrx_word' id='word_1_48' title='bbox 708 522 881 576; x_wconf 86' lang='lat' dir='ltr'>quando</span> <span class='ocrx_word' id='word_1_49' title='bbox 920 522 985 562; x_wconf 85' lang='lat' dir='ltr'>vel</span> <span class='ocrx_word' id='word_1_50' title='bbox 1026 523 1291 562; x_wconf 81' lang='lat' dir='ltr'>vaticinando</span> <span class='ocrx_word' id='word_1_51' title='bbox 1331 522 1397 561; x_wconf 92' lang='lat' dir='ltr'>vel</span> <span class='ocrx_word' id='word_1_52' title='bbox 1430 524 1679 563; x_wconf 88' lang='lat' dir='ltr'>somniando</span> <span class='ocrx_word' id='word_1_53' title='bbox 1712 537 1811 563; x_wconf 87' lang='lat' dir='ltr'>vera</span> <span class='ocrx_word' id='word_1_54' title='bbox 1840 523 2051 572; x_wconf 88' lang='lat' dir='ltr'>viderunt,</span> 
     </span>
     <span class='ocr_line' id='line_1_8' title="bbox 276 584 2071 638; baseline 0.001 -14"><span class='ocrx_word' id='word_1_55' title='bbox 276 586 342 624; x_wconf 89' lang='lat' dir='ltr'>usi</span> <span class='ocrx_word' id='word_1_56' title='bbox 372 590 469 625; x_wconf 90' lang='lat' dir='ltr'>sunt</span> <span class='ocrx_word' id='word_1_57' title='bbox 498 584 666 625; x_wconf 89' lang='lat' dir='ltr'>fortuna</span> <span class='ocrx_word' id='word_1_58' title='bbox 696 591 822 638; x_wconf 89' lang='lat' dir='ltr'>atque</span> <span class='ocrx_word' id='word_1_59' title='bbox 854 598 979 633; x_wconf 87' lang='lat' dir='ltr'>casu3</span> <span class='ocrx_word' id='word_1_60' title='bbox 1021 586 1102 625; x_wconf 91' lang='lat' dir='ltr'>nisi</span> <span class='ocrx_word' id='word_1_61' title='bbox 1138 584 1246 625; x_wconf 88' lang='lat' dir='ltr'>forte</span> <span class='ocrx_word' id='word_1_62' title='bbox 1284 598 1561 625; x_wconf 87' lang='lat' dir='ltr'>concessuros</span> <span class='ocrx_word' id='word_1_63' title='bbox 1595 587 1669 626; x_wconf 92' lang='lat' dir='ltr'>tibi</span> <span class='ocrx_word' id='word_1_64' title='bbox 1703 587 1932 626; x_wconf 83' lang='lat' dir='ltr'>existumas</span> <span class='ocrx_word' id='word_1_65' title='bbox 1964 589 2071 635; x_wconf 79' lang='lat' dir='ltr'>eos,&#39;</span> 
     </span>
     <span class='ocr_line' id='line_1_9' title="bbox 279 647 2054 701; baseline 0.001 -15"><span class='ocrx_word' id='word_1_66' title='bbox 279 648 350 701; x_wconf 90' lang='lat' dir='ltr'>qui</span> <span class='ocrx_word' id='word_1_67' title='bbox 382 648 544 687; x_wconf 90' lang='lat' dir='ltr'>somnia</span> <span class='ocrx_word' id='word_1_68' title='bbox 575 660 651 699; x_wconf 90' lang='lat' dir='ltr'>pro</span> <span class='ocrx_word' id='word_1_69' title='bbox 684 647 858 686; x_wconf 92' lang='lat' dir='ltr'>somniis</span> <span class='ocrx_word' id='word_1_70' title='bbox 887 647 1056 694; x_wconf 90' lang='lat' dir='ltr'>habent,</span> <span class='ocrx_word' id='word_1_71' title='bbox 1088 647 1121 686; x_wconf 91' lang='lat' dir='ltr'>si</span> <span class='ocrx_word' id='word_1_72' title='bbox 1156 647 1325 701; x_wconf 91' lang='lat' dir='ltr'>quando</span> <span class='ocrx_word' id='word_1_73' title='bbox 1357 647 1528 700; x_wconf 81' lang='lat' dir='ltr'>aliquod</span> <span class='ocrx_word' id='word_1_74' title='bbox 1557 649 1768 688; x_wconf 87' lang='lat' dir='ltr'>somnium</span> <span class='ocrx_word' id='word_1_75' title='bbox 1789 661 1934 688; x_wconf 88' lang='lat' dir='ltr'>verum</span> <span class='ocrx_word' id='word_1_76' title='bbox 1958 662 2054 689; x_wconf 87' lang='lat' dir='ltr'>eva-</span> 
     </span>
     <span class='ocr_line' id='line_1_10' title="bbox 279 709 2052 763; baseline 0.001 -14"><span class='ocrx_word' id='word_1_77' title='bbox 279 710 399 756; x_wconf 88' lang='lat' dir='ltr'>serit,</span> <span class='ocrx_word' id='word_1_78' title='bbox 436 723 520 748; x_wconf 89' lang='lat' dir='ltr'>non</span> <span class='ocrx_word' id='word_1_79' title='bbox 551 710 593 749; x_wconf 94' lang='lat' dir='ltr'>id</span> <span class='ocrx_word' id='word_1_80' title='bbox 623 709 795 749; x_wconf 86' lang='lat' dir='ltr'>fortuito</span> <span class='ocrx_word' id='word_1_81' title='bbox 826 709 1048 750; x_wconf 90' lang='lat' dir='ltr'>accidisse.</span> <span class='ocrx_word' id='word_1_82' title='bbox 1111 710 1191 749; x_wconf 89' lang='lat' dir='ltr'>Sed</span> <span class='ocrx_word' id='word_1_83' title='bbox 1224 710 1372 750; x_wconf 90' lang='lat' dir='ltr'>demus</span> <span class='ocrx_word' id='word_1_84' title='bbox 1403 711 1477 750; x_wconf 92' lang='lat' dir='ltr'>tibi</span> <span class='ocrx_word' id='word_1_85' title='bbox 1509 711 1610 750; x_wconf 87' lang='lat' dir='ltr'>istas</span> <span class='ocrx_word' id='word_1_86' title='bbox 1644 711 1747 750; x_wconf 91' lang='lat' dir='ltr'>duas</span> <span class='ocrx_word' id='word_1_87' title='bbox 1779 711 2052 763; x_wconf 85' lang='lat' dir='ltr'>sumptiones,</span> 
     </span>
    </p>

    <p class='ocr_par' dir='ltr' id='par_1_4' title="bbox 227 771 2061 1766">
     <span class='ocr_line' id='line_1_11' title="bbox 229 771 2048 826; baseline 0.001 -13"><span class='ocrx_word' id='word_1_88' title='bbox 229 784 264 813; x_wconf 54' lang='grc' dir='ltr'>ἰο</span> <span class='ocrx_word' id='word_1_89' title='bbox 280 785 327 812; x_wconf 86' lang='lat' dir='ltr'>ea</span> <span class='ocrx_word' id='word_1_90' title='bbox 359 785 465 825; x_wconf 92' lang='lat' dir='ltr'>quae</span> <span class='ocrx_word' id='word_1_91' title='bbox 499 771 701 824; x_wconf 76' lang='grc' dir='ltr'>λήμματα</span> <span class='ocrx_word' id='word_1_92' title='bbox 744 772 956 826; x_wconf 85' lang='lat' dir='ltr'>appellant</span> <span class='ocrx_word' id='word_1_93' title='bbox 996 772 1228 820; x_wconf 89' lang='lat' dir='ltr'>dialectici,</span> <span class='ocrx_word' id='word_1_94' title='bbox 1268 772 1341 811; x_wconf 87' lang='lat' dir='ltr'>sed</span> <span class='ocrx_word' id='word_1_95' title='bbox 1373 786 1449 812; x_wconf 91' lang='lat' dir='ltr'>nos</span> <span class='ocrx_word' id='word_1_96' title='bbox 1481 773 1629 812; x_wconf 88' lang='lat' dir='ltr'>Latine</span> <span class='ocrx_word' id='word_1_97' title='bbox 1661 772 1783 826; x_wconf 90' lang='lat' dir='ltr'>loqui</span> <span class='ocrx_word' id='word_1_98' title='bbox 1817 773 2048 823; x_wconf 84' lang='lat' dir='ltr'>malumus3</span> 
     </span>
     <span class='ocr_line' id='line_1_12' title="bbox 278 833 2055 888; baseline 0.001 -14"><span class='ocrx_word' id='word_1_99' title='bbox 278 835 514 888; x_wconf 84' lang='lat' dir='ltr'>adsumptio</span> <span class='ocrx_word' id='word_1_100' title='bbox 546 840 698 881; x_wconf 90' lang='lat' dir='ltr'>tamen,</span> <span class='ocrx_word' id='word_1_101' title='bbox 731 847 856 888; x_wconf 87' lang='lat' dir='ltr'>quam</span> <span class='ocrx_word' id='word_1_102' title='bbox 888 834 1130 887; x_wconf 58' lang='lat' dir='ltr'>npc&#39;gbyzlnv</span> <span class='ocrx_word' id='word_1_103' title='bbox 1159 835 1270 874; x_wconf 89' lang='lat' dir='ltr'>idem</span> <span class='ocrx_word' id='word_1_104' title='bbox 1301 839 1462 882; x_wconf 84' lang='lat' dir='ltr'>vocant,</span> <span class='ocrx_word' id='word_1_105' title='bbox 1494 848 1579 874; x_wconf 91' lang='lat' dir='ltr'>non</span> <span class='ocrx_word' id='word_1_106' title='bbox 1613 835 1793 875; x_wconf 92' lang='lat' dir='ltr'>dabitur.</span> <span class='ocrx_word' id='word_1_107' title='bbox 1847 833 1938 875; x_wconf 56' lang='lat'>1109.</span> <span class='ocrx_word' id='word_1_108' title='bbox 1971 838 2055 877; x_wconf 91' lang='lat' dir='ltr'>Ad-</span> 
     </span>
     <span class='ocr_line' id='line_1_13' title="bbox 279 897 2054 953; baseline 0.002 -17"><span class='ocrx_word' id='word_1_109' title='bbox 279 897 403 936; x_wconf 91' lang='lat' dir='ltr'>sumit</span> <span class='ocrx_word' id='word_1_110' title='bbox 424 903 562 937; x_wconf 84' lang='lat' dir='ltr'>autem</span> <span class='ocrx_word' id='word_1_111' title='bbox 581 897 805 951; x_wconf 85' lang='lat' dir='ltr'>Cratippus</span> <span class='ocrx_word' id='word_1_112' title='bbox 827 897 907 937; x_wconf 91' lang='lat' dir='ltr'>hoc</span> <span class='ocrx_word' id='word_1_113' title='bbox 931 897 1077 937; x_wconf 86' lang='lat' dir='ltr'>modo:</span> <span class='ocrx_word' id='word_1_114' title='bbox 1110 898 1237 937; x_wconf 91' lang='lat' dir='ltr'>Sunt</span> <span class='ocrx_word' id='word_1_115' title='bbox 1267 903 1429 937; x_wconf 85' lang='lat' dir='ltr'>autem</span> <span class='ocrx_word' id='word_1_116' title='bbox 1461 898 1882 939; x_wconf 89' lang='lat' dir='ltr'>innumerabiles</span> <span class='ocrx_word' id='word_1_117' title='bbox 1910 913 2054 953; x_wconf 90' lang='lat' dir='ltr'>prae-</span> 
     </span>
     <span class='ocr_line' id='line_1_14' title="bbox 279 959 2057 1014; baseline 0.001 -13"><span class='ocrx_word' id='word_1_118' title='bbox 279 960 570 1001; x_wconf 91' lang='lat' dir='ltr'>sensiones</span> <span class='ocrx_word' id='word_1_119' title='bbox 613 973 719 999; x_wconf 92' lang='lat' dir='ltr'>non</span> <span class='ocrx_word' id='word_1_120' title='bbox 762 959 1039 1001; x_wconf 87' lang='lat' dir='ltr'>fortuitae.</span> <span class='ocrx_word' id='word_1_121' title='bbox 1100 961 1153 1000; x_wconf 85' lang='lat' dir='ltr'>At</span> <span class='ocrx_word' id='word_1_122' title='bbox 1183 973 1260 1012; x_wconf 91' lang='lat' dir='ltr'>ego</span> <span class='ocrx_word' id='word_1_123' title='bbox 1294 959 1388 999; x_wconf 88' lang='lat' dir='ltr'>dico</span> <span class='ocrx_word' id='word_1_124' title='bbox 1421 959 1579 998; x_wconf 91' lang='lat' dir='ltr'>nullam</span> <span class='ocrx_word' id='word_1_125' title='bbox 1610 982 1663 986; x_wconf 93' lang='lat'><strong>—</strong></span> <span class='ocrx_word' id='word_1_126' title='bbox 1694 959 1791 999; x_wconf 87' lang='lat' dir='ltr'>vide</span> <span class='ocrx_word' id='word_1_127' title='bbox 1825 968 1980 1014; x_wconf 90' lang='lat' dir='ltr'>quanta</span> <span class='ocrx_word' id='word_1_128' title='bbox 2002 963 2057 1003; x_wconf 90' lang='lat' dir='ltr'>sit</span> 
     </span>
     <span class='ocr_line' id='line_1_15' title="bbox 279 1022 2056 1075; baseline 0.002 -13"><span class='ocrx_word' id='word_1_129' title='bbox 279 1023 564 1063; x_wconf 80' lang='lat' dir='ltr'>controversia</span> <span class='ocrx_word' id='word_1_130' title='bbox 587 1037 666 1071; x_wconf 92' lang='grc'>-;</span> <span class='ocrx_word' id='word_1_131' title='bbox 701 1023 782 1062; x_wconf 89' lang='lat' dir='ltr'>iam</span> <span class='ocrx_word' id='word_1_132' title='bbox 813 1022 1107 1075; x_wconf 87' lang='lat' dir='ltr'>adsumptione</span> <span class='ocrx_word' id='word_1_133' title='bbox 1139 1035 1225 1062; x_wconf 93' lang='lat' dir='ltr'>non</span> <span class='ocrx_word' id='word_1_134' title='bbox 1257 1035 1453 1062; x_wconf 90' lang='lat' dir='ltr'>concessa</span> <span class='ocrx_word' id='word_1_135' title='bbox 1484 1022 1600 1061; x_wconf 89' lang='lat' dir='ltr'>nulla</span> <span class='ocrx_word' id='word_1_136' title='bbox 1631 1022 1844 1062; x_wconf 89' lang='lat' dir='ltr'>conclusio</span> <span class='ocrx_word' id='word_1_137' title='bbox 1877 1029 1952 1063; x_wconf 85' lang='lat' dir='ltr'>est.</span> <span class='ocrx_word' id='word_1_138' title='bbox 2002 1025 2056 1065; x_wconf 92' lang='lat' dir='ltr'>At</span> 
     </span>
     <span class='ocr_line' id='line_1_16' title="bbox 229 1084 2052 1138; baseline 0.001 -13"><span class='ocrx_word' id='word_1_139' title='bbox 229 1084 545 1138; x_wconf 47' lang='lat' dir='ltr'>&amp;impudentes</span> <span class='ocrx_word' id='word_1_140' title='bbox 585 1099 752 1132; x_wconf 91' lang='lat' dir='ltr'>sumus,</span> <span class='ocrx_word' id='word_1_141' title='bbox 799 1085 894 1138; x_wconf 90' lang='lat' dir='ltr'>qui,</span> <span class='ocrx_word' id='word_1_142' title='bbox 941 1099 1033 1124; x_wconf 90' lang='lat' dir='ltr'>cum</span> <span class='ocrx_word' id='word_1_143' title='bbox 1075 1090 1159 1125; x_wconf 87' lang='lat' dir='ltr'>tam</span> <span class='ocrx_word' id='word_1_144' title='bbox 1199 1085 1467 1138; x_wconf 89' lang='lat' dir='ltr'>perspicuum</span> <span class='ocrx_word' id='word_1_145' title='bbox 1509 1085 1583 1131; x_wconf 91' lang='lat' dir='ltr'>sit,</span> <span class='ocrx_word' id='word_1_146' title='bbox 1629 1097 1714 1124; x_wconf 89' lang='lat' dir='ltr'>non</span> <span class='ocrx_word' id='word_1_147' title='bbox 1758 1085 2052 1127; x_wconf 88' lang='lat' dir='ltr'>concedamus.</span> 
     </span>
     <span class='ocr_line' id='line_1_17' title="bbox 279 1146 2054 1201; baseline 0.002 -16"><span class='ocrx_word' id='word_1_148' title='bbox 279 1147 392 1195; x_wconf 87' lang='lat' dir='ltr'>Quid</span> <span class='ocrx_word' id='word_1_149' title='bbox 425 1153 488 1187; x_wconf 91' lang='lat' dir='ltr'>est</span> <span class='ocrx_word' id='word_1_150' title='bbox 518 1148 818 1201; x_wconf 78' lang='lat' dir='ltr'>perspicuum?</span> <span class='ocrx_word' id='word_1_151' title='bbox 868 1148 996 1188; x_wconf 82' lang='lat' dir='ltr'>Multa</span> <span class='ocrx_word' id='word_1_152' title='bbox 1027 1161 1148 1195; x_wconf 80' lang='lat' dir='ltr'>vera,</span> <span class='ocrx_word' id='word_1_153' title='bbox 1180 1148 1339 1201; x_wconf 88' lang='lat' dir='ltr'>inquit,</span> <span class='ocrx_word' id='word_1_154' title='bbox 1372 1148 1562 1187; x_wconf 84' lang='lat' dir='ltr'>evadere.</span> <span class='ocrx_word' id='word_1_155' title='bbox 1611 1146 1744 1195; x_wconf 89' lang='lat' dir='ltr'>Quid,</span> <span class='ocrx_word' id='word_1_156' title='bbox 1778 1149 1891 1201; x_wconf 92' lang='lat' dir='ltr'>quod</span> <span class='ocrx_word' id='word_1_157' title='bbox 1922 1149 2054 1189; x_wconf 85' lang='lat' dir='ltr'>multo</span> 
     </span>
     <span class='ocr_line' id='line_1_18' title="bbox 277 1209 2055 1264; baseline 0.002 -15"><span class='ocrx_word' id='word_1_158' title='bbox 277 1210 400 1263; x_wconf 89' lang='lat' dir='ltr'>plura</span> <span class='ocrx_word' id='word_1_159' title='bbox 429 1210 563 1251; x_wconf 76' lang='lat' dir='ltr'>falsa?</span> <span class='ocrx_word' id='word_1_160' title='bbox 607 1212 755 1250; x_wconf 80' lang='lat' dir='ltr'>Nonne</span> <span class='ocrx_word' id='word_1_161' title='bbox 786 1210 877 1263; x_wconf 91' lang='lat' dir='ltr'>ipsa</span> <span class='ocrx_word' id='word_1_162' title='bbox 912 1210 1112 1259; x_wconf 85' lang='lat' dir='ltr'>varietas,</span> <span class='ocrx_word' id='word_1_163' title='bbox 1154 1223 1263 1264; x_wconf 91' lang='lat' dir='ltr'>quae</span> <span class='ocrx_word' id='word_1_164' title='bbox 1296 1216 1359 1250; x_wconf 88' lang='lat' dir='ltr'>est</span> <span class='ocrx_word' id='word_1_165' title='bbox 1388 1210 1561 1263; x_wconf 90' lang='lat' dir='ltr'>propria</span> <span class='ocrx_word' id='word_1_166' title='bbox 1589 1209 1806 1258; x_wconf 85' lang='lat' dir='ltr'>fortunae,</span> <span class='ocrx_word' id='word_1_167' title='bbox 1843 1210 2055 1252; x_wconf 87' lang='lat' dir='ltr'>fortunam</span> 
     </span>
     <span class='ocr_line' id='line_1_19' title="bbox 278 1272 2056 1322; baseline 0 -9"><span class='ocrx_word' id='word_1_168' title='bbox 278 1279 371 1313; x_wconf 88' lang='lat' dir='ltr'>esse</span> <span class='ocrx_word' id='word_1_169' title='bbox 412 1287 602 1321; x_wconf 88' lang='lat' dir='ltr'>causam,</span> <span class='ocrx_word' id='word_1_170' title='bbox 646 1288 729 1314; x_wconf 91' lang='lat' dir='ltr'>non</span> <span class='ocrx_word' id='word_1_171' title='bbox 771 1279 965 1313; x_wconf 86' lang='lat' dir='ltr'>naturam</span> <span class='ocrx_word' id='word_1_172' title='bbox 1006 1286 1098 1313; x_wconf 88' lang='lat' dir='ltr'>esse</span> <span class='ocrx_word' id='word_1_173' title='bbox 1140 1273 1291 1312; x_wconf 76' lang='lat' dir='ltr'>docet?</span> <span class='ocrx_word' id='word_1_174' title='bbox 1350 1272 1512 1312; x_wconf 86' lang='lat' dir='ltr'>Deinde</span> <span class='ocrx_word' id='word_1_175' title='bbox 1545 1273 1580 1311; x_wconf 90' lang='lat' dir='ltr'>si</span> <span class='ocrx_word' id='word_1_176' title='bbox 1612 1278 1681 1311; x_wconf 89' lang='lat' dir='ltr'>tua</span> <span class='ocrx_word' id='word_1_177' title='bbox 1713 1272 1793 1313; x_wconf 90' lang='lat' dir='ltr'>ista</span> <span class='ocrx_word' id='word_1_178' title='bbox 1825 1274 2056 1322; x_wconf 90' lang='lat' dir='ltr'>conclusio,</span> 
     </span>
     <span class='ocr_line' id='line_1_20' title="bbox 280 1335 2058 1389; baseline 0.001 -14"><span class='ocrx_word' id='word_1_179' title='bbox 280 1336 501 1389; x_wconf 89' lang='lat' dir='ltr'>Cratippe,</span> <span class='ocrx_word' id='word_1_180' title='bbox 532 1350 630 1376; x_wconf 88' lang='lat' dir='ltr'>vera</span> <span class='ocrx_word' id='word_1_181' title='bbox 662 1342 725 1376; x_wconf 89' lang='lat' dir='ltr'>est</span> <span class='ocrx_word' id='word_1_182' title='bbox 758 1359 814 1364; x_wconf 91' lang='lat'><strong>—</strong></span> <span class='ocrx_word' id='word_1_183' title='bbox 850 1342 986 1376; x_wconf 88' lang='lat' dir='ltr'>tecum</span> <span class='ocrx_word' id='word_1_184' title='bbox 1019 1335 1130 1375; x_wconf 92' lang='lat' dir='ltr'>enim</span> <span class='ocrx_word' id='word_1_185' title='bbox 1162 1335 1263 1374; x_wconf 88' lang='lat' dir='ltr'>mihi</span> <span class='ocrx_word' id='word_1_186' title='bbox 1293 1348 1360 1374; x_wconf 89' lang='lat' dir='ltr'>res</span> <span class='ocrx_word' id='word_1_187' title='bbox 1392 1340 1454 1374; x_wconf 90' lang='lat' dir='ltr'>est</span> <span class='ocrx_word' id='word_1_188' title='bbox 1474 1358 1552 1382; x_wconf 90' lang='lat'>-‚</span> <span class='ocrx_word' id='word_1_189' title='bbox 1579 1348 1718 1374; x_wconf 90' lang='lat' dir='ltr'>nonne</span> <span class='ocrx_word' id='word_1_190' title='bbox 1749 1336 1958 1389; x_wconf 86' lang='lat' dir='ltr'>intellegis</span> <span class='ocrx_word' id='word_1_191' title='bbox 1989 1350 2058 1377; x_wconf 91' lang='lat' dir='ltr'>ea-</span> 
     </span>
     <span class='ocr_line' id='line_1_21' title="bbox 227 1397 2060 1452; baseline 0.001 -13"><span class='ocrx_word' id='word_1_192' title='bbox 227 1410 264 1439; x_wconf 72' lang='lat'>20</span> <span class='ocrx_word' id='word_1_193' title='bbox 279 1398 372 1438; x_wconf 90' lang='lat' dir='ltr'>dem</span> <span class='ocrx_word' id='word_1_194' title='bbox 404 1399 465 1438; x_wconf 86' lang='lat' dir='ltr'>uti</span> <span class='ocrx_word' id='word_1_195' title='bbox 496 1412 622 1452; x_wconf 90' lang='lat' dir='ltr'>posse</span> <span class='ocrx_word' id='word_1_196' title='bbox 654 1404 696 1439; x_wconf 87' lang='lat' dir='ltr'>et</span> <span class='ocrx_word' id='word_1_197' title='bbox 724 1398 970 1451; x_wconf 89' lang='lat' dir='ltr'>haruspices</span> <span class='ocrx_word' id='word_1_198' title='bbox 1003 1404 1042 1437; x_wconf 90' lang='lat' dir='ltr'>et</span> <span class='ocrx_word' id='word_1_199' title='bbox 1073 1397 1354 1451; x_wconf 85' lang='lat' dir='ltr'>fulguratores</span> <span class='ocrx_word' id='word_1_200' title='bbox 1387 1403 1427 1437; x_wconf 92' lang='lat' dir='ltr'>et</span> <span class='ocrx_word' id='word_1_201' title='bbox 1456 1397 1707 1450; x_wconf 88' lang='lat' dir='ltr'>interpretes</span> <span class='ocrx_word' id='word_1_202' title='bbox 1734 1403 1995 1439; x_wconf 91' lang='lat' dir='ltr'>ostentorum</span> <span class='ocrx_word' id='word_1_203' title='bbox 2018 1404 2060 1440; x_wconf 92' lang='lat' dir='ltr'>et</span> 
     </span>
     <span class='ocr_line' id='line_1_22' title="bbox 278 1460 2058 1515; baseline 0.001 -14"><span class='ocrx_word' id='word_1_204' title='bbox 278 1474 456 1513; x_wconf 84' lang='lat' dir='ltr'>augures</span> <span class='ocrx_word' id='word_1_205' title='bbox 490 1467 529 1501; x_wconf 89' lang='lat' dir='ltr'>et</span> <span class='ocrx_word' id='word_1_206' title='bbox 560 1462 782 1515; x_wconf 86' lang='lat' dir='ltr'>sortilegos</span> <span class='ocrx_word' id='word_1_207' title='bbox 814 1467 856 1500; x_wconf 92' lang='lat' dir='ltr'>et</span> <span class='ocrx_word' id='word_1_208' title='bbox 879 1461 1112 1500; x_wconf 89' lang='lat' dir='ltr'>Chaldaeos</span> <span class='ocrx_word' id='word_1_209' title='bbox 1129 1462 1147 1499; x_wconf 73' lang='lat'>⁶?</span> <span class='ocrx_word' id='word_1_210' title='bbox 1182 1474 1359 1513; x_wconf 91' lang='lat' dir='ltr'>quorum</span> <span class='ocrx_word' id='word_1_211' title='bbox 1382 1473 1583 1512; x_wconf 82' lang='lat' dir='ltr'>generum</span> <span class='ocrx_word' id='word_1_212' title='bbox 1606 1460 1768 1500; x_wconf 88' lang='lat' dir='ltr'>nullum</span> <span class='ocrx_word' id='word_1_213' title='bbox 1791 1466 1875 1508; x_wconf 92' lang='lat' dir='ltr'>est,</span> <span class='ocrx_word' id='word_1_214' title='bbox 1899 1474 1950 1501; x_wconf 80' lang='lat' dir='ltr'>ex</span> <span class='ocrx_word' id='word_1_215' title='bbox 1975 1476 2058 1514; x_wconf 93' lang='lat' dir='ltr'>quo</span> 
     </span>
     <span class='ocr_line' id='line_1_23' title="bbox 277 1523 2058 1578; baseline 0 -14"><span class='ocrx_word' id='word_1_216' title='bbox 277 1538 362 1564; x_wconf 90' lang='lat' dir='ltr'>non</span> <span class='ocrx_word' id='word_1_217' title='bbox 394 1525 568 1578; x_wconf 89' lang='lat' dir='ltr'>aliquid,</span> <span class='ocrx_word' id='word_1_218' title='bbox 601 1525 707 1564; x_wconf 88' lang='lat' dir='ltr'>sicut</span> <span class='ocrx_word' id='word_1_219' title='bbox 738 1524 1000 1577; x_wconf 85' lang='lat' dir='ltr'>praedictum</span> <span class='ocrx_word' id='word_1_220' title='bbox 1033 1523 1097 1570; x_wconf 91' lang='lat' dir='ltr'>sit,</span> <span class='ocrx_word' id='word_1_221' title='bbox 1131 1523 1324 1562; x_wconf 86' lang='lat' dir='ltr'>evaserit.</span> <span class='ocrx_word' id='word_1_222' title='bbox 1374 1524 1484 1576; x_wconf 90' lang='lat' dir='ltr'>Ergo</span> <span class='ocrx_word' id='word_1_223' title='bbox 1515 1528 1587 1563; x_wconf 88' lang='lat' dir='ltr'>aut</span> <span class='ocrx_word' id='word_1_224' title='bbox 1618 1535 1664 1562; x_wconf 87' lang='lat' dir='ltr'>ea</span> <span class='ocrx_word' id='word_1_225' title='bbox 1698 1536 1871 1576; x_wconf 91' lang='lat' dir='ltr'>quoque</span> <span class='ocrx_word' id='word_1_226' title='bbox 1904 1536 2058 1576; x_wconf 89' lang='lat' dir='ltr'>genera</span> 
     </span>
     <span class='ocr_line' id='line_1_24' title="bbox 278 1583 2057 1641; baseline 0 -15"><span class='ocrx_word' id='word_1_227' title='bbox 278 1586 495 1627; x_wconf 76' lang='lat' dir='ltr'>divinandi</span> <span class='ocrx_word' id='word_1_228' title='bbox 528 1593 646 1635; x_wconf 89' lang='lat' dir='ltr'>sunt,</span> <span class='ocrx_word' id='word_1_229' title='bbox 684 1601 793 1641; x_wconf 89' lang='lat' dir='ltr'>quae</span> <span class='ocrx_word' id='word_1_230' title='bbox 831 1593 876 1626; x_wconf 86' lang='lat' dir='ltr'>tu</span> <span class='ocrx_word' id='word_1_231' title='bbox 912 1586 1158 1626; x_wconf 86' lang='lat' dir='ltr'>rectissume</span> <span class='ocrx_word' id='word_1_232' title='bbox 1189 1583 1406 1638; x_wconf 89' lang='lat' dir='ltr'>inprobas,</span> <span class='ocrx_word' id='word_1_233' title='bbox 1444 1591 1516 1624; x_wconf 91' lang='lat' dir='ltr'>aut</span> <span class='ocrx_word' id='word_1_234' title='bbox 1548 1585 1581 1624; x_wconf 90' lang='lat' dir='ltr'>si</span> <span class='ocrx_word' id='word_1_235' title='bbox 1614 1598 1664 1624; x_wconf 87' lang='lat' dir='ltr'>ea</span> <span class='ocrx_word' id='word_1_236' title='bbox 1693 1598 1778 1624; x_wconf 89' lang='lat' dir='ltr'>non</span> <span class='ocrx_word' id='word_1_237' title='bbox 1808 1590 1929 1633; x_wconf 89' lang='lat' dir='ltr'>sunt,</span> <span class='ocrx_word' id='word_1_238' title='bbox 1974 1599 2057 1626; x_wconf 91' lang='lat' dir='ltr'>non</span> 
     </span>
     <span class='ocr_line' id='line_1_25' title="bbox 279 1647 2061 1702; baseline -0.001 -12"><span class='ocrx_word' id='word_1_239' title='bbox 279 1650 478 1702; x_wconf 85' lang='lat' dir='ltr'>intellego</span> <span class='ocrx_word' id='word_1_240' title='bbox 523 1664 596 1690; x_wconf 91' lang='lat' dir='ltr'>cur</span> <span class='ocrx_word' id='word_1_241' title='bbox 633 1651 738 1690; x_wconf 89' lang='lat' dir='ltr'>haec</span> <span class='ocrx_word' id='word_1_242' title='bbox 781 1649 864 1689; x_wconf 92' lang='lat' dir='ltr'>duo</span> <span class='ocrx_word' id='word_1_243' title='bbox 908 1649 1015 1695; x_wconf 87' lang='lat' dir='ltr'>sint,</span> <span class='ocrx_word' id='word_1_244' title='bbox 1062 1661 1170 1701; x_wconf 88' lang='lat' dir='ltr'>quae</span> <span class='ocrx_word' id='word_1_245' title='bbox 1202 1647 1421 1701; x_wconf 87' lang='lat' dir='ltr'>relinquis.</span> <span class='ocrx_word' id='word_1_246' title='bbox 1483 1647 1577 1695; x_wconf 89' lang='lat' dir='ltr'>Qua</span> <span class='ocrx_word' id='word_1_247' title='bbox 1616 1660 1714 1700; x_wconf 90' lang='lat' dir='ltr'>ergo</span> <span class='ocrx_word' id='word_1_248' title='bbox 1751 1648 1916 1688; x_wconf 89' lang='lat' dir='ltr'>ratione</span> <span class='ocrx_word' id='word_1_249' title='bbox 1955 1648 2061 1689; x_wconf 88' lang='lat' dir='ltr'>haec</span> 
     </span>
     <span class='ocr_line' id='line_1_26' title="bbox 228 1710 1404 1766; baseline -0.002 -15"><span class='ocrx_word' id='word_1_250' title='bbox 228 1713 464 1760; x_wconf 71' lang='lat' dir='ltr'>25inducis‚</span> <span class='ocrx_word' id='word_1_251' title='bbox 497 1714 641 1752; x_wconf 90' lang='lat' dir='ltr'>eadem</span> <span class='ocrx_word' id='word_1_252' title='bbox 674 1713 747 1752; x_wconf 90' lang='lat' dir='ltr'>illa</span> <span class='ocrx_word' id='word_1_253' title='bbox 778 1717 954 1766; x_wconf 90' lang='lat' dir='ltr'>possunt</span> <span class='ocrx_word' id='word_1_254' title='bbox 986 1724 1100 1757; x_wconf 90' lang='lat' dir='ltr'>esse,</span> <span class='ocrx_word' id='word_1_255' title='bbox 1135 1724 1243 1764; x_wconf 90' lang='lat' dir='ltr'>quae</span> <span class='ocrx_word' id='word_1_256' title='bbox 1276 1710 1404 1750; x_wconf 89' lang='lat' dir='ltr'>tollis.</span> 
     </span>
    </p>

    <p class='ocr_par' dir='ltr' id='par_1_5' title="bbox 278 1771 2061 2016">
     <span class='ocr_line' id='line_1_27' title="bbox 391 1771 2058 1826; baseline 0 -12"><span class='ocrx_word' id='word_1_257' title='bbox 391 1776 492 1815; x_wconf 91' lang='lat' dir='ltr'>LIV.</span> <span class='ocrx_word' id='word_1_258' title='bbox 538 1773 630 1814; x_wconf 73' lang='lat'>410.</span> <span class='ocrx_word' id='word_1_259' title='bbox 675 1775 787 1823; x_wconf 87' lang='lat' dir='ltr'>Quid</span> <span class='ocrx_word' id='word_1_260' title='bbox 827 1788 925 1814; x_wconf 74' lang='lat' dir='ltr'>vero</span> <span class='ocrx_word' id='word_1_261' title='bbox 966 1774 1091 1813; x_wconf 89' lang='lat' dir='ltr'>habet</span> <span class='ocrx_word' id='word_1_262' title='bbox 1128 1772 1388 1813; x_wconf 88' lang='lat' dir='ltr'>auctoritatis</span> <span class='ocrx_word' id='word_1_263' title='bbox 1420 1771 1538 1811; x_wconf 90' lang='lat' dir='ltr'>furor</span> <span class='ocrx_word' id='word_1_264' title='bbox 1568 1772 1671 1819; x_wconf 81' lang='lat' dir='ltr'>iste,</span> <span class='ocrx_word' id='word_1_265' title='bbox 1713 1786 1840 1826; x_wconf 91' lang='lat' dir='ltr'>quem</span> <span class='ocrx_word' id='word_1_266' title='bbox 1872 1773 2058 1814; x_wconf 80' lang='lat' dir='ltr'>divinum</span> 
     </span>
     <span class='ocr_line' id='line_1_28' title="bbox 278 1835 2061 1892; baseline -0.001 -14"><span class='ocrx_word' id='word_1_267' title='bbox 278 1839 449 1886; x_wconf 81' lang='lat' dir='ltr'>vocatis,</span> <span class='ocrx_word' id='word_1_268' title='bbox 480 1844 525 1878; x_wconf 88' lang='lat' dir='ltr'>ut</span> <span class='ocrx_word' id='word_1_269' title='bbox 557 1852 665 1892; x_wconf 89' lang='lat' dir='ltr'>quae</span> <span class='ocrx_word' id='word_1_270' title='bbox 697 1838 864 1892; x_wconf 90' lang='lat' dir='ltr'>sapiens</span> <span class='ocrx_word' id='word_1_271' title='bbox 895 1850 980 1876; x_wconf 91' lang='lat' dir='ltr'>non</span> <span class='ocrx_word' id='word_1_272' title='bbox 1011 1837 1174 1884; x_wconf 71' lang='lat' dir='ltr'>videat,</span> <span class='ocrx_word' id='word_1_273' title='bbox 1206 1850 1253 1876; x_wconf 88' lang='lat' dir='ltr'>ea</span> <span class='ocrx_word' id='word_1_274' title='bbox 1285 1835 1424 1875; x_wconf 82' lang='lat' dir='ltr'>videat</span> <span class='ocrx_word' id='word_1_275' title='bbox 1454 1835 1652 1883; x_wconf 87' lang='lat' dir='ltr'>insanus,</span> <span class='ocrx_word' id='word_1_276' title='bbox 1676 1840 1716 1875; x_wconf 88' lang='lat' dir='ltr'>et</span> <span class='ocrx_word' id='word_1_277' title='bbox 1737 1837 1794 1883; x_wconf 83' lang='lat' dir='ltr'>is,</span> <span class='ocrx_word' id='word_1_278' title='bbox 1818 1836 1890 1889; x_wconf 86' lang='lat' dir='ltr'>qui</span> <span class='ocrx_word' id='word_1_279' title='bbox 1912 1836 2061 1876; x_wconf 90' lang='lat' dir='ltr'>huma-</span> 
     </span>
     <span class='ocr_line' id='line_1_29' title="bbox 278 1898 2059 1951; baseline -0.001 -11"><span class='ocrx_word' id='word_1_280' title='bbox 278 1915 352 1940; x_wconf 90' lang='lat' dir='ltr'>nos</span> <span class='ocrx_word' id='word_1_281' title='bbox 385 1915 534 1940; x_wconf 91' lang='lat' dir='ltr'>sensus</span> <span class='ocrx_word' id='word_1_282' title='bbox 566 1901 764 1947; x_wconf 88' lang='lat' dir='ltr'>amiserit,</span> <span class='ocrx_word' id='word_1_283' title='bbox 798 1899 963 1939; x_wconf 70' lang='lat' dir='ltr'>divinos</span> <span class='ocrx_word' id='word_1_284' title='bbox 995 1899 1220 1939; x_wconf 90' lang='lat' dir='ltr'>adsecutus</span> <span class='ocrx_word' id='word_1_285' title='bbox 1253 1898 1339 1939; x_wconf 76' lang='lat' dir='ltr'>sit?</span> <span class='ocrx_word' id='word_1_286' title='bbox 1381 1898 1565 1951; x_wconf 72' lang='lat' dir='ltr'>Sibyllae</span> <span class='ocrx_word' id='word_1_287' title='bbox 1597 1912 1742 1938; x_wconf 77' lang='lat' dir='ltr'>versus</span> <span class='ocrx_word' id='word_1_288' title='bbox 1775 1898 2059 1947; x_wconf 90' lang='lat' dir='ltr'>observamus,</span> 
     </span>
     <span class='ocr_line' id='line_1_30' title="bbox 279 1961 2060 2016; baseline -0.001 -14"><span class='ocrx_word' id='word_1_289' title='bbox 279 1976 386 2016; x_wconf 92' lang='lat' dir='ltr'>quos</span> <span class='ocrx_word' id='word_1_290' title='bbox 417 1963 489 2002; x_wconf 88' lang='lat' dir='ltr'>illa</span> <span class='ocrx_word' id='word_1_291' title='bbox 520 1962 663 2002; x_wconf 84' lang='lat' dir='ltr'>furens</span> <span class='ocrx_word' id='word_1_292' title='bbox 694 1962 854 2002; x_wconf 89' lang='lat' dir='ltr'>fudisse</span> <span class='ocrx_word' id='word_1_293' title='bbox 888 1962 1054 2001; x_wconf 88' lang='lat' dir='ltr'>dicitur.</span> <span class='ocrx_word' id='word_1_294' title='bbox 1113 1961 1304 2009; x_wconf 86' lang='lat' dir='ltr'>Quorum</span> <span class='ocrx_word' id='word_1_295' title='bbox 1337 1961 1543 2014; x_wconf 87' lang='lat' dir='ltr'>interpres</span> <span class='ocrx_word' id='word_1_296' title='bbox 1577 1974 1711 2014; x_wconf 91' lang='lat' dir='ltr'>nuper</span> <span class='ocrx_word' id='word_1_297' title='bbox 1741 1961 1846 2002; x_wconf 88' lang='lat' dir='ltr'>falsa</span> <span class='ocrx_word' id='word_1_298' title='bbox 1879 1961 2060 2015; x_wconf 89' lang='lat' dir='ltr'>quadam</span> 
     </span>
    </p>

    <p class='ocr_par' dir='ltr' id='par_1_6' title="bbox 228 2024 2063 2579">
     <span class='ocr_line' id='line_1_31' title="bbox 228 2024 2061 2077; baseline -0.001 -12"><span class='ocrx_word' id='word_1_299' title='bbox 228 2025 494 2065; x_wconf 88' lang='lat' dir='ltr'>30hominum</span> <span class='ocrx_word' id='word_1_300' title='bbox 526 2025 636 2065; x_wconf 86' lang='lat' dir='ltr'>fama</span> <span class='ocrx_word' id='word_1_301' title='bbox 667 2026 856 2065; x_wconf 88' lang='lat' dir='ltr'>dicturus</span> <span class='ocrx_word' id='word_1_302' title='bbox 888 2025 931 2063; x_wconf 91' lang='lat' dir='ltr'>in</span> <span class='ocrx_word' id='word_1_303' title='bbox 963 2029 1111 2064; x_wconf 87' lang='lat' dir='ltr'>senatu</span> <span class='ocrx_word' id='word_1_304' title='bbox 1142 2024 1365 2077; x_wconf 88' lang='lat' dir='ltr'>putabatur</span> <span class='ocrx_word' id='word_1_305' title='bbox 1397 2038 1514 2071; x_wconf 89' lang='lat' dir='ltr'>eum,</span> <span class='ocrx_word' id='word_1_306' title='bbox 1557 2037 1683 2077; x_wconf 89' lang='lat' dir='ltr'>quem</span> <span class='ocrx_word' id='word_1_307' title='bbox 1714 2037 1758 2064; x_wconf 92' lang='lat' dir='ltr'>re</span> <span class='ocrx_word' id='word_1_308' title='bbox 1790 2037 1889 2063; x_wconf 88' lang='lat' dir='ltr'>vera</span> <span class='ocrx_word' id='word_1_309' title='bbox 1918 2036 2061 2076; x_wconf 89' lang='lat' dir='ltr'>regem</span> 
     </span>
     <span class='ocr_line' id='line_1_32' title="bbox 280 2085 2062 2142; baseline -0.001 -15"><span class='ocrx_word' id='word_1_310' title='bbox 280 2088 548 2134; x_wconf 82' lang='lat' dir='ltr'>habebamus,</span> <span class='ocrx_word' id='word_1_311' title='bbox 581 2088 878 2142; x_wconf 86' lang='lat' dir='ltr'>appellandum</span> <span class='ocrx_word' id='word_1_312' title='bbox 911 2100 1081 2140; x_wconf 87' lang='lat' dir='ltr'>quoque</span> <span class='ocrx_word' id='word_1_313' title='bbox 1115 2100 1205 2126; x_wconf 93' lang='lat' dir='ltr'>esse</span> <span class='ocrx_word' id='word_1_314' title='bbox 1228 2099 1391 2139; x_wconf 88' lang='lat' dir='ltr'>regem,</span> <span class='ocrx_word' id='word_1_315' title='bbox 1415 2085 1449 2125; x_wconf 92' lang='lat' dir='ltr'>si</span> <span class='ocrx_word' id='word_1_316' title='bbox 1472 2086 1577 2125; x_wconf 91' lang='lat' dir='ltr'>salvi</span> <span class='ocrx_word' id='word_1_317' title='bbox 1598 2099 1690 2126; x_wconf 91' lang='lat' dir='ltr'>esse</span> <span class='ocrx_word' id='word_1_318' title='bbox 1713 2086 1930 2126; x_wconf 76' lang='lat' dir='ltr'>vellemus.</span> <span class='ocrx_word' id='word_1_319' title='bbox 1971 2087 2062 2127; x_wconf 86' lang='lat' dir='ltr'>Hoc</span> 
     </span>
     <span class='ocr_line' id='line_1_33' title="bbox 281 2149 2061 2204; baseline -0.001 -14"><span class='ocrx_word' id='word_1_320' title='bbox 281 2151 314 2191; x_wconf 90' lang='lat' dir='ltr'>si</span> <span class='ocrx_word' id='word_1_321' title='bbox 347 2157 409 2190; x_wconf 87' lang='lat' dir='ltr'>est</span> <span class='ocrx_word' id='word_1_322' title='bbox 441 2151 481 2190; x_wconf 90' lang='lat' dir='ltr'>in</span> <span class='ocrx_word' id='word_1_323' title='bbox 515 2151 654 2198; x_wconf 85' lang='lat' dir='ltr'>libris,</span> <span class='ocrx_word' id='word_1_324' title='bbox 686 2151 729 2190; x_wconf 92' lang='lat' dir='ltr'>in</span> <span class='ocrx_word' id='word_1_325' title='bbox 762 2164 887 2204; x_wconf 91' lang='lat' dir='ltr'>quem</span> <span class='ocrx_word' id='word_1_326' title='bbox 918 2150 1133 2189; x_wconf 86' lang='lat' dir='ltr'>hominem</span> <span class='ocrx_word' id='word_1_327' title='bbox 1166 2155 1206 2189; x_wconf 90' lang='lat' dir='ltr'>et</span> <span class='ocrx_word' id='word_1_328' title='bbox 1237 2150 1279 2188; x_wconf 92' lang='lat' dir='ltr'>in</span> <span class='ocrx_word' id='word_1_329' title='bbox 1303 2149 1417 2203; x_wconf 90' lang='lat' dir='ltr'>quod</span> <span class='ocrx_word' id='word_1_330' title='bbox 1440 2154 1605 2202; x_wconf 83' lang='lat' dir='ltr'>tempus</span> <span class='ocrx_word' id='word_1_331' title='bbox 1629 2150 1726 2188; x_wconf 74' lang='lat' dir='ltr'>est?</span> <span class='ocrx_word' id='word_1_332' title='bbox 1768 2149 1926 2189; x_wconf 89' lang='lat' dir='ltr'>Callide</span> <span class='ocrx_word' id='word_1_333' title='bbox 1950 2150 2061 2189; x_wconf 89' lang='lat' dir='ltr'>enim</span> 
     </span>
     <span class='ocr_line' id='line_1_34' title="bbox 282 2209 2063 2267; baseline 0 -15"><span class='ocrx_word' id='word_1_334' title='bbox 282 2214 355 2267; x_wconf 90' lang='lat' dir='ltr'>qui</span> <span class='ocrx_word' id='word_1_335' title='bbox 387 2213 459 2253; x_wconf 90' lang='lat' dir='ltr'>illa</span> <span class='ocrx_word' id='word_1_336' title='bbox 491 2214 731 2267; x_wconf 90' lang='lat' dir='ltr'>composuit</span> <span class='ocrx_word' id='word_1_337' title='bbox 761 2213 949 2266; x_wconf 88' lang='lat' dir='ltr'>perfecit,</span> <span class='ocrx_word' id='word_1_338' title='bbox 982 2218 1028 2252; x_wconf 92' lang='lat' dir='ltr'>ut</span> <span class='ocrx_word' id='word_1_339' title='bbox 1059 2212 1359 2265; x_wconf 90' lang='lat' dir='ltr'>quodcumque</span> <span class='ocrx_word' id='word_1_340' title='bbox 1391 2211 1626 2258; x_wconf 89' lang='lat' dir='ltr'>accidisset,</span> <span class='ocrx_word' id='word_1_341' title='bbox 1657 2209 1916 2265; x_wconf 90' lang='lat' dir='ltr'>praedictum</span> <span class='ocrx_word' id='word_1_342' title='bbox 1947 2212 2063 2252; x_wconf 86' lang='lat' dir='ltr'>vide-</span> 
     </span>
     <span class='ocr_line' id='line_1_35' title="bbox 279 2271 2063 2329; baseline -0.001 -13"><span class='ocrx_word' id='word_1_343' title='bbox 279 2282 393 2316; x_wconf 89' lang='lat' dir='ltr'>retur</span> <span class='ocrx_word' id='word_1_344' title='bbox 433 2276 649 2316; x_wconf 89' lang='lat' dir='ltr'>hominum</span> <span class='ocrx_word' id='word_1_345' title='bbox 691 2282 731 2315; x_wconf 89' lang='lat' dir='ltr'>et</span> <span class='ocrx_word' id='word_1_346' title='bbox 770 2282 1005 2329; x_wconf 88' lang='lat' dir='ltr'>temporum</span> <span class='ocrx_word' id='word_1_347' title='bbox 1046 2275 1291 2314; x_wconf 87' lang='lat' dir='ltr'>definitione</span> <span class='ocrx_word' id='word_1_348' title='bbox 1331 2274 1506 2314; x_wconf 86' lang='lat' dir='ltr'>sublata.</span> <span class='ocrx_word' id='word_1_349' title='bbox 1575 2271 1661 2313; x_wconf 86' lang='grc' dir='ltr'><strong>ΙΙΙ.</strong></span> <span class='ocrx_word' id='word_1_350' title='bbox 1699 2273 1906 2314; x_wconf 88' lang='lat' dir='ltr'>Adhibuit</span> <span class='ocrx_word' id='word_1_351' title='bbox 1937 2275 2063 2314; x_wconf 90' lang='lat' dir='ltr'>etiam</span> 
     </span>
     <span class='ocr_line' id='line_1_36' title="bbox 230 2336 2063 2390; baseline 0 -13"><span class='ocrx_word' id='word_1_352' title='bbox 230 2349 265 2378; x_wconf 89' lang='lat'>35</span> <span class='ocrx_word' id='word_1_353' title='bbox 281 2338 482 2378; x_wconf 90' lang='lat' dir='ltr'>latebram</span> <span class='ocrx_word' id='word_1_354' title='bbox 525 2338 818 2385; x_wconf 88' lang='lat' dir='ltr'>obscuritatis,</span> <span class='ocrx_word' id='word_1_355' title='bbox 863 2344 909 2377; x_wconf 91' lang='lat' dir='ltr'>ut</span> <span class='ocrx_word' id='word_1_356' title='bbox 938 2337 1050 2377; x_wconf 91' lang='lat' dir='ltr'>idem</span> <span class='ocrx_word' id='word_1_357' title='bbox 1081 2350 1225 2377; x_wconf 78' lang='lat' dir='ltr'>versus</span> <span class='ocrx_word' id='word_1_358' title='bbox 1257 2337 1360 2376; x_wconf 88' lang='lat' dir='ltr'>alias</span> <span class='ocrx_word' id='word_1_359' title='bbox 1392 2337 1435 2375; x_wconf 90' lang='lat' dir='ltr'>in</span> <span class='ocrx_word' id='word_1_360' title='bbox 1466 2336 1591 2376; x_wconf 88' lang='lat' dir='ltr'>aliam</span> <span class='ocrx_word' id='word_1_361' title='bbox 1624 2350 1712 2377; x_wconf 89' lang='lat' dir='ltr'>rem</span> <span class='ocrx_word' id='word_1_362' title='bbox 1742 2350 1867 2390; x_wconf 91' lang='lat' dir='ltr'>posse</span> <span class='ocrx_word' id='word_1_363' title='bbox 1899 2350 2063 2377; x_wconf 89' lang='lat' dir='ltr'>accom-</span> 
     </span>
     <span class='ocr_line' id='line_1_37' title="bbox 281 2398 2063 2452; baseline -0.002 -11"><span class='ocrx_word' id='word_1_364' title='bbox 281 2401 440 2442; x_wconf 89' lang='lat' dir='ltr'>modari</span> <span class='ocrx_word' id='word_1_365' title='bbox 479 2401 736 2441; x_wconf 89' lang='lat' dir='ltr'>viderentur.</span> <span class='ocrx_word' id='word_1_366' title='bbox 795 2403 890 2440; x_wconf 82' lang='lat' dir='ltr'>Non</span> <span class='ocrx_word' id='word_1_367' title='bbox 924 2413 1016 2440; x_wconf 91' lang='lat' dir='ltr'>esse</span> <span class='ocrx_word' id='word_1_368' title='bbox 1049 2404 1187 2439; x_wconf 88' lang='lat' dir='ltr'>autem</span> <span class='ocrx_word' id='word_1_369' title='bbox 1218 2399 1323 2439; x_wconf 93' lang='lat' dir='ltr'>illud</span> <span class='ocrx_word' id='word_1_370' title='bbox 1360 2413 1529 2440; x_wconf 90' lang='lat' dir='ltr'>carmen</span> <span class='ocrx_word' id='word_1_371' title='bbox 1560 2398 1758 2447; x_wconf 82' lang='lat' dir='ltr'>furentis,</span> <span class='ocrx_word' id='word_1_372' title='bbox 1800 2412 1894 2438; x_wconf 92' lang='lat' dir='ltr'>cum</span> <span class='ocrx_word' id='word_1_373' title='bbox 1924 2399 2063 2452; x_wconf 90' lang='lat' dir='ltr'>ipsum</span> 
     </span>
     <span class='ocr_line' id='line_1_38' title="bbox 280 2462 2063 2518; baseline -0.002 -14"><span class='ocrx_word' id='word_1_374' title='bbox 280 2477 433 2518; x_wconf 86' lang='lat' dir='ltr'>poema</span> <span class='ocrx_word' id='word_1_375' title='bbox 464 2464 668 2512; x_wconf 89' lang='lat' dir='ltr'>declarat,</span> <span class='ocrx_word' id='word_1_376' title='bbox 701 2469 764 2504; x_wconf 89' lang='lat' dir='ltr'>est</span> <span class='ocrx_word' id='word_1_377' title='bbox 795 2464 905 2504; x_wconf 88' lang='lat' dir='ltr'>enim</span> <span class='ocrx_word' id='word_1_378' title='bbox 937 2462 1067 2515; x_wconf 88' lang='lat' dir='ltr'>magis</span> <span class='ocrx_word' id='word_1_379' title='bbox 1099 2463 1198 2502; x_wconf 89' lang='lat' dir='ltr'>artis</span> <span class='ocrx_word' id='word_1_380' title='bbox 1231 2467 1272 2502; x_wconf 89' lang='lat' dir='ltr'>et</span> <span class='ocrx_word' id='word_1_381' title='bbox 1303 2462 1548 2517; x_wconf 84' lang='lat' dir='ltr'>diligentiae</span> <span class='ocrx_word' id='word_1_382' title='bbox 1579 2476 1704 2516; x_wconf 91' lang='lat' dir='ltr'>quam</span> <span class='ocrx_word' id='word_1_383' title='bbox 1735 2462 1992 2502; x_wconf 89' lang='lat' dir='ltr'>incitationis</span> <span class='ocrx_word' id='word_1_384' title='bbox 2023 2466 2063 2502; x_wconf 87' lang='lat' dir='ltr'>et</span> 
     </span>
     <span class='ocr_line' id='line_1_39' title="bbox 282 2525 2061 2579; baseline -0.001 -13"><span class='ocrx_word' id='word_1_385' title='bbox 282 2531 448 2574; x_wconf 89' lang='lat' dir='ltr'>motus,</span> <span class='ocrx_word' id='word_1_386' title='bbox 480 2532 567 2566; x_wconf 90' lang='lat' dir='ltr'>tum</span> <span class='ocrx_word' id='word_1_387' title='bbox 599 2540 697 2567; x_wconf 84' lang='lat' dir='ltr'>vero</span> <span class='ocrx_word' id='word_1_388' title='bbox 731 2540 804 2574; x_wconf 88' lang='lat' dir='ltr'>ea,</span> <span class='ocrx_word' id='word_1_389' title='bbox 838 2538 947 2579; x_wconf 92' lang='lat' dir='ltr'>quae</span> <span class='ocrx_word' id='word_1_390' title='bbox 979 2526 1232 2578; x_wconf 71' lang='grc' dir='ltr'><em>ἅκροστιχὶς</em></span> <span class='ocrx_word' id='word_1_391' title='bbox 1264 2525 1438 2574; x_wconf 85' lang='lat' dir='ltr'>dicitur,</span> <span class='ocrx_word' id='word_1_392' title='bbox 1476 2539 1569 2566; x_wconf 87' lang='lat' dir='ltr'>cum</span> <span class='ocrx_word' id='word_1_393' title='bbox 1601 2525 1800 2579; x_wconf 89' lang='lat' dir='ltr'>deinceps</span> <span class='ocrx_word' id='word_1_394' title='bbox 1834 2538 1886 2565; x_wconf 85' lang='lat' dir='ltr'>ex</span> <span class='ocrx_word' id='word_1_395' title='bbox 1917 2525 2061 2579; x_wconf 88' lang='lat' dir='ltr'>primis</span> 
     </span>
    </p>
   </div>
   <div class='ocr_carea' id='block_1_3' title="bbox 281 2742 2063 3282">
    <p class='ocr_par' dir='ltr' id='par_1_7' title="bbox 281 2742 2063 3282">
     <span class='ocr_line' id='line_1_40' title="bbox 372 2742 2060 2783; baseline -0.001 -8"><span class='ocrx_word' id='word_1_396' title='bbox 372 2745 401 2775; x_wconf 66' lang='grc'>«1.</span> <span class='ocrx_word' id='word_1_397' title='bbox 428 2744 454 2775; x_wconf 82' lang='lat' dir='ltr'>si</span> <span class='ocrx_word' id='word_1_398' title='bbox 480 2744 552 2783; x_wconf 81' lang='lat' dir='ltr'>quis</span> <span class='ocrx_word' id='word_1_399' title='bbox 577 2744 622 2775; x_wconf 86' lang='lat' dir='ltr'>C:</span> <span class='ocrx_word' id='word_1_400' title='bbox 648 2744 674 2774; x_wconf 75' lang='lat' dir='ltr'>si</span> <span class='ocrx_word' id='word_1_401' title='bbox 700 2745 756 2783; x_wconf 79' lang='lat' dir='ltr'>qui</span> <span class='ocrx_word' id='word_1_402' title='bbox 781 2744 806 2774; x_wconf 94' lang='lat' dir='ltr'>O</span> <span class='ocrx_word' id='word_1_403' title='bbox 834 2762 869 2766; x_wconf 93' lang='lat'>—</span> <span class='ocrx_word' id='word_1_404' title='bbox 896 2744 926 2774; x_wconf 73' lang='grc' dir='ltr'>Ξ.</span> <span class='ocrx_word' id='word_1_405' title='bbox 948 2744 1071 2775; x_wconf 62' lang='lat' dir='ltr'>dixerit</span> <span class='ocrx_word' id='word_1_406' title='bbox 1089 2744 1131 2775; x_wconf 89' lang='lat' dir='ltr'>C:</span> <span class='ocrx_word' id='word_1_407' title='bbox 1158 2744 1279 2774; x_wconf 79' lang='lat' dir='ltr'>uiderit</span> <span class='ocrx_word' id='word_1_408' title='bbox 1303 2743 1381 2774; x_wconf 87' lang='lat' dir='ltr'>cod.</span> <span class='ocrx_word' id='word_1_409' title='bbox 1402 2743 1527 2782; x_wconf 81' lang='lat' dir='ltr'>Regius</span> <span class='ocrx_word' id='word_1_410' title='bbox 1546 2743 1583 2779; x_wconf 88' lang='lat' dir='ltr'>O,</span> <span class='ocrx_word' id='word_1_411' title='bbox 1610 2751 1684 2773; x_wconf 76' lang='lat' dir='ltr'>vere</span> <span class='ocrx_word' id='word_1_412' title='bbox 1701 2743 1825 2774; x_wconf 57' lang='lat' dir='ltr'>discet-ic</span> <span class='ocrx_word' id='word_1_413' title='bbox 1849 2742 2060 2780; x_wconf 85' lang='lat' dir='ltr'>Lambinus;</span> 
     </span>
     <span class='ocr_line' id='line_1_41' title="bbox 282 2791 2060 2832; baseline -0.002 -9"><span class='ocrx_word' id='word_1_414' title='bbox 282 2795 318 2824; x_wconf 86' lang='lat' dir='ltr'>tu</span> <span class='ocrx_word' id='word_1_415' title='bbox 349 2793 427 2824; x_wconf 68' lang='lat' dir='ltr'>xide</span> <span class='ocrx_word' id='word_1_416' title='bbox 461 2793 504 2824; x_wconf 86' lang='lat' dir='ltr'>de</span> <span class='ocrx_word' id='word_1_417' title='bbox 537 2793 591 2825; x_wconf 88' lang='lat' dir='ltr'>illo</span> <span class='ocrx_word' id='word_1_418' title='bbox 626 2795 741 2824; x_wconf 83' lang='lat' dir='ltr'>minus</span> <span class='ocrx_word' id='word_1_419' title='bbox 772 2792 921 2824; x_wconf 82' lang='lat' dir='ltr'>solemni</span> <span class='ocrx_word' id='word_1_420' title='bbox 946 2794 979 2824; x_wconf 66' lang='lat' dir='ltr'>xi</span> <span class='ocrx_word' id='word_1_421' title='bbox 1003 2793 1103 2824; x_wconf 59' lang='lat' dir='ltr'>verbi</span> <span class='ocrx_word' id='word_1_422' title='bbox 1129 2793 1266 2824; x_wconf 74' lang='lat' dir='ltr'>(licendi</span> <span class='ocrx_word' id='word_1_423' title='bbox 1294 2794 1304 2824; x_wconf 91' lang='lat' dir='ltr'>l</span> <span class='ocrx_word' id='word_1_424' title='bbox 1331 2792 1370 2832; x_wconf 62' lang='lat' dir='ltr'>{g</span> <span class='ocrx_word' id='word_1_425' title='bbox 1389 2793 1448 2830; x_wconf 77' lang='lat'>80,</span> <span class='ocrx_word' id='word_1_426' title='bbox 1469 2792 1527 2829; x_wconf 83' lang='lat'>90,</span> <span class='ocrx_word' id='word_1_427' title='bbox 1558 2793 1585 2823; x_wconf 89' lang='lat' dir='ltr'>Il</span> <span class='ocrx_word' id='word_1_428' title='bbox 1612 2792 1712 2831; x_wconf 66' lang='lat'>370;</span> <span class='ocrx_word' id='word_1_429' title='bbox 1752 2794 1910 2824; x_wconf 82' lang='lat' dir='ltr'>ceterum</span> <span class='ocrx_word' id='word_1_430' title='bbox 1937 2791 2060 2824; x_wconf 86' lang='lat' dir='ltr'>malis:</span> 
     </span>
     <span class='ocr_line' id='line_1_42' title="bbox 281 2841 2063 2883; baseline -0.001 -8"><span class='ocrx_word' id='word_1_431' title='bbox 281 2845 308 2875; x_wconf 78' lang='lat' dir='ltr'>si</span> <span class='ocrx_word' id='word_1_432' title='bbox 333 2846 405 2883; x_wconf 74' lang='lat' dir='ltr'>quis</span> <span class='ocrx_word' id='word_1_433' title='bbox 422 2861 470 2866; x_wconf 90' lang='lat'>—-</span> <span class='ocrx_word' id='word_1_434' title='bbox 488 2845 588 2877; x_wconf 50' lang='lat' dir='ltr'>dixit,</span> <span class='ocrx_word' id='word_1_435' title='bbox 609 2861 656 2866; x_wconf 85' lang='lat'>--</span> <span class='ocrx_word' id='word_1_436' title='bbox 674 2844 915 2874; x_wconf 55' lang='lat' dir='ltr'>eaeistzmamlus</span> <span class='ocrx_word' id='word_1_437' title='bbox 941 2847 986 2874; x_wconf 75' lang='lat' dir='ltr'>est</span> <span class='ocrx_word' id='word_1_438' title='bbox 1011 2860 1045 2864; x_wconf 84' lang='lat'>—</span> <span class='ocrx_word' id='word_1_439' title='bbox 1073 2844 1122 2873; x_wconf 79' lang='lat' dir='ltr'>his</span> <span class='ocrx_word' id='word_1_440' title='bbox 1148 2844 1170 2873; x_wconf 83' lang='grc' dir='ltr'>Β</span> <span class='ocrx_word' id='word_1_441' title='bbox 1199 2860 1233 2864; x_wconf 87' lang='grc'>-</span> <span class='ocrx_word' id='word_1_442' title='bbox 1262 2843 1291 2873; x_wconf 81' lang='grc'>6.</span> <span class='ocrx_word' id='word_1_443' title='bbox 1319 2844 1345 2874; x_wconf 76' lang='lat' dir='ltr'>si</span> <span class='ocrx_word' id='word_1_444' title='bbox 1371 2851 1439 2873; x_wconf 84' lang='lat' dir='ltr'>orn.</span> <span class='ocrx_word' id='word_1_445' title='bbox 1468 2842 1495 2873; x_wconf 77' lang='lat' dir='ltr'><strong>V</strong></span> <span class='ocrx_word' id='word_1_446' title='bbox 1522 2859 1555 2863; x_wconf 93' lang='lat'>—</span> <span class='ocrx_word' id='word_1_447' title='bbox 1588 2843 1618 2873; x_wconf 80' lang='lat'>7.</span> <span class='ocrx_word' id='word_1_448' title='bbox 1645 2842 1709 2873; x_wconf 72' lang='lat' dir='ltr'>uisi</span> <span class='ocrx_word' id='word_1_449' title='bbox 1734 2841 1772 2872; x_wconf 59' lang='grc' dir='ltr'>Ψ</span> <span class='ocrx_word' id='word_1_450' title='bbox 1802 2860 1835 2865; x_wconf 92' lang='lat'>—-</span> <span class='ocrx_word' id='word_1_451' title='bbox 1872 2842 1903 2874; x_wconf 90' lang='lat'>8.</span> <span class='ocrx_word' id='word_1_452' title='bbox 1932 2842 2063 2882; x_wconf 80' lang='lat' dir='ltr'>quando</span> 
     </span>
     <span class='ocr_line' id='line_1_43' title="bbox 283 2892 2063 2933; baseline -0.001 -10"><span class='ocrx_word' id='word_1_453' title='bbox 283 2894 335 2924; x_wconf 78' lang='lat' dir='ltr'>uel</span> <span class='ocrx_word' id='word_1_454' title='bbox 358 2894 575 2924; x_wconf 73' lang='lat' dir='ltr'>uaticinando</span> <span class='ocrx_word' id='word_1_455' title='bbox 600 2893 731 2933; x_wconf 73' lang='lat' dir='ltr'>aliquid</span> <span class='ocrx_word' id='word_1_456' title='bbox 754 2893 917 2924; x_wconf 81' lang='lat' dir='ltr'>somnium</span> <span class='ocrx_word' id='word_1_457' title='bbox 943 2894 970 2923; x_wconf 75' lang='lat' dir='ltr'><strong>V</strong></span> <span class='ocrx_word' id='word_1_458' title='bbox 998 2911 1032 2915; x_wconf 94' lang='lat'><strong>—</strong></span> <span class='ocrx_word' id='word_1_459' title='bbox 1061 2893 1093 2927; x_wconf 70' lang='grc'>9,</span> <span class='ocrx_word' id='word_1_460' title='bbox 1117 2893 1258 2931; x_wconf 72' lang='lat' dir='ltr'>fortuitu</span> <span class='ocrx_word' id='word_1_461' title='bbox 1284 2894 1306 2923; x_wconf 88' lang='lat' dir='ltr'><strong>B</strong></span> <span class='ocrx_word' id='word_1_462' title='bbox 1343 2910 1378 2914; x_wconf 91' lang='lat'>—</span> <span class='ocrx_word' id='word_1_463' title='bbox 1418 2893 1469 2923; x_wconf 73' lang='grc'>40.</span> <span class='ocrx_word' id='word_1_464' title='bbox 1497 2892 1655 2924; x_wconf 77' lang='lat' dir='ltr'>lemmata</span> <span class='ocrx_word' id='word_1_465' title='bbox 1681 2893 1704 2923; x_wconf 92' lang='lat' dir='ltr'>C</span> <span class='ocrx_word' id='word_1_466' title='bbox 1740 2909 1774 2913; x_wconf 91' lang='lat'>—</span> <span class='ocrx_word' id='word_1_467' title='bbox 1813 2892 2063 2923; x_wconf 53' lang='lat' dir='ltr'>malumuswc-</span> 
     </span>
     <span class='ocr_line' id='line_1_44' title="bbox 283 2939 2063 2985; baseline -0.002 -10"><span class='ocrx_word' id='word_1_468' title='bbox 283 2945 306 2975; x_wconf 83' lang='lat' dir='ltr'>B</span> <span class='ocrx_word' id='word_1_469' title='bbox 337 2961 370 2965; x_wconf 88' lang='lat'>—-</span> <span class='ocrx_word' id='word_1_470' title='bbox 411 2944 456 2973; x_wconf 84' lang='grc'>11.</span> <span class='ocrx_word' id='word_1_471' title='bbox 484 2944 671 2982; x_wconf 75' lang='lat' dir='ltr'>adsumptio</span> <span class='ocrx_word' id='word_1_472' title='bbox 697 2943 879 2975; x_wconf 76' lang='lat' dir='ltr'>Pearcius:</span> <span class='ocrx_word' id='word_1_473' title='bbox 912 2943 1101 2982; x_wconf 76' lang='lat' dir='ltr'>praesensio</span> <span class='ocrx_word' id='word_1_474' title='bbox 1128 2943 1151 2973; x_wconf 79' lang='lat' dir='ltr'>C</span> <span class='ocrx_word' id='word_1_475' title='bbox 1180 2959 1213 2963; x_wconf 96' lang='lat'><strong>—</strong></span> <span class='ocrx_word' id='word_1_476' title='bbox 1242 2939 1460 2985; x_wconf 32' lang='grc' dir='ltr'>πιρώςληιρψιψΥ</span> <span class='ocrx_word' id='word_1_477' title='bbox 1484 2942 1684 2973; x_wconf 85' lang='lat' dir='ltr'>Ernestius:</span> <span class='ocrx_word' id='word_1_478' title='bbox 1707 2942 1887 2981; x_wconf 71' lang='lat' dir='ltr'>prolemsim</span> <span class='ocrx_word' id='word_1_479' title='bbox 1911 2943 1957 2978; x_wconf 75' lang='lat' dir='ltr'>A,</span> <span class='ocrx_word' id='word_1_480' title='bbox 1981 2950 2063 2980; x_wconf 81' lang='lat' dir='ltr'>pro-</span> 
     </span>
     <span class='ocr_line' id='line_1_45' title="bbox 283 2990 2059 3032; baseline 0 -9"><span class='ocrx_word' id='word_1_481' title='bbox 283 2993 404 3024; x_wconf 76' lang='lat' dir='ltr'>lemsim</span> <span class='ocrx_word' id='word_1_482' title='bbox 423 2992 478 3023; x_wconf 86' lang='lat' dir='ltr'>BV</span> <span class='ocrx_word' id='word_1_483' title='bbox 497 3010 530 3014; x_wconf 97' lang='lat'>—</span> <span class='ocrx_word' id='word_1_484' title='bbox 567 2994 681 3024; x_wconf 55' lang='lat' dir='ltr'>*idem</span> <span class='ocrx_word' id='word_1_485' title='bbox 701 2993 737 3029; x_wconf 84' lang='lat' dir='ltr'>B,</span> <span class='ocrx_word' id='word_1_486' title='bbox 766 2993 861 3023; x_wconf 81' lang='lat' dir='ltr'>iidem</span> <span class='ocrx_word' id='word_1_487' title='bbox 880 2993 904 3023; x_wconf 96' lang='lat' dir='ltr'>O</span> <span class='ocrx_word' id='word_1_488' title='bbox 925 3011 959 3014; x_wconf 76' lang='lat'>—</span> <span class='ocrx_word' id='word_1_489' title='bbox 989 2992 1040 3023; x_wconf 74' lang='lat'>48.</span> <span class='ocrx_word' id='word_1_490' title='bbox 1068 2996 1226 3023; x_wconf 77' lang='lat' dir='ltr'>naturam</span> <span class='ocrx_word' id='word_1_491' title='bbox 1250 2993 1341 3023; x_wconf 75' lang='lat' dir='ltr'>(locet</span> <span class='ocrx_word' id='word_1_492' title='bbox 1365 2991 1467 3023; x_wconf 73' lang='lat' dir='ltr'>codd.</span> <span class='ocrx_word' id='word_1_493' title='bbox 1495 2990 1690 3032; x_wconf 79' lang='lat' dir='ltr'>interpolati</span> <span class='ocrx_word' id='word_1_494' title='bbox 1716 2992 1764 3028; x_wconf 90' lang='grc' dir='ltr'>Ο;</span> <span class='ocrx_word' id='word_1_495' title='bbox 1799 2991 1842 3022; x_wconf 82' lang='lat' dir='ltr'>cf.</span> <span class='ocrx_word' id='word_1_496' title='bbox 1869 2992 1896 3022; x_wconf 84' lang='grc' dir='ltr'>ΙΙ</span> <span class='ocrx_word' id='word_1_497' title='bbox 1921 2991 1998 3031; x_wconf 65' lang='grc' dir='ltr'>ἓ94</span> <span class='ocrx_word' id='word_1_498' title='bbox 2025 3007 2059 3012; x_wconf 91' lang='grc'>-</span> 
     </span>
     <span class='ocr_line' id='line_1_46' title="bbox 282 3038 2059 3081; baseline -0.002 -7"><span class='ocrx_word' id='word_1_499' title='bbox 282 3045 308 3074; x_wconf 84' lang='lat' dir='ltr'>si</span> <span class='ocrx_word' id='word_1_500' title='bbox 332 3046 389 3073; x_wconf 75' lang='lat' dir='ltr'>lua</span> <span class='ocrx_word' id='word_1_501' title='bbox 414 3043 533 3072; x_wconf 47' lang='lat' dir='ltr'>mista</span> <span class='ocrx_word' id='word_1_502' title='bbox 560 3043 582 3073; x_wconf 85' lang='lat' dir='ltr'>B</span> <span class='ocrx_word' id='word_1_503' title='bbox 619 3059 653 3064; x_wconf 95' lang='lat'><strong>—</strong></span> <span class='ocrx_word' id='word_1_504' title='bbox 690 3042 741 3073; x_wconf 67' lang='lat'>49.</span> <span class='ocrx_word' id='word_1_505' title='bbox 770 3050 831 3072; x_wconf 72' lang='lat' dir='ltr'>non</span> <span class='ocrx_word' id='word_1_506' title='bbox 858 3040 897 3073; x_wconf 53' lang='grc' dir='ltr'>Αἱ</span> <span class='ocrx_word' id='word_1_507' title='bbox 925 3060 960 3063; x_wconf 91' lang='grc'><strong>-</strong></span> <span class='ocrx_word' id='word_1_508' title='bbox 1004 3042 1055 3072; x_wconf 71' lang='lat'>-20,</span> <span class='ocrx_word' id='word_1_509' title='bbox 1080 3042 1304 3081; x_wconf 71' lang='lat' dir='ltr'>fulgyoralores</span> <span class='ocrx_word' id='word_1_510' title='bbox 1330 3042 1352 3072; x_wconf 81' lang='grc' dir='ltr'>Β</span> <span class='ocrx_word' id='word_1_511' title='bbox 1388 3059 1422 3063; x_wconf 92' lang='grc'>-</span> <span class='ocrx_word' id='word_1_512' title='bbox 1467 3042 1783 3081; x_wconf 69' lang='lat' dir='ltr'>⁵32.p1·aecliccun1st</span> <span class='ocrx_word' id='word_1_513' title='bbox 1808 3040 1907 3072; x_wconf 89' lang='lat' dir='ltr'>Halm</span> <span class='ocrx_word' id='word_1_514' title='bbox 1941 3058 1976 3063; x_wconf 94' lang='lat'>—</span> <span class='ocrx_word' id='word_1_515' title='bbox 2007 3038 2059 3071; x_wconf 75' lang='lat'>24.</span> 
     </span>
     <span class='ocr_line' id='line_1_47' title="bbox 282 3089 2062 3132; baseline -0.002 -9"><span class='ocrx_word' id='word_1_516' title='bbox 282 3092 357 3132; x_wconf 77' lang='lat' dir='ltr'>sint]</span> <span class='ocrx_word' id='word_1_517' title='bbox 375 3095 450 3122; x_wconf 74' lang='lat' dir='ltr'>sunt</span> <span class='ocrx_word' id='word_1_518' title='bbox 473 3094 499 3122; x_wconf 69' lang='lat' dir='ltr'>A</span> <span class='ocrx_word' id='word_1_519' title='bbox 528 3109 562 3113; x_wconf 92' lang='lat'><strong>—</strong></span> <span class='ocrx_word' id='word_1_520' title='bbox 598 3092 761 3122; x_wconf 69' lang='lat' dir='ltr'>rationem</span> <span class='ocrx_word' id='word_1_521' title='bbox 785 3090 822 3122; x_wconf 76' lang='grc' dir='ltr'>Β1</span> <span class='ocrx_word' id='word_1_522' title='bbox 850 3109 884 3112; x_wconf 91' lang='grc'><strong>-</strong></span> <span class='ocrx_word' id='word_1_523' title='bbox 920 3091 971 3122; x_wconf 66' lang='grc'>28.</span> <span class='ocrx_word' id='word_1_524' title='bbox 999 3092 1167 3122; x_wconf 77' lang='lat' dir='ltr'>adsecutos</span> <span class='ocrx_word' id='word_1_525' title='bbox 1191 3092 1227 3122; x_wconf 64' lang='lat' dir='ltr'>B*</span> <span class='ocrx_word' id='word_1_526' title='bbox 1255 3109 1288 3113; x_wconf 88' lang='lat'><strong>—</strong></span> <span class='ocrx_word' id='word_1_527' title='bbox 1317 3091 1454 3129; x_wconf 63' lang='lat' dir='ltr'>sybillae</span> <span class='ocrx_word' id='word_1_528' title='bbox 1478 3092 1543 3128; x_wconf 68' lang='lat' dir='ltr'>AB,</span> <span class='ocrx_word' id='word_1_529' title='bbox 1570 3091 1696 3122; x_wconf 75' lang='lat' dir='ltr'>sibillae</span> <span class='ocrx_word' id='word_1_530' title='bbox 1721 3091 1747 3119; x_wconf 70' lang='lat' dir='ltr'><strong>V</strong></span> <span class='ocrx_word' id='word_1_531' title='bbox 1772 3109 1814 3113; x_wconf 97' lang='lat'><strong>—</strong></span> <span class='ocrx_word' id='word_1_532' title='bbox 1838 3090 1890 3121; x_wconf 71' lang='lat'>29.</span> <span class='ocrx_word' id='word_1_533' title='bbox 1917 3089 2062 3129; x_wconf 84' lang='lat' dir='ltr'>quadam</span> 
     </span>
     <span class='ocr_line' id='line_1_48' title="bbox 286 3139 2062 3181; baseline -0.002 -8"><span class='ocrx_word' id='word_1_534' title='bbox 286 3141 389 3173; x_wconf 84' lang='lat' dir='ltr'>codd.</span> <span class='ocrx_word' id='word_1_535' title='bbox 411 3141 494 3172; x_wconf 80' lang='lat' dir='ltr'>dett.</span> <span class='ocrx_word' id='word_1_536' title='bbox 516 3141 659 3172; x_wconf 80' lang='lat' dir='ltr'>Moseri:</span> <span class='ocrx_word' id='word_1_537' title='bbox 689 3141 854 3179; x_wconf 78' lang='lat' dir='ltr'>quaedam</span> <span class='ocrx_word' id='word_1_538' title='bbox 880 3141 903 3172; x_wconf 95' lang='lat' dir='ltr'>C</span> <span class='ocrx_word' id='word_1_539' title='bbox 929 3159 972 3163; x_wconf 97' lang='lat'><strong>—</strong></span> <span class='ocrx_word' id='word_1_540' title='bbox 996 3140 1048 3171; x_wconf 77' lang='lat'>32.</span> <span class='ocrx_word' id='word_1_541' title='bbox 1075 3144 1104 3171; x_wconf 82' lang='lat' dir='ltr'>et</span> <span class='ocrx_word' id='word_1_542' title='bbox 1129 3142 1161 3171; x_wconf 85' lang='grc' dir='ltr'><strong><em>ιή</em></strong></span> <span class='ocrx_word' id='word_1_543' title='bbox 1186 3144 1265 3178; x_wconf 66' lang='grc' dir='ltr'><em>(μιαί</em></span> <span class='ocrx_word' id='word_1_544' title='bbox 1289 3145 1413 3180; x_wconf 79' lang='lat' dir='ltr'>tempus</span> <span class='ocrx_word' id='word_1_545' title='bbox 1437 3141 1473 3178; x_wconf 83' lang='lat' dir='ltr'>B,</span> <span class='ocrx_word' id='word_1_546' title='bbox 1502 3140 1563 3172; x_wconf 84' lang='lat' dir='ltr'>sed</span> <span class='ocrx_word' id='word_1_547' title='bbox 1590 3142 1621 3171; x_wconf 82' lang='lat' dir='ltr'>in</span> <span class='ocrx_word' id='word_1_548' title='bbox 1647 3149 1723 3181; x_wconf 92' lang='lat' dir='ltr'>sup.</span> <span class='ocrx_word' id='word_1_549' title='bbox 1743 3139 1799 3171; x_wconf 92' lang='lat' dir='ltr'>lin.</span> <span class='ocrx_word' id='word_1_550' title='bbox 1828 3157 1862 3161; x_wconf 91' lang='lat'>—-</span> <span class='ocrx_word' id='word_1_551' title='bbox 1891 3140 1942 3171; x_wconf 81' lang='lat'>35.</span> <span class='ocrx_word' id='word_1_552' title='bbox 1964 3139 2062 3170; x_wconf 77' lang='lat' dir='ltr'>iidem</span> 
     </span>
     <span class='ocr_line' id='line_1_49' title="bbox 285 3188 2061 3229; baseline -0.002 -6"><span class='ocrx_word' id='word_1_553' title='bbox 285 3192 310 3223; x_wconf 92' lang='grc' dir='ltr'>Ο</span> <span class='ocrx_word' id='word_1_554' title='bbox 333 3209 366 3214; x_wconf 94' lang='grc'>-</span> <span class='ocrx_word' id='word_1_555' title='bbox 395 3200 535 3223; x_wconf 83' lang='lat' dir='ltr'>acomm.</span> <span class='ocrx_word' id='word_1_556' title='bbox 557 3193 582 3222; x_wconf 65' lang='lat' dir='ltr'>A</span> <span class='ocrx_word' id='word_1_557' title='bbox 610 3208 643 3212; x_wconf 97' lang='lat'><strong>—</strong></span> <span class='ocrx_word' id='word_1_558' title='bbox 672 3191 724 3222; x_wconf 84' lang='lat'>38.</span> <span class='ocrx_word' id='word_1_559' title='bbox 748 3200 826 3222; x_wconf 55' lang='lat' dir='ltr'>uere</span> <span class='ocrx_word' id='word_1_560' title='bbox 849 3199 952 3229; x_wconf 74' lang='lat' dir='ltr'>eaque</span> <span class='ocrx_word' id='word_1_561' title='bbox 976 3191 1166 3222; x_wconf 78' lang='lat' dir='ltr'>acrostichis</span> <span class='ocrx_word' id='word_1_562' title='bbox 1191 3191 1212 3221; x_wconf 84' lang='lat' dir='ltr'>B</span> <span class='ocrx_word' id='word_1_563' title='bbox 1234 3208 1268 3212; x_wconf 97' lang='lat'><strong>—</strong></span> <span class='ocrx_word' id='word_1_564' title='bbox 1296 3191 1471 3222; x_wconf 73' lang='lat' dir='ltr'>acrozhicis</span> <span class='ocrx_word' id='word_1_565' title='bbox 1487 3189 1538 3229; x_wconf 78' lang='lat' dir='ltr'>A¹,</span> <span class='ocrx_word' id='word_1_566' title='bbox 1567 3191 1757 3222; x_wconf 75' lang='lat' dir='ltr'>acroslhicis</span> <span class='ocrx_word' id='word_1_567' title='bbox 1774 3190 1801 3220; x_wconf 90' lang='lat' dir='ltr'>V</span> <span class='ocrx_word' id='word_1_568' title='bbox 1820 3207 1854 3212; x_wconf 88' lang='lat'>-</span> <span class='ocrx_word' id='word_1_569' title='bbox 1881 3198 1924 3221; x_wconf 53' lang='grc' dir='ltr'>θῶ</span> <span class='ocrx_word' id='word_1_570' title='bbox 1943 3188 2061 3228; x_wconf 82' lang='lat' dir='ltr'>primis</span> 
     </span>
     <span class='ocr_line' id='line_1_50' title="bbox 284 3238 2061 3282; baseline -0.001 -10"><span class='ocrx_word' id='word_1_571' title='bbox 284 3242 440 3281; x_wconf 76' lang='lat' dir='ltr'>cuiusque</span> <span class='ocrx_word' id='word_1_572' title='bbox 464 3249 575 3272; x_wconf 71' lang='lat' dir='ltr'>versus</span> <span class='ocrx_word' id='word_1_573' title='bbox 599 3240 716 3271; x_wconf 81' lang='lat' dir='ltr'>litteris</span> <span class='ocrx_word' id='word_1_574' title='bbox 740 3241 866 3282; x_wconf 88' lang='lat' dir='ltr'>scripsi</span> <span class='ocrx_word' id='word_1_575' title='bbox 892 3242 968 3281; x_wconf 85' lang='lat' dir='ltr'>(nisi</span> <span class='ocrx_word' id='word_1_576' title='bbox 992 3239 1092 3272; x_wconf 87' lang='lat' dir='ltr'>malis</span> <span class='ocrx_word' id='word_1_577' title='bbox 1115 3249 1159 3272; x_wconf 64' lang='lat' dir='ltr'>ear</span> <span class='ocrx_word' id='word_1_578' title='bbox 1178 3241 1281 3281; x_wconf 75' lang='lat' dir='ltr'>primi</span> <span class='ocrx_word' id='word_1_579' title='bbox 1305 3249 1418 3273; x_wconf 75' lang='lat' dir='ltr'>versus</span> <span class='ocrx_word' id='word_1_580' title='bbox 1441 3239 1514 3272; x_wconf 89' lang='lat' dir='ltr'>scil.</span> <span class='ocrx_word' id='word_1_581' title='bbox 1534 3242 1646 3282; x_wconf 88' lang='lat' dir='ltr'>prima</span> <span class='ocrx_word' id='word_1_582' title='bbox 1669 3239 1786 3272; x_wconf 88' lang='lat' dir='ltr'>littera</span> <span class='ocrx_word' id='word_1_583' title='bbox 1806 3240 1925 3280; x_wconf 80' lang='lat' dir='ltr'>primis</span> <span class='ocrx_word' id='word_1_584' title='bbox 1948 3238 2061 3271; x_wconf 79' lang='lat' dir='ltr'>cuius-</span> 
     </span>
    </p>
   </div>
  </div>
 </body>
</html>
