2249 3624
425 145 512 184 Lm.
543 145 573 185 1.
616 145 711 185 cst.
742 145 1108 185 XLvl—XLVH.
1146 143 1205 197 §5
1238 142 1405 184 Ι109-πί
1418 142 1483 185 Ιιε).
1755 140 1837 185 247

88 256 198 296 mina
227 253 356 306 ipsam
386 251 602 302 Neptunus
634 250 783 290 obruet
815 263 937 304 quam
970 250 1185 290 Salaminii
1217 251 1371 304 tropaei
1404 252 1664 297 memoriam,
1704 250 1838 303 prius-

90 330 171 370 que
200 312 367 355 Boeotia
397 312 573 351 Leuctra
604 312 802 351 tollentur
832 325 955 365 quam
978 326 1140 365 pugnae
1166 313 1403 353 Leuctricae
1426 313 1568 365 gloria.
1612 312 1742 352 Multo
1767 326 1838 352 au-

89 385 170 419 tem
200 375 351 417 tardius
382 373 488 413 fama
520 374 682 413 deseret
710 373 898 420 Curium,
931 375 1187 421 Fabricium,
1220 375 1471 422 Calatinum,
1504 376 1586 415 duo
1609 374 1837 427 Scipiones,

89 441 170 480 duo
201 437 435 482 Africanos,
474 436 723 482 Maximum,
764 436 1025 482 Marcellum,
1060 437 1248 483 Paulum,
1283 437 1502 484 Catonem,
1536 436 1744 481 Laelium,
1776 435 1837 473 in-

88 497 354 542 numerabilis
392 498 520 537 alios:
565 511 743 550 quorum
782 498 1096 538 similitudinem
1137 499 1319 552 aliquam
1361 501 1431 552 qui
1470 499 1712 552 arripuerit,
1754 510 1869 538 non5

31 564 33 567 ’
88 578 175 605 eam
205 561 311 601 fama
341 560 557 613 populari,
597 559 668 598 sed
702 573 797 599 vcra
835 560 1038 600 bonorum
1072 561 1192 600 laude
1226 562 1399 601 metiens
1431 562 1574 602 fidenti
1605 561 1763 606 animo,
1805 559 1839 598 si

87 629 139 667 ita
169 637 232 664 res
262 622 387 670 feret,
419 622 629 674 gradietur
658 620 707 661 ad
738 628 924 668 mortem,
957 623 997 661 in
1031 636 1113 676 qua
1145 629 1215 663 aut
1237 638 1443 664 summum
1466 624 1621 663 bonum
1649 628 1719 662 aut
1748 621 1840 661 nul-

85 690 166 729 lum
196 685 348 725 malum
380 698 471 724 esse
502 684 783 736 cognovimus.
836 684 1037 724 Secundis
1062 698 1156 724 vero
1179 686 1264 725 suis
1293 687 1416 726 rebus
1440 687 1549 726 volet
1570 687 1691 726 etiam
1715 685 1840 732 mori;

84 763 166 790 non
211 748 318 788 enim
363 753 444 786 tam
491 745 680 784 cumulus
725 746 925 785 bonorum
973 747 1179 786 iucundus
1221 761 1311 787 esse
1347 754 1482 801 potest
1513 762 1637 800 quam
1669 746 1843 786 molesta

84 810 283 851 decessio.
335 805 350 848 l
370 806 378 846 l
398 805 427 847 l.
460 808 576 846 Hanc
607 808 854 847 sententiam
887 806 1120 859 significare
1143 809 1308 849 videtur
1330 810 1507 850 Laconis
1529 810 1599 850 illa
1622 823 1722 856 vox,
1755 809 1890 862 qui,10

82 887 174 914 cum
204 871 391 911 Rhodius
423 871 642 922 Diagoras,
684 869 997 923 Olympionices
1035 870 1208 918 nobilis,
1252 885 1333 911 uno
1377 872 1443 912 die
1489 876 1568 912 duo
1607 886 1702 912 suos
1735 869 1841 910 lilios

82 936 256 976 victores
289 933 507 987 Olympiae
541 931 732 979 vidisset,
775 933 950 972 accessit
988 933 1039 972 ad
1080 947 1220 974 senem
1263 940 1303 974 et
1333 935 1585 986 gratulatus:
1632 935 1840 978 «Morere,

80 998 298 1050 Diagora,»
333 995 490 1049 inquit;
527 1007 634 1034 «non
667 995 776 1034 enim
808 994 849 1033 in
881 995 1041 1034 caelum
1072 1009 1319 1036 ascensurus
1352 1010 1439 1036 es.»
1489 998 1639 1049 Magna
1669 996 1770 1035 haec
1803 1000 1844 1035 et

83 1060 256 1100 nimium
287 1058 462 1098 fortasse
494 1056 638 1096 Graeci
671 1061 816 1109 putant
844 1057 910 1097 vel
942 1063 1028 1097 tum
1059 1059 1196 1110 potius
1230 1059 1449 1111 putabant,
1490 1059 1629 1112 isque,
1662 1058 1731 1110 qui
1764 1057 1844 1096 hoc

81 1123 284 1174 Diagorae
325 1120 450 1165 dixit,
490 1131 760 1171 permagnum
804 1119 1047 1160 existimans
1087 1121 1158 1160 tris
1201 1121 1514 1174 Olympionicas
1552 1133 1633 1159 una
1664 1133 1685 1159 e
1718 1119 1842 1159 domo
1858 1132 1894 1160 45

82 1184 264 1238 prodire,
297 1182 479 1222 cunctari
511 1181 630 1220 illum
662 1181 817 1220 diutius
849 1182 891 1220 in
918 1182 1000 1222 vita
1030 1182 1223 1223 fortunae
1256 1184 1463 1222 obiectum
1495 1183 1643 1222 inutile
1675 1182 1846 1235 putabat

81 1247 171 1301 ipsi.
225 1247 308 1298 Ego
339 1250 475 1284 autem
509 1244 583 1283 tibi
617 1243 809 1297 quidem,
850 1245 960 1296 quod
994 1246 1094 1285 satis
1126 1251 1258 1293 esset,
1299 1245 1443 1298 paucis
1475 1245 1631 1292 verbis,
1672 1250 1716 1284 ut
1748 1244 1845 1284 mihi

81 1310 273 1355 videbar,
316 1308 628 1360 responderam.
689 1306 961 1347 Concesseras
1004 1307 1113 1346 enim
1152 1308 1268 1348 nullo
1309 1307 1351 1346 in
1384 1307 1491 1347 malo
1523 1313 1708 1346 mortuos
1741 1320 1845 1354 esse,

81 1373 152 1413 sed
190 1372 241 1411 ob
274 1383 364 1410 eam
406 1382 571 1408 causam
614 1369 834 1416 contendi,
878 1374 923 1408 ut
954 1369 1073 1422 plura
1103 1369 1306 1417 dicerem,
1347 1369 1460 1423 quod
1493 1369 1535 1408 in
1566 1368 1774 1408 desiderio
1807 1374 1848 1408 et

81 1436 193 1475 luctu
232 1434 333 1473 baec
377 1438 439 1471 est
481 1430 711 1470 consolatio
744 1431 936 1471 maxima.
987 1433 1180 1474 Nostrum
1213 1433 1322 1471 enim
1354 1437 1394 1472 et
1428 1438 1569 1472 nostra
1602 1443 1726 1470 causa
1757 1444 1897 1474 sus-20

81 1502 247 1550 ceptum
291 1494 476 1535 dolorem
518 1492 679 1532 modice
717 1492 823 1533 ferre
855 1493 1073 1541 debemus,
1116 1508 1167 1534 ne
1198 1501 1360 1534 nosmet
1396 1495 1508 1547 ipsos
1540 1507 1677 1534 amare
1709 1492 1849 1533 videa-

83 1572 185 1598 mur.
238 1557 312 1597 llla
344 1556 527 1608 suspicio
558 1555 808 1595 intolerabili
842 1555 985 1596 dolore
1018 1557 1193 1604 cruciat,
1240 1558 1273 1597 si
1305 1558 1527 1610 opinamur
1559 1570 1654 1604 eos,
1697 1557 1848 1609 quibus

83 1621 216 1661 orbati
247 1633 413 1665 sumus,
452 1631 543 1658 esse
576 1631 668 1657 cum
700 1618 842 1671 aliquo
875 1632 998 1659 sensu
1030 1621 1073 1659 in
1102 1620 1149 1659 iis
1182 1620 1300 1660 malis
1334 1621 1486 1674 quibus
1520 1620 1641 1672 volgo
1673 1619 1850 1672 opinan-

85 1689 162 1722 tur.
214 1682 332 1721 Hanc
375 1687 570 1720 excutere
603 1680 846 1732 opinionem
888 1682 1077 1722 mihimet
1107 1683 1219 1722 volui
1251 1683 1471 1730 radicitus,
1513 1695 1649 1736 eoque
1679 1681 1737 1722 fui
1767 1681 1851 1721 for-

85 1750 193 1783 tasse
234 1743 409 1796 longior.
472 1744 635 1782 XLVII.
670 1739 683 1781 ³l
700 1739 762 1782 12.
804 1744 851 1783 Α.
891 1745 953 1784 Tu
990 1744 1186 1798 longior?
1226 1758 1311 1784 non
1352 1745 1452 1784 mihi
1493 1744 1675 1798 quidem.
1734 1745 1900 1787 Priora,

88 1918 206 1949 Latine
230 1915 364 1953 Mylasii
389 1917 421 1946 et
445 1914 709 1953 Alabandenses).
747 1915 784 1945 R.
811 1917 846 1946 P.
874 1916 912 1953 ΙΙ,
938 1914 978 1946 28
1005 1916 1038 1946 et
1061 1917 1128 1947 ΑΗ,
1156 1916 1209 1953 IX,
1238 1916 1288 1953 49,
1316 1915 1333 1946 3
1360 1915 1541 1948 Crotonem.
1568 1917 1637 1954 Vll,
1665 1917 1716 1955 Μ,
1743 1918 1755 1949 l
1785 1916 1854 1949 An·

86 1974 208 1997 canem.
237 1965 332 1996 OI'tic.
361 1965 400 2002 II,
425 1964 460 1995 81
491 1973 545 2004 sq.
574 1967 607 1995 et
630 1966 696 1995 Att.
725 1965 748 2001 I,
775 1965 827 2003 213,
856 1966 866 1995 t
898 1965 1079 2003 Sicyonem.
1107 1966 1192 2003 XVI,
1219 1966 1248 2002 6,
1271 1966 1282 1995 4
1318 1965 1477 1997 l'ibonem.
1505 1968 1606 1998 Caes.
1624 1967 1660 1998 B.
1681 1969 1718 1998 G.
1745 1968 1853 2006 Vl1,7

85 2015 283 2047 Narbonem.
322 2013 523 2045 Laudantur
548 2016 666 2044 contra
692 2014 725 2044 hi
751 2013 838 2045 loci:
866 2016 903 2046 N.
933 2015 970 2045 D.
991 2015 1015 2052 Ι,
1036 2015 1087 2045 19.
1116 2015 1174 2045 ubi
1200 2015 1358 2047 Moser-us
1385 2025 1424 2046 ex
1451 2015 1608 2056 plurimis
1633 2016 1735 2048 codd.
1755 2017 1855 2048 Eleu-

81 2068 187 2096 sinam
219 2066 387 2100 sanctam3
422 2063 518 2094 inulti
551 2063 652 2095 codd.
680 2064 880 2102 Eleusinem,
916 2067 952 2094 ut
983 2065 1050 2095 Liv.
1078 2065 1199 2101 XXXI,
1226 2065 1286 2101 ‘⁴263
1322 2068 1490 2097 Gruterus
1513 2067 1688 2105 Eleusina,
1721 2069 1757 2098 ut
1782 2067 1851 2098 Liv.

83 2115 197 2151 XXXI,
224 2114 284 2144 ⁶25:
314 2111 429 2144 Fatnil.
456 2113 540 2151 XVI,
569 2114 620 2151 12,
647 2114 666 2144 -2
691 2114 815 2145 Medic.
834 2115 1014 2147 Anconam.
1043 2116 1078 2145 ut
1103 2123 1144 2145 ex
1170 2114 1252 2145 dett.
1280 2115 1382 2147 codd.
1410 2115 1534 2156 legitur
1558 2116 1701 2158 Philipp.
1724 2117 1853 2155 x11,⁶23

82 2171 115 2199 et
140 2175 185 2197 ex
211 2164 311 2196 codd.
341 2164 458 2195 nescio
484 2164 612 2203 quibus
637 2165 737 2195 Caes.
767 2165 802 2195 B.
831 2165 868 2194 (J.
897 2165 919 2201 Ι,
948 2164 998 2194 Η,
1032 2165 1073 2194 At
1098 2164 1302 2195 incredibile
1324 2168 1376 2196 est
1395 2167 1602 2198 Ciceronem
1621 2168 1752 2197 Graeco
1771 2174 1854 2197 casu

84 2218 215 2248 mutata
240 2213 475 2246 declinatione
501 2214 729 2252 Salaminam,
755 2214 945 2245 Eleusinam
969 2215 1162 2254 scripsisse,
1191 2215 1249 2254 qui
1275 2214 1467 2246 «barbaro»
1496 2217 1599 2256 (Orat.
1626 2217 1645 2256 δ
1672 2216 1745 2254 460)
1770 2224 1854 2247 casu

81 2267 248 2300 servarim
283 2264 324 2296 cf.
353 2262 450 2294 offic.
478 2264 509 2302 I,
537 2264 571 2294 61
603 2265 637 2294 ct
660 2266 726 2295 Att.
754 2264 808 2301 VI,
838 2265 866 2299 1,
895 2263 912 2294 6
937 2263 1116 2294 Salamine.
1155 2265 1221 2294 Att.
1250 2263 1309 2303 VI,
1337 2266 1367 2302 Ι1,
1394 2265 1434 2296 26
1460 2268 1493 2297 et
1517 2266 1548 2304 6,
1575 2266 1593 2296 2
1616 2266 1783 2304 Eleusine,
1816 2267 1855 2297 ut

83 2317 153 2347 Liv.
180 2315 294 2351 XXXI,
322 2313 373 2344 ⁵26.
402 2313 497 2344 Ossic.
527 2314 550 2352 I,
578 2314 611 2344 61
642 2314 850 2344 Marathone.
880 2313 989 2344 Divin.
1017 2314 1040 2351 I,
1068 2312 1106 2344 47
1133 2313 1300 2352 Babylone
1331 2316 1379 2354 (ut
1403 2315 1435 2346 in
1462 2316 1637 2353 Italorum,
1664 2314 1852 2356 Gallorum,

86 2366 317 2406 Hispanorum
343 2362 480 2403 oppidis
505 2372 666 2403 semper:
694 2364 866 2401 Sulmone,
899 2362 1032 2400 Vibone,
1058 2362 1232 2401 narbone,
1261 2364 1473 2404 Tarracone).
1502 2365 1601 2403 Quod
1625 2365 1851 2403 recentiores,

84 2419 121 2448 ut
145 2416 308 2451 Iustinus,
335 2414 551 2454 scripserunt
576 2414 795 2452 Salaminam,
821 2413 1032 2450 Salaminae,
1059 2412 1101 2443 ad
1128 2414 1305 2445 Ciceronis
1329 2416 1481 2446 aetatem
1499 2414 1579 2446 nihil
1596 2415 1759 2456 pertinet.
1788 2414 1854 2453 (Sic

83 2465 260 2498 Scholiast.
293 2464 486 2501 Bobiensis,
513 2473 592 2495 cum
619 2464 660 2495 ad
687 2466 821 2496 Sestian
863 2472 892 2494 c.
919 2464 958 2494 57
984 2464 1155 2504 Nepotem
1181 2463 1282 2494 tacite
1308 2463 1527 2504 compilaret,
1555 2473 1595 2495 ex
1620 2463 1706 2496 illius
1728 2465 1854 2503 partim

83 2516 270 2553 Salamina,
292 2515 418 2554 partim
443 2514 607 2545 Troezena
632 2514 712 2545 fecit
730 2523 766 2554 p.
793 2514 1020 2551 Salaminam,
1044 2523 1076 2552 p.
1099 2513 1320 2552 Troezenam.)
1356 2515 1470 2555 Nepos
1490 2514 1632 2557 quidem
1653 2514 1852 2545 accusativo

84 2574 166 2597 casu
184 2565 324 2604 scripsit
340 2564 515 2594 Salamina
533 2564 697 2604 (quater),
723 2564 937 2601 Marathona,
967 2563 1141 2600 Troezena,
1166 2566 1357 2602 Strymona,
1377 2565 1635 2603 Lacedaemona,
1656 2564 1854 2595 Timoleonta

85 2616 133 2656 (ut
156 2614 322 2651 Arcadas,
347 2614 568 2652 Athamanas,
594 2613 753 2645 Chaonas.
793 2612 930 2645 Caelius
955 2611 1072 2644 Famil.
1099 2613 1192 2650 VIII,
1222 2614 1273 2651 -IO,
1301 2614 1319 2644 2
1342 2614 1482 2645 Arabas.
1509 2615 1579 2645 Cic.
1608 2614 1718 2646 Divin.
1745 2614 1784 2652 II,
1811 2613 1852 2645 96

81 2664 266 2703 Aethiopas.
294 2664 329 2694 R.
356 2665 391 2694 P.
419 2664 479 2701 III,
506 2664 546 2694 ⁶25
571 2663 732 2694 Arcadas.
767 2664 897 2694 Caesar
921 2662 1108 2702 phalanyas
1132 2665 1166 2693 et
1189 2662 1244 2693 vel
1270 2663 1302 2693 in
1328 2662 1463 2695 Gallicis
1489 2663 1624 2704 populis
1647 2663 1851 2704 Allobrogas,

85 2715 243 2752 Senonas,
269 2713 459 2753 Lingonas).
498 2713 597 2751 Quod
622 2714 745 2744 attinet
769 2713 813 2743 ad
836 2713 1004 2744 Anconam
1028 2715 1061 2743 et
1087 2713 1264 2744 Crotonam
1293 2714 1375 2751 (Liv.
1402 2715 1426 2751 I,
1454 2714 1493 2745 48
1517 2713 1656 2745 Archet.
1683 2712 1747 2745 sed
1771 2715 1851 2744 ante

84 2763 216 2796 litteras
240 2764 293 2801 iu,
321 2765 358 2793 ut
382 2763 500 2794 Iustin.
526 2763 596 2801 XX,
623 2762 675 2801 4),
703 2763 746 2794 de
772 2763 933 2794 codicum
959 2762 1027 2793 fide
1053 2762 1213 2794 dubitare
1237 2762 1334 2799 licet;
1361 2764 1443 2794 Livii
1463 2763 1606 2803 quidem
1624 2764 1750 2794 ceteris
1767 2761 1852 2795 locis

86 2813 211 2853 (XXIII,
238 2813 290 2844 30.
317 2812 432 2850 XXIV,
460 2813 489 2843 2.
517 2812 546 2843 3.
573 2812 718 2850 XXXIV,
745 2812 795 2851 45)
829 2811 954 2851 legitur
980 2812 1098 2851 Croto,
1133 2814 1298 2851 Crotonis,
1333 2813 1547 2844 Crotonem
1572 2811 1666 2852 (ter),
1701 2812 1850 2845 Crotone.

84 2862 170 2898 Sed,
199 2864 234 2892 ut
259 2862 393 2899 Cicero,
422 2862 562 2899 Caesar,
589 2863 703 2894 Livius
727 2863 777 2894 sic
802 2863 1026 2902 scripserint,
1053 2864 1171 2893 tamen
1196 2862 1288 2893 aliud
1315 2865 1367 2894 est
1391 2863 1425 2894 in
1443 2863 1762 2896 Graeco—Romanis
1787 2872 1851 2904 op-

85 2912 174 2953 pidis
199 2913 369 2942 mutatam
394 2910 665 2943 declinationem
691 2921 770 2943 esse
797 2912 849 2950 (cs.
872 2913 1059 2951 Tarentum,
1079 2913 1262 2952 Sipontum,
1281 2913 1507 2953 Ayriyentum,
1533 2911 1591 2952 a1.,
1609 2914 1644 2944 et
1661 2912 1703 2944 de
1721 2920 1850 2952 genere

86 2961 235 2993 Crotonis
258 2962 391 2991 mutato
417 2961 574 3001 Madvigii
598 2961 698 2993 Obss.
718 2961 761 2993 de
779 2970 841 2992 sua
859 2963 1087 3002 grammatica
1106 2971 1139 3002 p.
1159 2962 1224 3001 ⁶25),
1251 2961 1343 2993 aliud
1360 2962 1517 2994 Iocorum
1534 2971 1618 2994 vere
1636 2963 1850 2994 Graecorum

88 3011 227 3042 nomina
259 3010 308 3041 sic
340 3018 418 3042 esse
451 3010 652 3051 depravata.
699 3012 856 3052 Denique
890 3022 958 3045 non
991 3014 1130 3050 mirum,
1157 3013 1185 3044 si
1210 3015 1289 3044 ante
1314 3013 1422 3052 ipsam
1447 3015 1481 3045 et
1506 3014 1562 3054 (N.
1588 3013 1627 3044 D.
1654 3011 1674 3043 l.
1702 3011 1745 3051 c.)
1771 3013 1850 3043 ante

88 3064 237 3092 sanctam
253 3061 384 3091 indocti
400 3059 531 3092 librarii
546 3070 578 3092 m
595 3061 825 3099 addiderunt;
852 3063 894 3095 cf.
914 3064 934 3104 §
952 3064 1013 3095 445
1033 3063 1183 3103 (Archet.
1203 3070 1332 3093 omnes
1356 3063 1480 3094 amicos
1499 3071 1562 3103 pro
1587 3061 1695 3093 omni
1717 3060 1852 3098 amicos)

91 3112 126 3141 et
149 3109 193 3141 ad
216 3109 236 3150 §
260 3109 335 3140 90.»
362 3110 415 3141 W.
446 3128 479 3132 —
515 3111 543 3140 4.
571 3111 695 3150 trophei
720 3111 782 3142 GB
810 3130 844 3134 —
879 3113 910 3144 ἰ).
937 3112 1045 3144 bootia
1069 3114 1093 3143 G
1110 3113 1153 3149 R;
1186 3111 1292 3142 boetia
1315 3112 1338 3142 B
1367 3129 1402 3134 —
1429 3121 1514 3152 quae
1533 3120 1666 3153 pugnae
1690 3112 1765 3143 GR.
1798 3110 1848 3143 Cf.

92 3159 133 3200 §§
158 3160 233 3195 ⁴07,
260 3159 332 3190 409.
362 3177 395 3181 —
423 3158 453 3189 3.
480 3159 616 3191 desseret
639 3161 663 3190 G
692 3177 726 3181 —
762 3160 793 3191 6.
819 3161 945 3193 Fidenli
968 3162 1079 3192 animo
1097 3179 1142 3185 --
1159 3171 1224 3193 esse
1247 3162 1456 3202 coynovimus
1479 3163 1676 3194 Lactantius
1700 3162 1770 3199 VII,
1796 3161 1849 3192 40.

94 3227 128 3232 —
156 3210 187 3241 7.
211 3219 264 3242 res
290 3210 372 3250 feret
394 3208 603 3241 Lambinus:
636 3210 735 3249 refert
759 3210 804 3248 C;
836 3220 888 3242 res
916 3212 979 3251 fert
1004 3210 1069 3243 alii.
1098 3230 1133 3235 —
1172 3211 1202 3243 9.
1230 3215 1298 3242 tam
1322 3220 1499 3254 superscr.
1526 3212 1603 3244 ead.
1630 3220 1676 3243 m.
1703 3212 1738 3243 in
1761 3212 1787 3243 G
1812 3228 1846 3234 -

94 3259 146 3291 Μ.
172 3259 392 3300 Olimpionices
416 3259 482 3292 GR
509 3278 544 3284 -
571 3260 622 3292 45.
650 3260 709 3291 tris
731 3260 774 3292 B:
801 3264 866 3294 tres
888 3261 990 3294 GRO
1019 3279 1053 3284 —
1078 3261 1132 3294 22.
1157 3261 1367 3294 intollerabili
1390 3263 1417 3295 R
1441 3280 1476 3286 —
1503 3262 1556 3296 23.
1581 3263 1616 3295 in
1638 3262 1686 3294 his
1710 3261 1747 3294 C.
