2249 3624
723 193 810 233 Lm.
835 194 901 234 IV.
945 194 1041 235 CAP.
1066 195 1246 236 VI—X.
1286 194 1345 249 §§
1365 194 1531 236 6—0102.
1929 198 2010 239 837

244 304 423 356 iurgant,
463 300 613 353 inquit.
673 299 979 340 Benevolorum
1022 303 1298 350 concertatio,
1340 316 1419 343 non
1453 303 1502 343 lis
1534 303 1796 345 inimicorum
1829 307 2008 360 iurgium

246 367 404 407 dicitur.
463 363 518 402 Et
548 363 590 401 in
620 364 819 414 sequenti:
870 364 1033 416 iurgare
1071 366 1197 417 igitur
1235 366 1303 405 lex
1340 371 1458 420 putat
1488 367 1597 406 inter
1627 381 1670 407 se
1703 368 1883 417 vicinos,
1924 384 2008 410 non

244 429 417 482 litigare.
478 425 679 478 (Nonius
712 439 747 464 v.
780 426 957 478 Ιιἰιιῃιίιηι
991 442 1029 480 p.
1048 425 1157 481 430.)

352 490 405 529 M.
432 487 584 527 Tullius
613 487 658 527 (le
688 501 730 526 re
754 488 861 539 publ.
894 490 958 528 lib.
983 491 1089 530 IIII:
1121 490 1291 531 eosdem
1325 492 1526 531 terminos
1558 492 1773 532 hominum
1805 508 1928 534 curae
1951 501 2010 535 at-

244 567 324 609 que
355 552 487 598 vitae;
530 550 590 590 sic
623 548 835 603 pontificio
880 552 968 591 iure
1001 554 1237 593 sanctitudo
1270 554 1510 608 sepulturae
1543 584 1552 594 .
1585 584 1595 594 .
1630 586 1639 594 .
1703 554 1932 607 (Nonius
1973 563 2042 598 v.5

242 613 457 657 sanctitudo
490 627 530 666 p.
557 609 664 666 7174.)

350 676 406 716 Μ.
431 676 585 714 Tullius
614 676 659 714 de
680 676 846 727 republ.
870 676 934 715 lib.
952 677 1062 717 IIII:
1093 677 1205 730 quod
1237 678 1470 732 insepultos
1502 679 1775 733 reliquissent
1795 695 1879 729 eos,
1902 696 2010 736 quos

242 755 262 782 e
293 739 392 780 mari
423 743 594 792 propter
626 738 709 777 vim
742 740 1002 791 tempestatis
1035 738 1230 792 excipere
1262 754 1344 780 non
1376 743 1628 794 potuissent,
1660 743 1906 784 innocentes
1939 758 2010 784 ne-

240 802 433 844 caverint.
496 798 706 852 (Nonius
736 814 773 840 v·
805 803 986 853 excipere
1017 817 1054 856 p.
1077 800 1186 855 ¹293.)

348 866 403 905 M.
428 864 581 903 Tullius
611 863 656 902 de
678 876 719 903 re
735 864 843 916 publ.
865 865 929 903 lib.
946 866 1053 904 IIII:
1084 866 1169 904 Nec
1200 866 1240 905 in
1271 866 1349 905 hac
1381 867 1644 908 dissensione
1675 871 1840 922 suscepi
1863 870 2010 923 populi
2025 876 2060 905 40

237 941 424 974 causam,
457 925 529 965 sed
561 925 780 965 bonorum.
843 924 1048 978 (Nonius
1081 940 1170 979 cap.
1194 927 1291 975 Xll,
1324 943 1363 981 p.
1387 926 1495 980 519.)

349 990 484 1030 Cicero
515 989 558 1027 in
588 990 677 1027 IIII
703 990 748 1028 de
779 1001 821 1027 re
847 989 1030 1040 publica:
1061 991 1152 1028 Non
1185 990 1295 1029 enim
1327 990 1447 1030 facile
1480 991 1633 1031 valenti
1667 992 1822 1046 populo
1853 994 2010 1034 resisti-

237 1058 322 1101 tur,
353 1052 387 1092 si
420 1057 492 1091 aut
523 1051 629 1091 nihil
661 1052 763 1091 iuris
796 1051 1010 1104 impertias
1042 1058 1115 1092 aut
1145 1066 1305 1106 parum.
1353 1052 1656 1105 (Priscianus
1688 1056 1776 1102 XV,
1808 1053 1846 1104 4,
1877 1055 1905 1108 ἕ
1928 1055 2008 1109 C20.)

345 1114 401 1154 M.
439 1114 592 1153 Tullius
633 1114 677 1154 de
708 1126 750 1154 re
773 1114 882 1166 publ.
915 1114 979 1153 lib.
1007 1115 1117 1153 IIII:
1180 1115 1245 1154 cui
1283 1116 1454 1169 quidem
1492 1116 1654 1156 utinam
1694 1131 1791 1157 vere
1830 1116 2010 1159 fideliter

236 1176 265 1230 ἦ·
289 1176 547 1217 abundiente
579 1177 887 1229 auguraverim.
948 1175 1154 1229 (Nonius
1187 1191 1223 1216 v.
1256 1191 1410 1230 auquro
1441 1193 1479 1231 p.
1505 1176 1615 1232 4169.)
2023 1188 2059 1218 45

345 1241 418 1280 IX.
465 1237 504 1279 9.
549 1240 721 1279 Frustra
762 1240 834 1278 hoc
871 1241 1118 1280 exclamante
1158 1242 1364 1288 Cicerone,
1404 1242 1472 1293 qui
1511 1254 1599 1280 cum
1629 1243 1672 1282 de
1696 1244 1826 1295 poetis
1855 1250 2009 1296 uqeret:

235 1303 298 1344 Ad
331 1316 438 1357 quos
470 1314 563 1342 cum
595 1302 791 1349 accessit,
824 1304 972 1354 inquit,
1007 1303 1164 1342 clamor
1195 1309 1236 1342 et
1266 1303 1510 1356 adprobatio
1544 1304 1687 1358 populi
1720 1306 1839 1359 quasi
1871 1307 2009 1359 magni

234 1365 451 1406 cuiusdam
482 1369 522 1405 et
553 1365 754 1418 sapientis
786 1365 987 1417 magistri,
1020 1379 1123 1418 quas
1154 1365 1214 1404 illi
1247 1365 1463 1405 obducunt
1494 1367 1713 1406 tenebras!
1754 1382 1860 1421 quos
1892 1369 2010 1409 inve-

234 1429 340 1467 hunt
369 1428 530 1467 metus!
586 1441 690 1481 quas
731 1425 990 1467 inflammant
1029 1428 1301 1481 cupiditates!
1366 1427 1699 1481 (Augustinus
1740 1431 1784 1470 de
1813 1432 1918 1472 eicit.
1948 1433 2009 1471 dei

234 1492 294 1539 ΙΙ,
327 1488 408 1542 Ι14.)
2022 1500 2059 1530 20

346 1554 471 1606 Neqat
502 1554 660 1600 Cicero,
702 1554 738 1592 si
767 1553 988 1605 duplicetur
1017 1553 1093 1592 sibi
1123 1559 1256 1600 aetas,
1297 1553 1526 1593 habiturum
1555 1568 1594 1594 se
1625 1560 1774 1608 tempus
1803 1571 1878 1609 quo
1909 1559 2011 1610 ἱεραί

234 1617 393 1670 lyricos.
446 1613 657 1668 (Seneca
688 1630 744 1668 ep.
776 1614 851 1663 49,
884 1614 912 1667 ἕ
935 1614 987 1669 ὃ.)

348 1680 399 1719 X.
436 1676 501 1718 Ι10.
532 1680 703 1730 Itemque
725 1680 909 1728 Romani,
941 1678 1122 1730 quamvis
1151 1679 1234 1717 iam
1264 1680 1541 1730 superstitione
1570 1681 1698 1720 noxia
1725 1688 2010 1733 premerentur,

233 1746 277 1781 ut
306 1742 397 1781 illos
426 1741 517 1780 deos
547 1742 731 1787 colerent,
765 1755 863 1794 quos
891 1742 1071 1780 ziclebcmc
1101 1741 1175 1780 sibi
1208 1742 1374 1781 coluisse
1404 1743 1605 1781 scaenicas
1635 1745 1899 1795 turpitudines
1920 1758 2012 1784 con-

233 1805 397 1849 secrari,
428 1817 521 1843 suae
551 1810 681 1843 tamen
710 1804 919 1856 diyrzitatis
949 1816 1139 1843 memores
1169 1818 1216 1843 ac
1239 1805 1410 1857 pudoris
1440 1811 1592 1844 actores
1622 1807 1763 1845 talium
1782 1808 2011 1858 fabularum
2023 1813 2062 1843 *25

232 1879 479 1919 nequaquam
508 1867 803 1906 honorat-erunt
840 1880 949 1906 more
982 1867 1252 1917 Graecorum,
1295 1868 1359 1906 secl
1389 1869 1492 1906 sicut
1521 1869 1626 1919 apud
1657 1869 1879 1908 Ciceronem
1910 1870 2011 1910 idem

232 1929 366 1981 Scipio
397 1929 597 1981 loquitur:
631 1929 731 1969 Cum
763 1934 894 1968 artem
925 1929 1128 1969 ludicram
1160 1944 1440 1983 scaenamque
1474 1936 1599 1970 totam
1634 1931 1676 1970 in
1708 1932 1859 1985 probro
1883 1932 2010 1971 duce-

233 1996 345 2038 rent,
387 2004 519 2044 genus
558 1991 599 2031 id
639 1992 856 2031 hominum
898 2005 983 2032 non
1026 1992 1151 2032 modo
1183 1993 1345 2032 honore
1378 1993 1530 2032 civium
1561 1993 1823 2046 reliquorum
1856 2007 2009 2041 carere,

233 2053 307 2093 sed
340 2054 464 2093 etiam
496 2054 605 2094 tribu
636 2055 796 2094 moveri
828 2055 1046 2095 notatione
1081 2056 1271 2096 censoria
1301 2055 1538 2095 voluerunt.
1601 2054 1934 2109 (Augustinus
1965 2057 2010 2096 (Ie

233 2116 338 2156 civit.
369 2116 430 2155 dei
460 2116 516 2163 ll,
540 2113 622 2169 l3.)
2021 2125 2058 2156 30

345 2175 360 2217 sl
380 2175 411 2218 l.
447 2178 551 2228 Quid
581 2186 711 2219 autem
741 2180 833 2219 hinc
862 2181 1055 2220 senserint
1076 2181 1248 2220 Romani
1277 2186 1436 2227 veteres,
1473 2181 1607 2220 Cicero
1630 2187 1796 2220 testatur
1818 2182 1859 2221 in
1881 2182 2007 2228 libris,

233 2255 329 2295 quos
357 2242 402 2281 de
431 2255 474 2281 re
499 2243 659 2293 publica
689 2244 865 2294 scripsit,
900 2244 965 2282 ubi
988 2245 1123 2296 Scipio
1144 2245 1351 2295 disputans
1372 2245 1450 2282 ait:
1481 2245 1718 2296 Numquam
1752 2245 2007 2292 comoediae,

232 2305 312 2344 nisi
345 2305 605 2344 consuetudo
637 2305 746 2344 vitae
780 2311 1014 2358 pateretur,
1049 2307 1226 2359 probare
1260 2320 1333 2346 sua
1367 2307 1538 2346 theatris
1572 2306 1725 2358 flagitia
1758 2307 2006 2359 potuissent.

231 2367 283 2406 Et
313 2367 459 2407 Graeci
499 2367 669 2421 quidem
711 2368 973 2421 antiquiores
1014 2369 1189 2408 vitiosae
1230 2383 1329 2409 suae
1370 2369 1579 2422 opinionis
1612 2370 1822 2421 quandam
1856 2383 2007 2409 conve-

231 2429 434 2469 nientiam
475 2435 771 2476 servaverunt,
813 2430 924 2482 apud
965 2445 1069 2484 quos
1108 2431 1185 2471 suit
1224 2432 1346 2471 etiam
1380 2432 1471 2483 lege
1504 2444 1774 2477 concessum,
1816 2437 1861 2470 ut
1892 2431 2058 2484 quod35

232 2491 359 2531 vellet
389 2492 607 2532 comoedia
639 2491 691 2531 de
725 2505 807 2544 quo
840 2492 964 2532 vellet
996 2494 1244 2533 nominatim
1277 2493 1448 2533 diceret.
1495 2495 1632 2544 Itaque
1663 2494 1763 2532 sicut
1794 2495 1835 2532 in
1866 2494 2009 2533 eisdem

232 2554 344 2593 libris
374 2554 550 2606 loquitur
580 2554 797 2607 Africanus
813 2568 825 2593 .·
877 2554 1011 2602 Quem
1052 2556 1123 2595 illa
1163 2569 1247 2595 non
1288 2556 1425 2609 attigit
1466 2555 1530 2594 vel
1572 2556 1714 2608 potius
1756 2569 1879 2608 quem
1922 2569 2007 2595 non

232 2616 429 2656 vexavit?
462 2617 529 2656 cui
553 2617 767 2670 pepercit?
818 2617 943 2656 Esto:
977 2618 1203 2671 populares
1235 2618 1427 2657 homines
1461 2618 1677 2669 inprobos,
1710 2618 1751 2656 in
1775 2630 1817 2656 re
1840 2617 2008 2670 publica

232 2678 470 2726 seditiosos,
503 2679 717 2724 Cleonem,
752 2677 1068 2732 Cleophoutem,
1101 2680 1387 2733 Hyperbolum
1421 2680 1554 2719 laesit.
1607 2680 1829 2724 Patiamur,
1860 2680 2003 2731 inquit,

233 2741 310 2780 etsi
351 2741 442 2780 eius
480 2742 593 2780 modi
637 2742 748 2780 cives
788 2754 811 2780 a
852 2754 1026 2781 censore
1067 2744 1218 2782 melius
1256 2749 1318 2781 est
1359 2755 1482 2795 quam
1515 2754 1536 2780 a
1570 2747 1691 2794 poeta
1723 2741 1879 2780 notari:
1932 2741 2056 2780 sed40

232 2803 433 2850 Periclen,
466 2817 557 2843 cum
591 2805 671 2843 iam
705 2817 804 2843 suae
837 2804 996 2843 civitati
1028 2805 1211 2843 maxima
1243 2806 1492 2843 auctoritate
1514 2803 1715 2856 plurimos
1740 2816 1871 2842 annos
1894 2803 2006 2842 domi

234 2870 274 2904 et
303 2865 402 2905 belli
434 2866 698 2919 praefuisset,
731 2866 876 2905 violari
898 2865 1088 2905 versibus
1113 2874 1152 2906 et
1175 2867 1377 2919 exagitari
1401 2867 1443 2905 in
1467 2878 1617 2904 scaena
1641 2878 1723 2904 non
1746 2865 1840 2918 plus
1865 2864 2005 2905 decuit

234 2939 357 2979 quam
389 2928 422 2967 si
455 2928 648 2974 Plautus,
688 2929 839 2979 inquit,
881 2933 1024 2967 noster
1061 2929 1266 2968 voluisset
1303 2934 1374 2967 aut
1405 2928 1586 2967 Naevius
1618 2928 1761 2967 Publio
1793 2933 1833 2966 et
1863 2927 2004 2967 Gnaeo

234 2987 419 3042 Scipioni
451 2995 522 3029 aut
545 2989 750 3029 Caecilius
781 2991 921 3029 Marco
956 2991 1101 3030 Catoni
1133 2991 1240 3030 male
1273 2991 1428 3030 dicere.
1499 2987 1558 3028 12.
1592 2990 1739 3028 Deinde
1757 2991 1876 3041 paulo
1891 2996 2002 3041 post:

318 3128 346 3159 8.
376 3127 453 3159 sort.
472 3133 677 3160 necauerunt
704 3147 738 3151 —
767 3129 818 3160 1¹3.
847 3130 1017 3168 impertias
1041 3131 1122 3161 iuris
1147 3132 1171 3159 s)
1201 3149 1233 3152 -—
1264 3131 1314 3160 153.
1342 3129 1538 3160 mundicam
1563 3128 1637 3159 lilii-i
1665 3131 1849 3169 corrupte:
1876 3129 2003 3161 (ibunde

233 3179 309 3206 ante
332 3177 356 3208 Ο
381 3187 462 3209 eum
487 3179 583 3210 lunio
623 3195 656 3200 —
697 3179 748 3209 49.
775 3183 882 3209 motus
905 3181 1023 3210 loann.
1044 3179 1215 3210 §aristion
1236 3178 1357 3209 Polis-r.
1386 3178 1457 3213 vn,
1478 3178 1495 3207 (0
1532 3196 1564 3200 -
1602 3178 1651 3209 Ξῖ.
1681 3179 1712 3209 [η
1735 3180 1858 3218 probro
1883 3180 2000 3209 codd:

227 3225 352 3264 probro
381 3227 405 3257 Ο
431 3229 465 3259 et
489 3228 545 3258 ed.
571 3228 702 3258 Bened.
745 3245 777 3248 —
821 3228 872 3259 38.
896 3230 1074 3268 populares
1097 3229 1256 3265 homines,
1286 3227 1448 3266 imlwolms
1480 3228 1511 3257 in
1538 3228 1812 3266 mizpe‹l1ti.r·<1m‚
1839 3230 2004 3259 seditiosos

233 3274 399 3307 Heinrich
436 3294 471 3299 —
509 3276 562 3308 4⁴.
588 3278 732 3308 Periclen
757 3277 835 3307 cod.
856 3279 990 3309 Monac.
1020 3280 1261 3317 (Augustanus)
1290 3280 1321 3307 ct
1350 3276 1547 3316 Banil›erg.:
1576 3279 1730 3308 [milesii
1757 3280 1780 3307 ()
1816 3295 1859 3301 -
1894 3278 1946 3309 42.
1973 3281 2005 3308 e!-

233 3325 403 3365 exaqitari
426 3327 566 3368 scripsi:
594 3331 623 3359 et
639 3329 696 3369 agi
721 3328 844 3366 Cobet,
871 3332 900 3359 et
917 3329 1006 3368 exisse·
1031 3330 1163 3365 Osann3
1190 3331 1218 3359 et
1242 3336 1294 3358 eos
1316 3328 1372 3368 uqi
1397 3327 1476 3358 edd.
1506 3344 1541 3349 --
1569 3327 1622 3359 st.
1650 3329 1757 3360 inuno
1782 3328 1999 3367 Scipionibus.
