2249 3624
296 165 350 209 32
828 165 1257 207 ACADEMICORUM
1286 163 1525 204 PRIORUM

297 292 510 331 granum.»
561 278 675 319 Haec
705 277 838 318 refelli
880 283 1080 330 possunt,
1122 277 1195 316 sed
1226 289 1410 329 pugnare
1440 275 1555 315 nolo.
1605 275 1668 314 Ad
1699 274 1741 314 id
1773 276 1904 324 enim,
1946 276 2057 330 quod

296 342 450 393 agitur,
482 341 587 380 nihil
618 341 809 386 interest,
841 339 1089 378 omnibusne
1119 338 1306 391 partibus
1337 338 1427 377 visa
1457 351 1522 377 res
1553 351 1576 377 a
1605 351 1650 377 re
1670 337 1777 376 nihil
1798 337 1973 385 differat,
2004 351 2057 377 an

293 402 520 443 internosci
562 416 645 442 non
685 402 838 455 possit,
880 401 1005 440 etiam
1043 401 1078 440 si
1119 401 1296 440 differat.
1359 400 1463 447 Sed,
1505 400 1539 439 si
1579 400 1797 439 hominum
1827 399 2057 440 similitudo

294 470 409 504 tanta
440 477 530 504 esse
561 477 644 504 non
674 469 835 516 potest,
867 476 919 502 ne
951 463 1165 515 signorum
1198 461 1401 514 quidem?
1432 462 1506 501 Dic
1528 462 1652 510 mihi,
1683 462 1890 515 Lysippus
1912 462 2058 501 eodem

259 534 405 575 5aere,
439 526 584 566 eadem
615 526 937 578 temperatione,
970 524 1118 564 eodem
1148 523 1284 571 cae10‚
1315 537 1451 576 aeque
1474 524 1623 564 ceteris
1645 524 1859 571 omnihus,
1891 528 2059 563 centum

290 588 551 629 Alexandros
584 587 771 628 eiusdem
802 587 914 627 modi
946 586 1084 626 facere
1115 599 1200 626 non
1231 589 1406 638 posset?
1451 586 1544 634 Qua
1564 586 1690 639 igitur
1710 587 1882 626 notione
1905 586 2061 626 discer-

290 653 441 692 neres?
500 648 565 689 86.
599 650 737 698 Quid?
781 650 814 690 si
854 649 897 688 in
937 649 1127 689 eiusdem
1167 647 1280 687 modi
1321 661 1415 688 cera
1455 653 1622 688 centum
1655 648 1792 701 sigilla
1822 649 1901 689 hoc
1932 648 2059 688 anulo

288 715 547 767 inpressero,
596 725 752 765 ecquae
795 712 947 765 poterit
986 712 1028 751 in
1067 709 1335 764 agnoscendo
1379 724 1470 750 esse
1503 711 1748 751 distinctio?
1794 724 1845 750 an
1875 711 1950 750 tibi
1982 710 2060 750 erit

289 774 551 829 quaerendus
596 774 809 814 anularius
854 773 1006 826 aliqui,
1050 774 1248 826 quoniam
1294 772 1558 825 gallinarium
1605 773 1803 813 invenisti
1843 772 2058 812 Deliacum

238 837 426 883 millum,
459 837 529 889 qui
560 849 639 876 ova
670 837 975 888 cognosceret?

397 899 567 938 XXVII.
601 897 683 938 Sed
715 898 888 937 adhibes
920 903 1050 937 artem
1083 898 1327 937 advocatam
1360 897 1484 937 etiam
1517 898 1723 937 sensibus.
1775 898 1914 938 Pictor
1943 897 2058 937 videt

287 975 394 1016 quae
424 975 502 1001 nos
533 974 617 1001 non
649 960 860 1007 videmus,
893 964 954 1007 et,
988 960 1110 999 simul
1142 959 1303 999 inflavit
1325 959 1502 1006 tibicen,
1535 973 1558 999 a
1579 961 1713 1013 perito
1740 974 1906 1000 carmen
1928 974 2057 1013 agno-

285 1025 427 1064 scitur.
480 1023 621 1072 Quid?
662 1022 742 1062 hoc
773 1035 913 1061 nonne
946 1022 1109 1061 videtur
1140 1028 1285 1062 contra
1315 1027 1355 1061 te
1386 1022 1546 1069 valere,
1579 1023 1613 1062 si
1646 1023 1736 1062 sine
1769 1023 1929 1076 magnis
1961 1024 2057 1062 arti-

285 1084 411 1132 ficiis,
455 1085 507 1125 ad
548 1098 655 1139 quae
694 1086 813 1138 pauci
854 1085 1078 1131 accedunt,
1118 1085 1250 1124 nostri
1291 1084 1459 1138 quidem
1492 1085 1657 1137 generis
1689 1085 1935 1134 admodum,
1978 1099 2056 1125 nec

238 1148 426 1188 ⁴5videre
465 1161 542 1187 nec
574 1147 718 1188 audire
749 1147 989 1200 possimus?
1037 1149 1122 1186 Iam
1164 1148 1239 1187 illa
1279 1147 1514 1200 praeclara,
1555 1153 1711 1201 quanto
1743 1146 1917 1187 artificio
1949 1152 2059 1187 esset

285 1225 432 1251 sensus
478 1214 643 1250 nostros
689 1214 956 1261 mentemque
999 1214 1038 1249 et
1075 1215 1202 1249 totam
1244 1210 1595 1249 constructionem
1637 1209 1816 1249 hominis
1856 1209 2057 1249 fabricata

284 1274 454 1314 natura!
515 1270 581 1311 87.
622 1272 702 1312 Cur
741 1285 826 1311 non
860 1272 1129 1312 extimescam
1162 1272 1361 1324 opinandi
1401 1272 1707 1312 temeritatem?
1753 1273 1944 1311 Etiamne
1974 1271 2057 1311 hoc

284 1334 502 1376 adfirmare
533 1340 676 1388 potes,
719 1334 914 1381 Luculle,
947 1347 1038 1374 esse
1075 1334 1258 1386 aliquam
1289 1335 1395 1381 vim,
1429 1347 1522 1374 cum
1555 1334 1777 1387 prudentia
1808 1340 1846 1373 et
1877 1333 2054 1374 consilio

284 1399 463 1446 scilicet,
507 1410 614 1451 quae
644 1397 814 1436 finxerit
843 1396 931 1443 vel,
971 1402 1016 1436 ut
1048 1402 1120 1436 tuo
1152 1397 1279 1436 verbo
1312 1402 1428 1444 utar,
1468 1410 1576 1450 quae
1607 1396 1807 1436 fabricata
1838 1397 1891 1436 sit
1920 1396 2054 1435 homi-

234 1468 270 1496 20
285 1463 410 1501 nem?
457 1460 601 1508 Qualis
632 1459 712 1498 ista
742 1458 898 1498 fabrica
929 1460 1019 1498 est?
1060 1459 1130 1499 ubi
1163 1459 1377 1499 adhibita?
1415 1460 1615 1513 quando?
1647 1461 1748 1499 cur?
1782 1472 1864 1512 quo
1896 1457 2052 1497 modo?

283 1524 532 1563 Tractantur
561 1522 640 1561 ista
670 1521 909 1574 ingeniose,
942 1521 1209 1574 disputantur
1239 1523 1364 1561 etiam
1398 1522 1634 1575 eleganter:
1667 1522 1851 1574 denique
1882 1520 2053 1560 videan-

282 1591 350 1626 tur
388 1599 511 1632 sane,
552 1597 605 1623 ne
646 1583 914 1623 adfirmentur
957 1584 1096 1623 modo.
1149 1584 1231 1623 Sed
1263 1584 1314 1624 de
1345 1584 1530 1638 physicis
1563 1598 1684 1632 mox,
1726 1590 1765 1623 et
1796 1584 1966 1638 quidem
1997 1583 2050 1623 ob

283 1662 375 1688 eam
416 1660 604 1694 causam,
651 1660 704 1686 ne
743 1652 808 1694 tn,
856 1646 927 1700 qui
965 1647 1006 1686 id
1048 1660 1113 1686 me
1144 1646 1349 1687 facturum
1389 1647 1513 1701 paulo
1545 1653 1640 1687 ante
1672 1647 1848 1695 dixeris,
1880 1646 2050 1686 videare

283 1711 493 1751 mentitus.
545 1708 626 1749 Sed
657 1714 702 1749 ut
732 1709 782 1749 ad
815 1722 884 1756 ea,
917 1722 1024 1762 quae
1057 1709 1234 1749 clariora
1266 1715 1384 1757 sunt,
1416 1710 1601 1756 veniam,
1633 1723 1699 1749 res
1728 1709 1809 1749 iam
1830 1709 2049 1749 universas

236 1772 557 1826 Q5profundam,
590 1771 642 1811 de
674 1771 825 1824 quibus
857 1771 1068 1811 volumina
1098 1771 1270 1824 impleta
1301 1778 1397 1812 sunt
1427 1785 1513 1811 non
1543 1785 1567 1811 a
1598 1772 1752 1811 nostris
1783 1772 1942 1819 solum,
1975 1771 2048 1811 sed

283 1834 408 1874 etiam
445 1846 469 1872 a
509 1833 763 1887 Chrysippo:
809 1834 859 1873 de
900 1847 982 1887 quo
1024 1834 1144 1887 queri
1185 1834 1320 1874 solent
1361 1834 1517 1882 Stoici,
1562 1833 1660 1874 dum
1691 1833 1877 1874 studiose
1909 1834 2048 1875 omnia

282 1896 555 1949 conquisierit
586 1901 731 1935 contra
761 1909 908 1936 sensus
940 1901 981 1936 et
1010 1897 1349 1949 perspicuitatem
1381 1902 1610 1950 contraque
1636 1909 1802 1936 omnem
1824 1901 2048 1936 consuetu-

281 1959 422 1998 dinem
465 1963 693 2012 contraque
735 1959 963 2007 rationem,
1002 1959 1139 2011 ipsum
1171 1958 1250 1998 sibi
1282 1958 1607 2011 respondentem
1636 1958 1874 1999 inferiorem
1904 1958 2048 2006 fuisse,

279 2020 421 2075 itaque
452 2021 502 2061 ab
533 2034 583 2060 eo
615 2026 819 2061 armatum
850 2034 941 2061 esse
974 2021 1313 2061 Carneadem.-
1343 2019 1409 2060 88.
1440 2022 1500 2061 Ea
1531 2026 1628 2061 sunt
1659 2021 1747 2061 eius
1768 2020 1907 2068 modi,
1939 2034 2047 2075 quae

229 2094 303 2124 30a
334 2088 374 2123 te
406 2083 724 2136 diligentissime
755 2089 927 2124 tractata
957 2089 1067 2123 sunt.
1118 2083 1426 2123 Dormientium
1460 2088 1500 2123 et
1520 2083 1832 2123 vinolentorum
1855 2089 1895 2123 et
1917 2082 2048 2123 furio-

279 2158 420 2186 sorum
450 2146 536 2186 visa
566 2145 831 2185 inbecilliora
863 2158 954 2185 esse
989 2144 1156 2185 dicebas
1189 2159 1313 2199 quam
1343 2146 1627 2199 vigilantium,
1664 2146 1892 2194 siccorum,
1923 2159 2047 2186 sano-

365 2346 394 2376 4.
418 2345 544 2384 possint
567 2344 608 2374 Vl
634 2362 669 2366 —
701 2344 733 2375 2.
760 2353 811 2375 res
839 2353 860 2374 α
892 2352 927 2375 re
954 2344 1100 2384 scripsi:
1133 2353 1169 2376 re
1193 2345 1236 2382 C,
1269 2353 1322 2375 res
1345 2340 1454 2375 rY²O
1482 2360 1516 2366 —
1550 2343 1581 2376 4.
1604 2348 1737 2384 potesne
1760 2343 1796 2375 B¹
1824 2363 1858 2367 —
1886 2346 1916 2377 5.
1943 2354 2045 2384 aeque

278 2395 424 2436 scripsi:
459 2403 550 2434 aqua
574 2395 618 2433 C,
646 2393 740 2434 quod
766 2393 865 2425 facile
889 2393 1051 2425 librarius
1076 2393 1208 2433 fingere
1234 2396 1390 2435 poterat,
1425 2394 1479 2425 cui
1503 2394 1629 2425 caelum
1654 2403 1723 2425 non
1746 2392 1946 2437 γλυφεῖον,
1981 2395 2043 2427 sed

278 2440 481 2489 οὐρανός
511 2444 707 2476 videretur*
743 2453 806 2475 acu
830 2445 860 2475 1i.
889 2453 919 2475 e.
948 2444 1258 2484 «selu-affirnaclel»)
1291 2444 1379 2475 coni.
1407 2443 1508 2475 Orelli
1536 2446 1580 2483 (at
1605 2443 1759 2475 debebat
1783 2443 1908 2476 saltem
1931 2446 2045 2477 eadem

277 2497 369 2534 acu);
408 2496 521 2526 eadem
555 2494 729 2526 caelatura
764 2495 843 2535 (pro
873 2494 983 2526 eodem
1012 2494 1101 2525 caelo
1132 2497 1231 2533 aqua)
1260 2494 1336 2525 Car.
1366 2494 1416 2525 Fr.
1444 2494 1678 2525 Hermannus.
1719 2495 1757 2525 In
1782 2493 1847 2525 loci
1872 2495 2044 2535 scriptura

277 2544 519 2576 constituenda
544 2544 612 2576 hoc
637 2552 778 2585 quoque
804 2543 997 2575 tenendum
1023 2546 1092 2583 est,
1124 2543 1226 2576 colon
1257 2544 1370 2575 celeris
1393 2544 1541 2575 omnibus
1572 2547 1651 2585 post
1675 2545 1890 2585 anaphoram
1916 2545 1971 2575 vix
1994 2545 2044 2576 sic

276 2594 368 2625 nude
394 2594 473 2625 addi
499 2595 666 2635 potuisse.
689 2613 723 2617 —
750 2597 874 2625 certum
897 2594 1120 2625 alexandrum
1145 2594 1187 2631 C,
1214 2593 1277 2625 sed
1294 2594 1323 2624 V
1339 2593 1544 2624 alexandrus
1564 2612 1599 2617 —
1625 2595 1656 2626 7.
1682 2595 1717 2625 in
1741 2594 1883 2625 eiusdem
1906 2593 2041 2625 Lamb.:

274 2644 310 2675 in
332 2644 400 2676 eius
423 2645 447 2676 C
470 2662 504 2666 —
531 2644 654 2676 annulo
678 2646 712 2676 et
736 2645 767 2676 9.
794 2644 993 2676 annularius
1015 2644 1039 2675 B
1055 2644 1079 2675 O
1099 2660 1134 2665 —
1161 2643 1192 2675 8.
1219 2651 1316 2683 ecque
1339 2651 1373 2682 r,
1399 2644 1566 2683 haecquae
1589 2644 1613 2675 C
1634 2660 1669 2666 -
1696 2643 1727 2674 9.
1752 2643 1958 2684 gallinarum
1974 2642 2044 2675 A¹V

1865 2701 1874 2719 t

278 2749 312 2754 —
341 2731 392 2763 40.
419 2734 607 2772 agnosceret
630 2730 699 2763 Pal.
726 2731 744 2762 2
770 2733 804 2763 et
827 2733 902 2763 Par.
928 2732 959 2769 5,
987 2731 1187 2771 dignosceret
1210 2731 1356 2767 Davies;
1389 2732 1423 2762 at
1447 2740 1480 2762 v.
1507 2730 1525 2771 g
1550 2730 1604 2761 56.
1634 2747 1669 2752 —
1700 2731 1751 2761 42.
1777 2730 1917 2762 tibicena
1937 2732 2043 2771 perito

275 2784 301 2813 A
322 2799 356 2803 —
376 2781 603 2812 adnoseiturA
621 2798 655 2803 —
676 2781 727 2812 43.
747 2781 885 2822 artificis
900 2779 940 2812 A¹
957 2798 989 2803 -
1009 2780 1061 2812 44.
1078 2781 1208 2820 adquae
1222 2780 1245 2812 C
1265 2788 1355 2811 corr.
1375 2789 1416 2811 ex
1433 2783 1541 2819 alque.
1569 2779 1766 2811 Verborum
1784 2779 2042 2813 distinctionem

275 2832 427 2863 correxit
442 2830 579 2870 Madvig
595 2831 619 2868 1,
646 2831 742 2870 p.481
769 2833 864 2862 recte
889 2838 1037 2862 monens
1057 2831 1159 2869 pauci
1182 2829 1225 2861 ad
1242 2830 1417 2861 admodum
1435 2828 1668 2869 repetendum
1687 2838 1778 2867 esse,
1805 2839 1886 2862 cum
1899 2832 1943 2862 sit
1958 2840 2042 2862 sen—

275 2881 398 2912 tentia:
427 2881 461 2911 et
484 2880 626 2911 omnino
651 2880 752 2920 pauci
770 2889 811 2911 eo
829 2880 1049 2921 perveniunt,
1077 2882 1110 2911 et
1131 2880 1237 2912 nostri
1255 2880 1393 2919 generis
1411 2880 1624 2920 paucissimi.
1642 2897 1675 2901 —-
1705 2881 1755 2911 45.
1771 2890 1943 2920 possumus
1959 2882 1982 2913 Ο
2001 2898 2038 2905 -·

276 2932 327 2962 Π.
352 2929 509 2970 natural}
535 2930 672 2969 signum
698 2929 916 2962 exclamandi
940 2931 1056 2971 posuit
1082 2929 1335 2967 Huelsemann3
1362 2931 1483 2960 contra
1508 2930 1643 2961 Ernesti
1668 2932 1809 2961 auctore
1827 2931 1965 2962 Davisio
1989 2931 2040 2962 sic

275 2980 505 3022 interpunxit:
534 2980 605 3010 Iam
628 2980 687 3010 illa
707 2981 905 3019 praeclara,
932 2983 1055 3019 quanto
1080 2988 1111 3010 a.
1139 2982 1280 3010 esset„
1295 2978 1464 3019 fabricam
1488 2983 1628 3018 natura,
1654 2988 1714 3010 cur
1737 2989 1802 3011 ηοη
1826 2982 1907 3019 cet.‚
1935 2979 2040 3021 expli-

275 3039 377 3062 cans:
405 3029 459 3061 illa
483 3031 563 3061 sunt
588 3028 765 3069 praeclara
791 3029 834 3060 ad
859 3030 913 3066 id,
938 3032 976 3061 ut
1000 3038 1068 3061 non
1093 3029 1340 3067 extimescam,
1367 3031 1510 3069 propter
1527 3037 1616 3069 quae
1638 3038 1706 3060 non
1724 3031 1950 3062 extimescam
1969 3032 2035 3062 cet.

277 3097 312 3103 -—
340 3080 391 3111 ⁴9.
414 3080 540 3121 finserit
562 3078 600 3110 Β1
628 3097 664 3102 --
697 3079 737 3110 sit
761 3081 786 3110 A
812 3088 858 3111 m.
886 3081 904 3111 2
929 3080 962 3111 in
987 3088 1054 3111 ras.
1084 3096 1117 3101 —
1149 3080 1201 3110 Ἣ.
1229 3083 1440 3110 [mactantur
1463 3077 1501 3110 Α1
1530 3097 1562 3101 -
1592 3079 1720 3119 inqenio
1742 3080 1795 3111 sed
1818 3080 1857 3111 lis
1875 3083 2039 3120 putantur

274 3129 315 3159 V¹
345 3145 376 3151 -
414 3129 466 3160 23.
494 3128 550 3166 qui
579 3128 611 3158 id
641 3136 692 3159 ‘me
722 3126 777 3159 B2:
815 3129 893 3166 quid
915 3138 966 3160 me
988 3126 1044 3167 13²,
1072 3128 1128 3166 qui
1151 3128 1233 3159 idem
1257 3137 1306 3160 me
1330 3128 1436 3160 AVO
1464 3145 1495 3150 —
1528 3127 1581 3159 24.
1607 3130 1759 3159 mentitus
1780 3137 1856 3160 esse.
1885 3130 1922 3160 Ut
1945 3129 2035 3160 coni.

276 3177 401 3209 Davies
427 3179 461 3208 et
483 3176 587 3218 paulo
613 3178 711 3218 post:
738 3177 909 3209 universas
931 3187 997 3209 non
1016 3177 1104 3217 prof.
1134 3194 1167 3198 -
1203 3177 1255 3207 ⁴25.
1283 3177 1330 3218 de]
1355 3178 1409 3209 sed
1432 3175 1470 3208 13¹
1494 3194 1537 3200 —-
1560 3178 1613 3209 ⁶26.
1640 3178 1737 3209 chris.
1763 3178 1790 3208 V
1816 3195 1853 3201 —
1878 3179 1931 3210 27.
1956 3187 2036 3209 cou-

276 3226 429 3266 quesierit
450 3227 475 3258 B
503 3242 537 3247 —
570 3226 623 3258 28.
649 3234 681 3257 se
704 3227 773 3265 ipso
796 3227 985 3266 inferiorem
1009 3227 1098 3259 coni.
1124 3226 1246 3259 Lamh.
1275 3244 1310 3250 -
1345 3227 1398 3259 30.
1424 3227 1468 3258 ad
1490 3230 1520 3260 te
1543 3227 1598 3259 dil.
1624 3231 1734 3259 tracta
1756 3224 1847 3259 ,ΔΗΒ1
1872 3245 1907 3250 -
1936 3227 2037 3258 uinu-

276 3275 437 3308 lencorum
459 3276 536 3308 A¹B
551 3275 579 3307 V
604 3292 639 3298 --
666 3275 719 3308 31.
744 3275 886 3308 sicarum
909 3279 948 3309 Α.
