2249 3624
495 156 584 197 Lm.
616 158 666 198 11.
707 157 804 199 Cn».
836 159 1209 199 Lxxl—Lxxll.
1250 158 1308 213 §§
1343 158 1591 202 1145—450.
1843 162 1923 202 565

163 282 231 310 rae
261 266 437 306 societas
477 264 561 305 ulla
593 278 683 304 cum
718 266 889 305 somniis
928 280 1063 319 neque
1095 267 1387 306 observatione
1420 267 1596 307 inveniri
1629 269 1762 322 potuit
1788 270 1922 309 scien-

164 331 230 376 tia,
261 328 450 367 effectum
483 333 545 367 est
576 334 619 367 ut
652 328 753 367 nihil
789 343 956 381 prorsus
987 330 1157 368 somniis
1181 330 1442 369 tribuendum
1469 331 1539 376 sit,
1565 333 1805 384 praesertim
1829 346 1921 372 cum

161 392 220 432 illi
252 391 331 444 ipsi
369 389 440 442 qui
480 402 525 428 ea
564 390 705 430 vident
744 391 846 429 nihil
879 392 1085 437 divinent,
1129 393 1153 431 ii
1186 394 1257 445 qui
1291 394 1612 445 interpretantur
1643 395 1922 434 coniecturam

161 453 385 495 adhibeant
417 466 497 491 nou
532 460 741 498 naturam,
779 467 897 492 casus
929 461 1066 493 autem
1102 454 1475 494 iuimmcrahilihus
1510 470 1639 509 paene
1671 457 1848 496 saeculis
1880 458 1921 496 in

162 514 352 557 omuibus
384 514 502 567 plura
536 516 737 554 mirabilia
769 528 892 568 quam
927 517 965 554 iu
1000 519 1254 556 somniorum
1288 518 1385 556 visis
1417 519 1618 564 effecerit,
1651 534 1791 572 neque
1824 532 1952 559 con-5

159 580 326 624 iectura,
359 589 466 629 quae
499 576 539 616 in
574 578 708 616 varias
742 579 869 630 partis
902 579 995 618 duci
1019 580 1170 631 possit,
1195 593 1277 618 non
1301 594 1526 633 numquam
1550 582 1672 620 etiam
1696 582 1736 620 iu
1760 587 1922 621 contra-

159 642 259 687 rias,
291 641 514 693 quicquam
549 641 599 679 sit
633 641 842 679 incertius.

268 702 435 740 Lxxu.
485 699 571 740 148.
613 702 873 755 Explodatur
911 703 1036 753 iqimr
1076 702 1176 742 haec
1217 718 1387 757 quoque
1429 706 1686 746 somniorum
1720 707 1920 746 divinatio

157 765 312 820 pariter
342 777 434 803 cum
467 767 629 803 ceteris.
683 766 797 810 Nam,
831 771 873 803 ut
907 778 1002 804 vere
1036 766 1269 819 loquamur,
1303 769 1543 819 superstitio
1577 769 1665 808 susa
1696 784 1766 823 per
1787 769 1921 821 gentis

157 827 361 881 oppressit
400 828 583 866 omnium
625 828 709 866 fere
749 829 909 866 animos
941 836 1065 880 atque
1100 829 1311 868 hominum
1347 830 1656 871 inbecillitatem
1689 832 1970 884 occupavit.40

158 889 275 938 Quod
309 895 347 928 et
379 890 418 928 in
453 890 502 928 iis
536 887 651 928 libris
684 889 839 928 dictum
874 897 953 935 est,
988 891 1059 943 qui
1092 897 1185 929 sunt
1215 892 1265 929 de
1290 898 1433 930 natura
1457 895 1651 939 deorum,
1677 899 1718 932 et
1740 893 1813 931 hac
1838 893 1921 931 dis-

157 952 368 1006 putatione
401 951 439 990 id
475 964 667 990 maxume
700 952 872 1003 egimus.
926 953 1099 991 Multum
1132 953 1241 991 euim
1276 959 1315 992 et
1348 955 1552 994 nobismet
1585 955 1684 1006 ipsis
1708 961 1746 994 et
1770 955 1921 994 nostris

156 1014 359 1069 profuturi
405 1014 666 1060 videbamur,
708 1015 741 1052 si
786 1027 875 1053 eam
918 1014 1108 1053 funditus
1151 1016 1481 1055 sustulissemus.
1549 1016 1636 1055 Nec
1669 1031 1764 1055 vero
1796 1041 1844 1046 —-
1881 1016 1920 1055 id

156 1078 265 1118 enim
298 1076 519 1128 diligenter
561 1077 744 1129 intellegi
788 1077 881 1116 volo
926 1101 974 1105 —
1018 1078 1316 1129 superstitione
1357 1079 1540 1118 tollenda
1576 1080 1720 1130 religio
1752 1079 1921 1119 tollitur.

157 1141 256 1180 Nam
290 1144 329 1178 et
362 1139 565 1177 maiorum
599 1139 788 1178 instituta
820 1140 922 1178 tucri
947 1140 1073 1179 sacris
1097 1140 1449 1192 caerimoniisque
1473 1142 1699 1181 retinendis
1723 1141 1922 1193 sapientis
1942 1162 1972 1191 15

157 1207 240 1248 est,
280 1207 319 1240 et
358 1213 448 1240 esse
488 1208 768 1253 praestantem
807 1202 990 1255 aliquam
1029 1208 1325 1254 aeternamque
1359 1210 1544 1242 naturam
1586 1210 1626 1243 et
1665 1217 1754 1243 eam
1787 1203 1923 1256 suspi-

156 1264 344 1305 ciendam
387 1264 759 1317 admirandamque
801 1265 1013 1304 hominum
1054 1266 1195 1314 generi
1244 1265 1510 1317 pulchritudo
1554 1267 1696 1306 mundi
1735 1266 1922 1318 ordoque

154 1340 289 1368 rerum
321 1326 560 1366 caelestium
593 1328 703 1379 cogit
734 1327 933 1367 conliteri.
1001 1326 1086 1366 14-9.
1121 1328 1254 1375 Quam
1289 1328 1341 1366 ob
1374 1341 1480 1375 rem,
1521 1335 1566 1368 ut
1598 1328 1741 1380 religio
1775 1341 1924 1381 propa-

155 1389 288 1444 ganda
321 1390 444 1429 etiam
478 1396 562 1436 est,
603 1403 710 1442 quae
744 1396 805 1430 est
836 1391 975 1429 iuncta
1008 1404 1099 1430 cum
1132 1391 1369 1441 cognitione
1403 1398 1594 1438 naturae,
1636 1392 1692 1430 sic
1726 1391 1923 1443 supersti-

155 1454 278 1494 tionis
310 1453 460 1506 stirpes
493 1466 637 1492 omnes
670 1453 900 1492 eiciendae.
948 1454 1077 1492 Instat
1110 1452 1220 1491 enim
1254 1459 1294 1491 et
1326 1459 1443 1505 urget
1475 1459 1533 1499 et,
1567 1467 1651 1507 quo
1682 1459 1719 1493 te
1743 1466 1922 1506 cumque
1937 1474 1972 1502 20

154 1517 342 1562 verteris,
366 1516 656 1570 persequitur,
691 1516 778 1554 sive
811 1522 854 1554 tu
888 1522 1020 1555 vatem
1054 1517 1139 1554 sive
1174 1521 1215 1554 tu
1251 1529 1373 1554 omen
1406 1516 1610 1562 audieris,
1642 1516 1728 1555 sive
1750 1515 1925 1554 inmola-

155 1580 209 1619 ris
247 1578 332 1618 sive
375 1591 492 1617 avem
532 1578 767 1630 aspexeris,
810 1579 842 1617 si
877 1578 1149 1624 Chaldaeum,
1187 1579 1218 1617 si
1258 1578 1524 1630 haruspicem
1563 1578 1733 1625 videris,
1775 1579 1810 1618 si
1847 1577 1925 1617 sul-

156 1643 268 1689 serit,
300 1642 333 1681 si
366 1641 562 1687 tonuerit,
593 1641 627 1680 si
662 1647 814 1680 tactum
847 1640 1003 1693 aliquid
1040 1642 1116 1680 erit
1148 1641 1198 1680 de
1232 1641 1370 1687 caelo,
1394 1641 1427 1679 si
1452 1642 1600 1680 ostenti
1625 1640 1759 1680 simile
1783 1646 1924 1680 natum

155 1703 359 1746 factumve
393 1705 633 1757 quippiam:
676 1718 851 1757 quorum
884 1717 1056 1743 necesse
1089 1710 1149 1743 est
1182 1704 1431 1756 plerumque
1463 1704 1621 1756 aliquid
1656 1703 1842 1750 eveniat,
1881 1707 1926 1743 ut

156 1780 381 1820 numquam
415 1767 536 1806 liceat
562 1766 702 1819 quieta
726 1773 862 1806 mente
886 1767 1126 1806 consistere.
1176 1764 1262 1806 150.
1295 1766 1532 1819 Perfugium
1555 1766 1717 1806 videtur
1739 1767 1923 1806 omnium
1940 1787 1976 1816 25

158 1829 342 1869 laborum
381 1834 420 1868 et
458 1830 784 1869 sollicitudinum
817 1843 906 1869 esse
939 1842 1122 1869 somnus
1183 1832 1233 1870 At
1265 1844 1317 1869 ex
1349 1843 1396 1869 eo
1429 1831 1519 1883 ipso
1552 1830 1769 1883 plurumae
1801 1842 1925 1869 curae

156 1898 375 1945 metusque
407 1898 659 1939 nascuntur,
701 1892 770 1945 qui
813 1892 980 1946 quidem
1027 1893 1103 1945 ipsi
1145 1906 1218 1945 per
1254 1906 1298 1932 se
1331 1893 1468 1932 minus
1502 1892 1687 1932 valerent
1727 1898 1765 1932 et
1796 1893 1925 1945 magis

157 1961 545 1999 contemnerentur,
594 1956 674 1994 nisi
716 1957 975 1994 somniorum
1018 1955 1299 2007 patrocinium
1343 1955 1583 2009 philosophi
1629 1955 1926 2009 suscepissent,

155 2031 230 2059 nec
269 2018 297 2057 ii
338 2017 507 2071 quidem
549 2018 919 2071 contemptissimi,
964 2018 1035 2057 sed
1076 2019 1117 2057 in
1156 2018 1300 2072 primis
1340 2019 1448 2058 acuti
1483 2023 1523 2057 et
1553 2017 1857 2071 consequentia
1888 2023 1928 2057 et

155 2080 429 2134 repugnantia
461 2080 664 2127 videntes,
700 2081 770 2133 qui
804 2088 935 2134 prope
968 2080 1049 2119 iam
1081 2081 1264 2120 absoluti
1297 2086 1337 2120 et
1369 2080 1537 2134 perfecti
1570 2086 1779 2134 putantur.
1813 2079 1977 2128 Quo-30

154 2157 242 2183 rum
275 2143 469 2182 licentiae
502 2142 581 2182 nisi
607 2142 842 2182 Carneades
876 2143 1113 2190 restitisset,
1146 2143 1256 2182 haud
1290 2144 1374 2182 scio
1406 2157 1456 2182 an
1480 2143 1557 2182 soli
1580 2144 1659 2182 iam
1684 2141 1926 2195 philosophi

154 2205 449 2245 iudicarentur.
494 2205 596 2244 Cum
630 2206 782 2259 quibus
816 2207 951 2244 omnis
982 2204 1069 2245 sere
1103 2206 1223 2246 nobis
1260 2206 1505 2259 disceptatio
1528 2207 1828 2258 contentioque
1851 2210 1927 2252 est,

156 2280 239 2307 non
271 2268 380 2320 quod
415 2281 484 2308 eos
518 2281 712 2308 maxume
745 2274 1076 2315 contemnamus,
1110 2269 1181 2308 sed
1215 2270 1325 2322 quod
1359 2269 1550 2309 videntur
1571 2269 1811 2308 acutissime
1834 2280 1927 2307 sen-

156 2331 304 2370 tentias
336 2344 432 2371 suas
466 2331 875 2383 prudentissimeque
908 2330 1147 2370 defendere.
1197 2331 1299 2371 Cum
1332 2337 1469 2371 autem
1502 2331 1716 2384 proprium
1747 2330 1803 2370 sit
1824 2331 1928 2370 Aca-

157 2392 317 2433 demiae
349 2393 550 2433 iudicium
582 2407 704 2433 suum
736 2393 897 2432 nullum
932 2394 1220 2446 interponere,
1261 2407 1309 2434 ea
1341 2394 1545 2447 probare,
1578 2406 1684 2446 quae
1717 2392 1927 2432 simillima
1941 2410 1977 2440 35

156 2455 241 2495 veri
280 2455 524 2503 videantur,
585 2456 771 2497 conferre
811 2469 957 2496 causas
1000 2462 1039 2496 et
1078 2458 1176 2510 quid
1215 2457 1256 2496 in
1297 2470 1509 2510 quamque
1549 2456 1799 2496 sententiam
1845 2454 1928 2494 dici

157 2518 288 2571 possit
329 2532 599 2572 expromere,
640 2520 754 2560 nulla
797 2519 984 2559 adhibita
1024 2532 1099 2559 sua
1139 2520 1389 2559 auctoritate
1426 2518 1628 2558 iudicium
1667 2517 1928 2558 audientium

245 2697 274 2728 ⁴.
302 2697 450 2729 inuenire
472 2698 499 2729 A
527 2715 558 2720 —
595 2698 624 2728 2.
651 2701 686 2728 ut
711 2706 788 2738 sup.
816 2697 873 2729 lin.
900 2698 932 2729 in
958 2699 982 2729 B
1020 2716 1049 2721 —
1086 2706 1204 2737 prosus
1227 2698 1254 2729 A
1285 2714 1320 2719 —
1355 2696 1385 2728 3.
1412 2697 1559 2728 diuinent
1583 2697 1625 2734 B,
1653 2696 1717 2728 sed
1740 2700 1776 2727 nt
1799 2697 1833 2728 in
1856 2705 1926 2728 ras.

158 2749 307 2788 quatuor
330 2746 391 2778 litt.
412 2763 447 2768 —
474 2747 520 2777 hii
535 2745 612 2778 A‘2B
643 2765 676 2769 —
705 2747 734 2779 4.
756 2748 1035 2779 innuberabc'lt'bus
1058 2746 1095 2778 13¹
1116 2765 1151 2770 —
1174 2757 1255 2787 pene
1273 2748 1333 2779 ΑΒ
1362 2763 1396 2769 -—
1422 2747 1539 2778 seculis
1562 2747 1586 2777 O
1614 2763 1648 2768 —
1676 2747 1706 2778 5.
1732 2746 1822 2777 uisus
1845 2746 1869 2777 B
1890 2762 1924 2769 -

159 2797 189 2828 6.
212 2801 324 2837 partes
348 2797 372 2828 Ο
401 2813 434 2819 -
463 2797 494 2829 7.
522 2798 703 2837 quidquam
728 2798 752 2828 Ο
781 2815 815 2820 —-
842 2798 873 2829 8.
892 2799 997 2838 igitur
1021 2799 1054 2830 in
1079 2806 1186 2837 marg.
1215 2797 1269 2829 ed.
1290 2796 1411 2828 Lamb.
1440 2796 1523 2828 4584
1546 2796 1641 2834 add„
1672 2804 1741 2828 om.
1762 2796 1795 2827 in
1813 2795 1866 2828 CO
1891 2813 1925 2819 -

158 2846 189 2878 9.
213 2851 321 2887 yenles
345 2847 370 2878 Ο
394 2865 436 2870 -
469 2847 521 2878 lo.
549 2847 710 2886 occupant
735 2844 771 2878 Β1
799 2865 833 2869 -
869 2848 921 2879 Η.
947 2848 996 2879 his
1019 2849 1042 2879 B
1077 2865 1110 2869 —
1147 2848 1196 2878 112.
1226 2847 1316 2879 nobis
1339 2856 1430 2878 corr.
1458 2855 1501 2877 ex
1525 2847 1643 2877 nostris
1667 2846 1690 2877 B
1726 2863 1760 2868 —
1795 2845 1846 2877 44.
1874 2846 1929 2877 in-

159 2896 269 2937 telleyo
292 2897 334 2927 V¹
359 2914 393 2918 —
422 2898 474 2928 45.
501 2906 566 2929 cer.
586 2898 609 2929 C
638 2914 673 2920 —-
703 2898 753 2928 47.
777 2898 885 2937 puter.
904 2900 929 2929 A
959 2916 991 2920 ——
1022 2898 1072 2929 ⁴9.
1101 2899 1199 2929 etiam
1223 2902 1322 2936 aeque
1346 2898 1443 2928 eliam
1469 2895 1589 2928 maluit
1613 2895 1714 2927 Orelli
1741 2912 1776 2918 —
1803 2905 1928 2936 cogna-

159 2947 242 2977 tione
266 2947 302 2982 Β,
329 2946 390 2978 sed
415 2950 495 2987 qnae
521 2948 554 2978 in
579 2956 646 2978 ras.
677 2964 711 2969 —
745 2948 988 2987 superstitiones
1012 2947 1052 2978 W
1079 2963 1114 2970 —
1149 2948 1201 2978 ΞΟ.
1229 2948 1404 2978 eiiciendae
1428 2947 1473 2984 Ο,
1500 2946 1666 2978 elidendae
1690 2946 1862 2977 Manutius
1890 2962 1924 2966 —

159 2995 278 3026 instant
302 2993 339 3027 B¹
365 3014 398 3018 —
427 3005 541 3036 qumce
565 3000 602 3035 Α,
629 3006 744 3036 cumqe
767 2998 804 3034 Β,
832 2998 943 3036 quinte
966 2997 994 3027 V
1022 3015 1053 3020 —
1094 2998 1146 3029 -21,
1173 3001 1206 3028 lu
1229 3000 1390 3027 *nantem
1414 2994 1451 3028 Α1
1480 3012 1513 3018 -
1549 2998 1628 3027 ante
1653 3005 1745 3027 omen
1769 3004 1837 3027 una
1863 2994 1925 3026 litt.

161 3054 259 3078 erasa
285 3046 316 3077 iu
341 3047 378 3083 B,
403 3056 530 3078 omnem
546 3044 585 3078 A¹
613 3064 647 3070 —
676 3047 727 3077 22.
754 3048 845 3087 adsp.
865 3049 890 3078 O
918 3064 949 3069 —
978 3056 1090 3086 arusp.
1118 3047 1142 3078 B
1170 3064 1203 3068 —
1232 3047 1283 3077 23.
1311 3050 1428 3077 nalum
1451 3054 1522 3077 om.
1542 3047 1581 3077 A¹
1600 3063 1634 3068 -
1662 3045 1714 3077 ⁵24.
1739 3046 1927 3085 factumque

161 3095 185 3126 B
205 3112 240 3118 —
266 3096 436 3136 quidpiam
460 3097 484 3127 O
512 3113 547 3118 —
574 3097 628 3127 ς26.
648 3097 692 3127 ad
715 3106 757 3127 esc
781 3100 819 3134 A,
845 3101 874 3129 et
897 3106 939 3128 ex
963 3096 1000 3127 B¹
1025 3115 1065 3120 —-
1086 3097 1238 3136 plurume
1255 3099 1279 3127 A
1303 3114 1331 3120 —
1363 3096 1414 3127 28.
1434 3099 1615 3136 contempti.
1634 3096 1692 3128 AV
1711 3112 1745 3117 —
1772 3096 1806 3127 πί
1829 3092 1870 3126 A¹
1889 3112 1923 3116 —

162 3144 215 3175 29.
240 3145 309 3176 neci
331 3144 418 3184 AB&
452 3155 510 3177 nec
532 3146 565 3177 hi
588 3146 616 3177 V
643 3163 677 3168 —
711 3150 741 3177 cc
765 3156 840 3178 cons
870 3148 902 3178 in
928 3155 995 3178 ras.
1022 3148 1046 3178 B
1078 3164 1113 3169 —
1151 3151 1179 3178 et
1204 3149 1281 3187 post
1306 3155 1392 3178 cons.
1418 3155 1495 3187 sup.
1521 3145 1579 3178 lin.
1606 3147 1629 3178 B
1664 3163 1698 3167 —
1732 3144 1784 3176 30.
1810 3152 1925 3184 qorum

164 3193 292 3225 licentia
315 3195 338 3226 B
374 3213 408 3217 —
443 3196 495 3227 34.
522 3199 579 3226 au!
602 3193 639 3226 Β1
667 3213 701 3217 -
739 3196 791 3226 32.
819 3196 967 3227 omnibus
990 3194 1026 3228 B¹
1056 3215 1089 3220 -
1127 3197 1279 3236 disceptio
1303 3198 1340 3228 13¹
1373 3213 1406 3218 —
1446 3197 1498 3229 33.
1525 3200 1707 3237 contempn.
1728 3195 1782 3227 BV
1803 3213 1835 3217 —
1869 3192 1922 3224 34.

160 3244 331 3283 proprium
355 3254 423 3277 om.
439 3242 479 3275 V¹
507 3264 539 3268 —
567 3247 619 3277 35.
646 3246 839 3277 iuditiumA
867 3264 901 3268 —
929 3247 1132 3286 interponere
1156 3246 1192 3283 B,
1219 3246 1282 3277 sed
1302 3255 1426 3286 ponere
1448 3247 1483 3278 in
1499 3255 1567 3280 ras.
1598 3265 1631 3270 —
1659 3247 1712 3278 36.
1738 3251 1925 3286 *quemque

165 3293 203 3325 Βι
229 3311 261 3316 -
288 3293 339 3327 37.
365 3295 569 3329 audientibus
592 3297 643 3328 vir
667 3296 811 3338 quidam
836 3296 961 3330 doctus
986 3297 1079 3339 apud
1102 3297 1292 3330 Davisium.
