2249 3624
281 170 362 212 696
996 171 1067 211 DE
1100 169 1324 211 OFFICIIS

394 281 506 320 XIII.
538 277 605 318 44.
637 278 719 318 Sed
749 282 795 318 ut
824 276 1041 324 facillime,
1074 276 1220 329 quales
1252 275 1405 323 simus,
1436 275 1540 315 tales
1573 288 1664 314 esse
1695 273 1926 320 videamur,
1959 272 2037 312 etsi

281 345 324 385 in
357 356 405 383 eo
436 343 526 396 ipso
556 342 618 382 vis
650 341 829 381 maxima
862 345 943 387 est,
974 344 1020 378 ut
1051 339 1180 378 simus
1202 338 1251 386 ii,
1275 339 1346 391 qui
1368 338 1514 378 haberi
1535 338 1732 384 velimus,
1753 340 1888 378 tamen
1910 349 2039 392 quae-

283 408 377 447 dam
417 410 640 460 praecepta
681 403 817 443 danda
847 408 957 443 sunt.
1016 405 1119 445 Nam
1152 402 1185 442 si
1218 403 1312 455 quis
1343 401 1394 442 ab
1425 403 1597 442 ineunte
1628 405 1762 443 aetate
1791 402 1912 444 habet
1942 417 2039 445 cau-

284 483 370 510 sam
402 467 656 508 celebritatis
687 471 728 506 et
755 465 936 505 nominis
968 471 1039 506 aut
1069 479 1093 506 a
1123 470 1240 520 patre
1271 470 1496 518 acceptam,
1529 466 1643 519 quod
1675 466 1762 514 tibi,
1795 467 1847 506 mi
1879 466 2040 516 Cicero,

244 541 264 570 5
282 532 458 573 arbitror
489 529 738 582 contigisse,
769 532 839 568 aut
869 528 1011 581 aliquo
1045 542 1143 569 casu
1175 532 1301 580 atque
1323 526 1510 575 fortuna,
1535 528 1575 567 in
1600 529 1709 568 hunc
1730 530 1834 569 oculi
1856 530 2039 571 omnium

281 594 545 635 coniciuntur
573 597 699 645 atque
729 591 772 630 iu
805 605 920 638 eum,
953 591 1053 644 quid
1085 596 1191 644 agat,
1225 603 1350 644 quem
1381 590 1432 629 ad
1464 592 1634 631 modum
1666 592 1790 640 vivat,
1817 592 2041 646 inquiritur

279 663 345 704 et,
385 662 596 709 tamquam
637 655 680 694 in
721 653 952 693 clarissima
991 654 1081 693 luce
1122 659 1330 699 versetur,
1370 652 1426 692 ita
1459 653 1618 693 nullum
1651 654 1873 694 obscurum
1904 658 2041 707 potest

278 732 355 759 nec
387 718 540 757 dictum
573 717 662 757 eius
694 730 786 756 esse
818 730 894 756 nec
925 714 1093 756 sactum.
1151 713 1218 755 45.
1257 715 1443 763 Quarum
1475 721 1612 756 autem
1644 717 1774 770 prima
1801 722 1914 756 aetas
1944 730 2040 770 pro-

278 788 369 834 pter
397 780 671 820 humilitatem
713 784 754 819 et
794 779 1089 818 obscuritatem
1127 779 1169 818 in
1208 778 1424 817 hominum
1456 778 1720 830 ignoratione
1752 784 1957 827 versatur,
1996 780 2039 827 ii,

227 854 263 883 ⁴0
278 844 399 884 simul
431 856 478 883 ac
509 843 683 882 iuvenes
715 855 806 881 esse
839 847 1079 894 coeperunt,
1112 854 1261 894 magna
1291 847 1479 893 spectare
1512 846 1553 881 et
1584 841 1635 881 ad
1668 855 1717 881 ea
1745 843 1865 882 rectis
1888 842 2038 883 studiis

277 907 430 946 debent
460 902 737 945 contendere:
770 903 884 957 quod
916 917 966 944 eo
999 902 1178 943 firmiore
1210 903 1349 943 animo
1379 903 1551 950 facient,
1585 905 1685 957 quia
1706 917 1787 944 non
1809 906 1933 945 modo
1955 919 2038 946 non

276 968 488 1008 invidetur
517 968 577 1007 illi
608 967 755 1014 aetati,
795 980 939 1007 verum
971 966 1096 1006 etiam
1129 965 1303 1005 favetur.
1364 966 1500 1005 Prima
1531 972 1594 1006 est
1625 967 1748 1019 igitur
1778 967 2038 1008 adulescenti

277 1031 583 1071 commendatio
615 1030 666 1069 ad
698 1029 895 1082 gloriam,
928 1029 962 1069 si
994 1042 1077 1082 qua
1108 1042 1161 1068 ex
1191 1028 1353 1068 bellicis
1385 1028 1508 1068 rebus
1540 1029 1769 1082 comparari
1799 1035 1956 1082 potest,
1995 1031 2040 1071 in

276 1107 359 1146 qua
401 1092 519 1132 multi
558 1091 669 1146 apud
711 1092 890 1131 maiores
930 1096 1097 1131 nostros
1138 1091 1412 1138 exstiterunt3
1457 1104 1623 1144 semper
1664 1091 1771 1131 enim
1810 1091 1898 1132 fere
1928 1093 2039 1133 bella

225 1165 260 1193 45
276 1155 541 1208 gerebantur.
610 1156 700 1194 Tua
739 1160 878 1194 autem
919 1159 1033 1194 aetas
1075 1153 1224 1194 incidit
1260 1153 1303 1192 in
1341 1153 1380 1193 id
1413 1153 1591 1200 bellum,
1634 1153 1751 1193 cuius
1782 1154 1912 1194 altera
1944 1168 2039 1208 pars

275 1217 445 1258 sceleris
487 1217 663 1257 nimium
700 1215 872 1264 habuit,
913 1217 1043 1256 altera
1083 1214 1297 1256 felicitatis
1337 1229 1496 1269 parum.
1558 1215 1652 1263 Quo
1683 1221 1819 1255 tamen
1851 1216 1894 1256 in
1926 1217 2037 1258 bello

275 1295 366 1321 cum
390 1285 428 1320 te
450 1280 674 1332 Pompeius
705 1280 794 1319 alae
830 1276 979 1333 [alteri]
1013 1279 1297 1332 praefecisset,
1328 1292 1521 1331 magnam
1553 1278 1719 1319 laudem
1751 1284 1792 1319 et
1821 1293 1843 1319 a
1875 1294 2037 1321 summo

274 1343 362 1383 viro
401 1348 442 1382 et
482 1342 532 1382 ab
574 1342 760 1382 exercitu
800 1342 1116 1395 consequebare
1155 1342 1406 1394 equitando,
1444 1341 1685 1389 iaculando,
1727 1342 1839 1382 omni
1871 1343 2040 1384 militari

275 1404 414 1446 labore
445 1404 678 1446 tolerando.
737 1406 873 1457 Atque
916 1418 963 1444 ea
1004 1405 1175 1458 quidem
1218 1410 1288 1444 tua
1330 1405 1419 1444 laus
1460 1405 1618 1457 pariter
1654 1418 1747 1445 cum
1786 1418 1830 1445 re
1871 1406 2040 1458 publica

222 1475 260 1504 20
275 1467 440 1507 cecidit.
498 1467 600 1507 Mihi
630 1472 769 1506 autem
799 1466 903 1506 haec
936 1467 1070 1506 oratio
1101 1472 1293 1519 suscepta
1325 1480 1409 1506 non
1442 1467 1493 1506 de
1525 1472 1564 1507 te
1597 1471 1670 1513 est,
1703 1465 1774 1506 sed
1806 1467 1856 1507 de
1888 1481 2061 1520 genere.

274 1534 386 1569 toto:
435 1542 560 1582 quam
602 1529 654 1568 ob
692 1543 779 1568 rem
817 1542 1038 1582 pergamus
1077 1529 1129 1569 ad
1161 1542 1231 1575 ea,
1273 1542 1380 1582 quae
1412 1534 1583 1569 restant.
1651 1526 1717 1568 46.
1758 1529 1808 1569 Ut
1838 1530 1965 1583 igitur
1995 1532 2038 1571 in

274 1592 448 1646 reliquis
488 1592 612 1631 rebus
651 1591 783 1631 multo
825 1592 982 1631 maiora
1023 1605 1150 1644 opera
1190 1596 1285 1631 sunt
1315 1592 1442 1631 animi
1475 1605 1598 1645 quam
1630 1592 1841 1644 corporis,
1875 1593 1933 1633 sic
1964 1607 2038 1635 eae

276 1668 366 1703 reS‚
409 1667 510 1708 quas
550 1654 721 1707 ingenio
760 1667 807 1694 ac
848 1655 1008 1693 ratione
1049 1656 1359 1708 persequimur,
1400 1655 1600 1707 gratiores
1641 1660 1738 1694 sunt
1771 1667 1896 1707 quam
1927 1655 2037 1705 illae,

275 1731 380 1770 quas
411 1716 583 1756 viribus.
644 1717 778 1756 Prima
817 1717 945 1770 igitur
986 1717 1295 1757 commendatio
1338 1715 1616 1770 proficiscitur
1654 1729 1677 1755 a
1710 1717 1914 1757 modestia
1945 1732 2037 1759 cum

223 1791 259 1819 ‘25
273 1780 430 1833 pietate
461 1779 503 1818 in
535 1784 747 1832 parentes,
789 1779 831 1818 in
864 1792 962 1818 suos
994 1780 1302 1819 benevolentia.
1361 1779 1587 1818 Facillume
1619 1783 1756 1818 autem
1789 1784 1830 1819 et
1859 1780 1901 1819 in
1933 1781 2039 1833 opti-

275 1855 383 1882 mam
422 1847 583 1894 partem
623 1847 931 1894 cognoscuntur
969 1842 1282 1888 adulescentes,
1325 1843 1393 1895 qui
1434 1856 1477 1882 se
1510 1842 1561 1882 ad
1593 1843 1727 1882 claros
1759 1848 1800 1882 et
1831 1845 2038 1897 sapientes

273 1904 385 1944 viros
416 1904 522 1944 bene
555 1904 820 1944 consulentes
854 1905 913 1943 rei
943 1904 1135 1957 publicae
1158 1904 1443 1951 contuleruut,
1467 1905 1716 1958 quibuscum
1738 1905 1772 1945 si
1793 1904 2038 1958 frequentes

274 1972 389 2014 sunt,
428 1967 671 2019 opinionem
703 1966 897 2006 adferunt
927 1967 1082 2019 populo
1115 1981 1260 2007 eorum
1291 1967 1383 2006 fore
1414 1981 1457 2006 se
1490 1967 1671 2014 similes,
1706 1981 1812 2020 quos
1845 1967 1923 2007 sibi
1956 1968 2036 2021 ipsi

274 2028 506 2082 delegerint
536 2029 586 2068 ad
618 2029 877 2068 imitandum.
940 2028 1005 2067 47.
1038 2031 1079 2069 Ρ.
1104 2029 1245 2069 Rutilii
1277 2029 1604 2069 adulescentiam
1636 2028 1688 2069 ad
1719 2030 1965 2081 opinionem
1997 2035 2039 2070 et

222 2091 540 2132 30innocentiae
579 2096 620 2131 et
655 2091 757 2130 iuris
797 2092 996 2131 scientiae
1038 2093 1080 2131 P.
1115 2091 1243 2131 Mucii
1286 2091 1594 2131 commendavit
1633 2091 1792 2131 domus.
1856 2093 1959 2132 Nam
1990 2093 2036 2133 L.

273 2154 440 2206 quidem
472 2155 667 2200 Crassus,
699 2167 790 2193 cum
822 2160 933 2193 esset
962 2154 1189 2194 admodum
1220 2153 1489 2201 adulescens,
1521 2167 1604 2192 non
1635 2153 1803 2194 aliunde
1826 2160 2036 2196 mutuatus

274 2221 359 2263 est,
401 2215 474 2256 sed
517 2216 596 2256 sibi
635 2216 726 2269 ipse
766 2217 928 2270 peperit
959 2230 1196 2256 maxumam
1229 2217 1393 2256 laudem
1426 2229 1478 2255 ex
1509 2216 1580 2255 illa
1610 2217 1874 2256 accusatione
1905 2217 2036 2258 nobili

361 2409 390 2438 4.
416 2416 528 2439 sumus
551 2416 569 2439 c
596 2424 630 2429 —
665 2407 843 2438 uideamur
865 2414 931 2438 esse
954 2415 972 2438 c
999 2424 1033 2428 —
1069 2408 1099 2438 ΕΞ.
1126 2407 1150 2438 ii
1174 2408 1247 2439 Bb:
1274 2407 1307 2438 hi
1331 2407 1399 2445 Ha,
1425 2407 1471 2447 hij
1494 2415 1512 2439 c
1542 2424 1576 2429 —
1611 2408 1641 2438 6.
1668 2408 1775 2446 adque
1797 2409 1819 2440 b
1847 2426 1881 2431 —-
1910 2409 1940 2441 9.
1967 2410 2035 2450 qui,

273 2459 370 2490 simul
392 2468 432 2489 ac
455 2459 581 2490 iuvenis
605 2466 669 2489 esse
692 2460 884 2496 coeperunt,
910 2466 1034 2496 magna
1058 2460 1204 2496 spectare
1227 2460 1325 2496 atque
1349 2458 1392 2488 ad
1415 2466 1456 2488 ea
1474 2475 1492 2480 -
1507 2475 1525 2480 -
1542 2458 1733 2488 corilendere
1757 2458 1887 2490 Nonius
1911 2467 1944 2499 p.
1961 2458 2035 2491 402.

277 2526 312 2531 --
338 2508 370 2538 hi
392 2508 489 2538 simul
513 2508 559 2546 H,
591 2508 645 2547 Hij
668 2507 765 2538 siiizul
789 2515 826 2544 03
858 2507 898 2538 iis
920 2507 1016 2537 simul
1039 2509 1078 2545 b,
1112 2508 1160 2538 liis
1183 2508 1281 2538 simul
1304 2516 1326 2539 a.
1358 2524 1393 2529 -
1429 2509 1480 2539 40,
1508 2511 1537 2538 et
1560 2508 1702 2539 Bllab:
1737 2511 1834 2547 atque
1858 2517 1876 2540 c
1911 2526 1946 2531 —
1981 2511 2035 2542 Μ.

273 2559 464 2588 contendere
487 2558 600 2589 debent
623 2566 640 2588 c
667 2574 701 2579 -—
735 2557 862 2596 faciant
885 2564 903 2588 c
931 2574 964 2578 -
1001 2566 1067 2587 non
1089 2557 1222 2587 uidetur
1244 2558 1299 2596 bp
1332 2574 1366 2578 —
1403 2557 1454 2588 42.
1481 2558 1586 2598 ἐρίων
1608 2560 1654 2588 est
1675 2557 1696 2588 b
1725 2573 1758 2579 ·—-
1795 2558 1845 2588 43.
1873 2567 2037 2590 commen-

273 2608 362 2638 datio
386 2608 580 2639 adolescenti
604 2617 622 2639 c
651 2625 685 2630 -—
711 2608 738 2638 si
762 2616 823 2646 que
845 2616 887 2638 ex
911 2615 929 2638 c
956 2624 990 2628 —
1020 2607 1070 2637 47.
1098 2607 1194 2637 alleri
1218 2606 1286 2637 del.
1303 2608 1483 2639 Graevius.
1517 2608 1625 2639 «Cum
1645 2608 1790 2638 Graevio
1815 2609 1915 2639 omisi
1941 2609 2038 2641 alleri

272 2657 442 2697 probante
468 2657 651 2697 Madvigio.
700 2659 787 2688 Nam
813 2666 894 2688 cum
921 2657 1056 2696 priores
1082 2657 1290 2697 interpretes
1321 2658 1446 2688 frustra
1479 2659 1589 2688 artem
1615 2665 1732 2693 suam,
1765 2658 1801 2687 ut
1825 2659 2036 2691 sententiam

272 2708 453 2743 eruerent,
488 2707 749 2744 adhibuissent,
783 2708 963 2747 Zumptius
993 2707 1182 2737 norissime
1216 2716 1294 2737 eam
1326 2706 1510 2747 amplexus
1544 2708 1597 2738 est
1630 2706 1749 2737 falsam
1775 2707 1966 2745 rationem,
2000 2712 2036 2741 ut

271 2754 406 2786 diceret
431 2757 638 2788 Ciceronem
664 2756 791 2795 tilium,
823 2765 973 2797 puerum
1005 2755 1163 2787 sedecim
1188 2765 1380 2795 annorum,
1414 2756 1579 2788 dimidiae
1610 2757 1698 2797 parti
1731 2757 1905 2796 equitatus
1930 2760 2036 2791 Pom-

271 2805 384 2845 peiani
410 2806 615 2845 praefuisse.
666 2805 776 2837 Facile
801 2807 963 2846 apparet,
994 2805 1171 2836 neminem
1198 2805 1228 2835 in
1256 2808 1326 2837 tam
1354 2807 1468 2847 inepta
1495 2807 1780 2847 interpretatione
1805 2810 2034 2846 acquiescere

271 2862 388 2894 posse,
414 2856 451 2884 ut
475 2857 623 2893 taceam,
651 2855 835 2886 dimidium
860 2856 1053 2894 equitatum
1080 2863 1271 2894 numquam
1297 2857 1482 2893 significari
1508 2855 1759 2897 appellatione,
1787 2865 1877 2895 quae
1903 2860 1954 2888 est
1978 2859 2035 2890 ala

271 2903 389 2934 altera.
431 2905 574 2935 Constat
596 2914 682 2935 vero
706 2906 797 2936 alam
820 2905 1016 2945 significare
1042 2906 1175 2944 partem
1201 2904 1352 2944 aliquam
1378 2907 1450 2937 sive
1477 2909 1613 2937 certum
1640 2914 1826 2937 numerum
1854 2909 2030 2947 equitum3

272 2961 354 2992 ergo
373 2954 494 2983 Cicero
520 2953 609 2985 silius
634 2956 708 2985 sine
733 2954 840 2985 dubio
866 2954 1013 2995 praefuit
1038 2952 1111 2984 alae
1137 2952 1237 2984 alicui
1263 2956 1433 2994 equitum,
1461 2964 1550 2995 quae
1577 2956 1724 2995 dignitas
1750 2957 1839 2987 inter
1857 2958 2033 2988 centuria-

271 3004 344 3033 tum
376 3004 410 3033 et
442 3004 697 3043 praefecturam
734 3004 880 3035 militum
917 3003 1009 3044 apud
1042 3004 1214 3033 Romanos
1250 3004 1366 3034 habita
1404 3005 1487 3035 satis
1524 3005 1756 3036 conveniebat
1787 3014 1896 3046 puero
1927 3006 2033 3038 nobili

271 3052 382 3091 prima
408 3052 604 3083 rudimenta
630 3056 826 3085 castrorum
852 3054 991 3084 facienti
1018 3055 1196 3092 tamquam
1224 3055 1416 3093 auspicatio
1436 3054 1587 3087 militiae.
1620 3055 1668 3087 Cs.
1689 3057 1831 3087 sueton.
1852 3054 1972 3086 Claud.
1992 3056 2032 3087 25

271 3104 306 3132 et
329 3101 475 3141 Madvig.
503 3105 629 3141 opusc.
656 3104 762 3134 Acad.
791 3104 802 3135 Ι
828 3103 917 3143 p.38
942 3112 1017 3143 sq.»
1044 3104 1145 3133 Lim-n.
1178 3118 1211 3124 —
1247 3112 1267 3133 a
1292 3112 1361 3134 om.
1382 3103 1418 3134 B¹
1446 3121 1479 3125 -—
1516 3105 1565 3135 48.
1594 3104 1635 3135 ab
1659 3113 1716 3135 om
1750 3105 1775 3135 ll
1810 3122 1844 3126 —
1879 3105 1991 3134 omnia
2014 3112 2033 3135 c

274 3169 307 3174 —-
335 3152 387 3182 Ἡ.
416 3152 465 3182 Uli
489 3152 592 3190 igitur
618 3153 641 3183 H
671 3170 704 3174 —
733 3153 766 3183 in
790 3153 886 3184 rebus
910 3153 1045 3191 reliquis
1069 3161 1087 3183 c
1114 3169 1148 3173 —
1177 3153 1216 3183 9¹2
1255 3153 1310 3183 hee
1334 3161 1352 3184 c
1381 3171 1414 3175 —
1448 3153 1500 3183 ⁶23.
1528 3162 1567 3184 ac
1591 3154 1740 3184 oratioue
1764 3162 1782 3185 c
1810 3171 1844 3174 —
1870 3154 2035 3193 gratiores

271 3201 315 3231 C:
343 3201 517 3240 yrauiores
540 3199 606 3231 alii.
635 3218 668 3223 —
697 3202 749 3233 94.
777 3212 851 3233 cum
876 3203 1064 3233 Victorius:
1092 3205 1160 3232 tum
1186 3204 1209 3232 (Σ
1238 3219 1270 3223 -
1308 3203 1359 3232 ⁶28.
1387 3204 1571 3241 opinione-m
1595 3205 1741 3243 afferunt
1763 3203 1894 3242 populo,
1921 3211 2035 3234 eorum

270 3251 309 3280 sit
332 3250 450 3281 similes
471 3250 558 3288 fore,
586 3259 664 3289 quos
687 3252 745 3281 sibi
769 3253 945 3291 deleverint
969 3253 1013 3283 ad
1036 3252 1233 3283 imilandwn
1258 3253 1387 3282 Nonius
1413 3261 1445 3292 p.
1462 3253 1535 3284 356.
1573 3270 1607 3274 —
1647 3253 1697 3284 29.
1727 3253 1913 3293 deleyerunt
1944 3259 1963 3282 c
1991 3267 2034 3273 —

263 3299 370 3339 publij
385 3299 478 3330 rutili
501 3307 519 3330 ο
545 3316 579 3321 —-
607 3299 659 3331 30.
684 3302 779 3331 nautii
802 3302 825 3332 B
841 3302 927 3342 a-bc
956 3318 989 3323 —
1023 3301 1076 3333 31.
1101 3301 1279 3332 admodum
1304 3310 1373 3333 om.
1394 3310 1424 3333 c.
