2249 3624
336 135 417 176 ⁶288
771 136 1202 178 TUSCULANARUM
1231 139 1669 183 DISPUTATIONUM

334 242 552 295 cogitavit,
585 256 691 296 quae
723 242 919 294 cogitatio
951 257 1034 284 una
1064 244 1245 286 maxime
1277 246 1490 286 molestias
1518 247 1651 286 omnis
1675 252 1876 288 extenuat
1897 254 1937 289 et
1960 248 2101 297 diluit;

332 304 503 352 deinde,
536 305 647 359 quod
678 305 860 345 humana
891 305 1072 347 humane
1110 307 1284 347 ferenda
1313 308 1538 361 intellegit3
1580 314 1814 361 postremo,
1846 311 1956 364 quod
1990 312 2105 351 videt

331 367 484 406 malum
516 367 675 406 nullum
709 381 800 407 esse
822 368 902 406 nisi
927 368 1103 421 culpam,
1135 369 1299 422 culpam
1322 375 1460 410 autem
1482 371 1639 410 nullam
1663 384 1767 417 esse,
1800 385 1892 412 cum
1913 372 1968 420 id,
1991 374 2103 427 quod

329 428 379 467 ab
401 428 571 468 homine
602 443 685 468 nou
718 430 899 482 potuerit
922 431 1138 483 praestari,
1170 433 1371 472 evenerit.
1416 430 1482 472 35.
1505 434 1607 472 Nam
1630 435 1840 474 revocatio
1862 435 1946 483 illa,
1979 449 2102 489 quam

297 490 482 538 5adfert,
515 505 608 531 cum
639 505 660 531 a
693 491 942 531 contuendis
975 506 1050 532 nos
1082 493 1201 532 malis
1233 500 1399 541 avocat,
1432 495 1548 534 nulla
1579 501 1652 535 est.
1706 497 1798 536 Non
1831 504 1895 538 est
1926 499 2102 538 enimin

327 559 470 593 nostra
502 559 706 606 potestate
737 553 1018 593 fodicantibus
1051 555 1100 594 iis
1133 556 1277 603 rebus,
1310 570 1412 609 quas
1445 558 1573 597 malas
1605 571 1695 598 esse
1719 560 1948 612 opinemur,
1980 559 2105 600 dissi·

328 616 499 656 mulatio
524 616 588 655 vel
612 616 791 656 oblivio:
825 616 1028 663 lacerant,
1062 625 1235 665 vexant,
1267 619 1458 658 stimulos
1482 620 1727 668 admovent,
1759 621 1867 674 ignis
1890 622 2102 669 adhibent,

326 678 532 731 respirare
572 691 657 717 non
698 679 851 718 sinunt.
900 680 950 718 Et
989 685 1031 718 tu
1071 680 1260 720 oblivisci
1304 681 1442 728 iubes,
1484 682 1596 734 quod
1630 689 1772 723 contra
1803 690 1993 724 naturam
2027 688 2102 730 est,

329 741 398 794 qui
441 741 552 794 quod
594 753 617 779 a
654 746 802 780 natura
844 741 986 780 datum
1025 748 1087 781 est
1128 743 1331 783 auxilium
1365 749 1617 796 extorqueas
1657 746 1877 786 inveterati
1911 746 2102 786 doloris?

277 808 311 836 40
328 803 400 842 Est
441 803 551 841 enim
591 803 708 842 tarda
746 803 818 842 illa
861 803 1027 856 quidem
1070 805 1277 845 medicina
1308 806 1381 845 sed
1422 811 1559 845 tamen
1594 820 1766 860 magna,
1808 821 1932 862 quam
1966 808 2102 847 adfert

325 864 608 919 longinquitas
640 871 681 904 et
711 865 812 905 dies.
860 867 983 905 Iubes
1015 881 1079 907 me
1105 868 1213 907 bona
1236 868 1439 920 cogitare,
1472 868 1659 908 oblivisci
1684 870 1899 910 malorum.
1932 870 2100 909 Diceres

325 927 485 980 aliquid
519 933 559 967 et
590 941 740 980 magno
773 927 944 981 quidem
975 928 1230 982 philosopho
1263 930 1454 983 dignum,
1498 931 1529 969 si
1563 944 1610 971 ea
1640 931 1751 971 bona
1783 945 1873 971 esse
1907 932 2098 980 sentires,

325 1003 431 1044 quae
463 995 602 1030 essent
633 990 802 1030 homine
834 991 1091 1044 dignissima.

438 1053 566 1093 XVII.
597 1051 663 1092 36.
695 1053 948 1106 Pythagoras
980 1054 1081 1093 mihi
1113 1054 1147 1095 si
1182 1054 1338 1094 diceret
1369 1060 1440 1094 aut
1471 1055 1660 1095 Socrates
1693 1060 1765 1095 aut
1785 1056 1923 1096 Plato:
1958 1057 2099 1106 «Quid

272 1120 307 1148 15
322 1117 430 1156 iaces
462 1120 533 1155 aut
563 1115 663 1168 quid
697 1128 857 1155 maeres
888 1122 959 1156 aut
990 1129 1063 1155 cur
1102 1117 1339 1157 succumbis
1371 1117 1570 1170 cedisque
1601 1116 1824 1158 fortunae?
1867 1131 1974 1172 quae
2006 1132 2100 1171 per-

322 1178 476 1218 vellere
508 1183 547 1217 te
578 1177 753 1218 forsitan
792 1179 1044 1233 potuerit'et
1081 1193 1284 1232 pungere,
1326 1192 1409 1218 non
1442 1179 1578 1233 potuit
1609 1186 1721 1220 certe
1754 1181 1860 1220 vires
1891 1180 2097 1234 frangere.

321 1241 470 1293 Magna
500 1241 561 1280 vis
594 1245 656 1280 est
687 1240 729 1278 in
760 1241 1003 1280 virtutibus:
1036 1254 1105 1281 eas
1129 1243 1284 1288 excita,
1317 1241 1351 1280 si
1373 1240 1479 1280 forte
1503 1242 1730 1282 dormiunt.
1761 1243 1847 1282 Iam
1868 1243 1942 1283 tibi
1965 1243 2100 1283 aderit

319 1303 514 1356 princeps
545 1301 762 1350 fortitudo,
797 1316 904 1356 quae
936 1308 977 1343 te
1009 1304 1147 1343 animo
1179 1309 1295 1343 tanto
1319 1316 1410 1343 esse
1435 1310 1574 1357 coget,
1605 1310 1651 1344 ut
1673 1306 1834 1352 omnia,
1866 1319 1972 1360 quae
2001 1319 2099 1359 pos-

321 1364 405 1404 sint
434 1365 594 1405 homini
627 1365 818 1412 evenire,
851 1371 1094 1405 contemnas
1128 1372 1167 1406 et
1199 1380 1275 1419 pro
1307 1366 1439 1407 nihilo
1471 1372 1614 1420 putes;
1647 1367 1779 1407 aderit
1805 1368 2096 1421 temperantia,

269 1431 306 1462 20
320 1440 426 1480 quae
459 1432 523 1467 est
554 1428 699 1467 eadem
732 1427 973 1475 moderatio,
1008 1441 1028 1468 a
1059 1442 1124 1468 me
1157 1428 1327 1481 quidem
1359 1429 1483 1482 paulo
1515 1435 1609 1469 ante
1631 1430 1842 1482 appellata
1864 1429 2095 1483 frugalitas,

320 1503 427 1544 quae
458 1495 497 1530 te
530 1491 705 1543 turpiter
735 1496 775 1530 et
805 1491 996 1544 nequiter
1017 1489 1153 1530 facere
1176 1490 1278 1530 nihil
1303 1491 1493 1543 patietur.
1533 1491 1643 1540 Quid
1668 1497 1730 1531 est
1751 1497 1888 1532 autem
1912 1492 2093 1545 nequius

318 1558 390 1593 aut
418 1553 584 1606 turpius
617 1552 867 1593 ecfeminato
896 1553 1014 1592 viro?
1048 1554 1107 1592 Ne
1139 1553 1298 1592 iustitia
1321 1553 1489 1607 quidem
1522 1554 1632 1593 sinet
1664 1559 1704 1593 te
1735 1555 1814 1594 ista
1844 1554 1996 1602 facere,
2029 1554 2095 1594 cui

318 1616 535 1656 minimum
569 1629 659 1655 esse
682 1616 845 1654 videtur
874 1615 915 1653 in
948 1614 1023 1654 hac
1056 1629 1179 1655 causa
1212 1615 1305 1663 loci,
1338 1629 1445 1669 quae
1477 1621 1613 1656 tamen
1651 1616 1707 1655 ita
1739 1617 1850 1657 dicet
1872 1617 2096 1670 dupliciter

317 1691 408 1717 esse
440 1683 480 1718 te
512 1678 727 1724 iniustum,
751 1691 842 1717 cum
868 1682 907 1716 et
926 1677 1110 1717 alienum
1133 1678 1318 1731 adpetas,
1352 1680 1425 1732 qui
1447 1679 1636 1718 mortalis
1664 1685 1787 1719 natus
1810 1680 2093 1719 conditionem

266 1745 303 1774 25
316 1740 504 1794 postules
527 1740 824 1787 inmortalium,
855 1745 895 1779 et
917 1741 1099 1792 graviter
1118 1740 1227 1780 feras
1250 1746 1302 1787 te,
1336 1741 1447 1794 quod
1472 1742 1673 1781 utendum
1697 1744 1920 1796 acceperis,
1951 1742 2092 1782 reddi-

316 1803 440 1843 disse.
472 1801 538 1842 37.
561 1803 811 1842 Prudentiae
830 1815 929 1842 vero
946 1802 1045 1857 quid
1067 1803 1342 1856 respondebis
1362 1803 1528 1843 docenti
1550 1804 1743 1843 virtutem
1767 1818 1859 1844 sese
1882 1818 1974 1845 esse
1995 1818 2094 1844 con-

316 1871 484 1913 tentam,
508 1879 591 1918 quo
614 1865 740 1904 modo
763 1865 814 1904 ad
835 1865 941 1904 bene
964 1865 1204 1913 vivendum,
1237 1866 1294 1905 sic
1326 1866 1450 1906 etiam
1473 1866 1524 1906 ad
1546 1867 1702 1906 beate?
1736 1866 1854 1915 Quae
1877 1869 1911 1908 si
1934 1867 2093 1908 extrin-

316 1941 436 1968 secus
467 1928 640 1981 religata
671 1927 855 1981 pendeat
886 1933 925 1967 et
956 1941 1040 1967 non
1073 1933 1113 1967 et
1144 1929 1301 1968 oriatur
1331 1941 1354 1968 a
1386 1942 1428 1968 se
1457 1935 1498 1969 et
1527 1942 1670 1969 rursus
1703 1929 1752 1969 ad
1786 1943 1830 1969 se
1860 1934 2094 1969 revertatur

316 1996 356 2030 et
387 1991 527 2031 omnia
558 2004 631 2030 sua
653 1990 872 2043 complexa
893 1990 998 2029 nihil
1023 1998 1195 2044 quaerat
1217 1991 1412 2038 aliunde,
1446 2005 1529 2031 non
1549 1991 1749 2045 intellego
1773 2005 1845 2031 cur
1864 1996 1935 2031 aut
1955 1991 2093 2031 verbis

264 2056 397 2092 30tam
438 2051 707 2093 vehementer
749 2052 937 2092 ornanda
980 2059 1051 2092 aut
1093 2067 1136 2092 re
1176 2059 1292 2093 tanto
1326 2067 1451 2107 opere
1484 2055 1721 2107 expetenda
1754 2053 1981 2093 videatur.»
2028 2051 2092 2091 Ad

313 2114 416 2155 haec
447 2116 557 2155 bona
589 2129 654 2155 me
685 2116 720 2155 si
760 2128 953 2162 revocas,
996 2116 1197 2168 Epicure,
1238 2129 1386 2168 pareo,
1429 2129 1600 2169 sequor,
1642 2121 1735 2156 utor
1770 2121 1809 2155 te
1848 2116 1941 2169 ipso
1973 2115 2093 2169 duce,

314 2179 542 2219 obliviscor
573 2179 697 2218 etiam
731 2178 957 2225 malorum,
991 2184 1036 2217 ut
1066 2178 1208 2225 iubes,
1241 2191 1376 2232 eoque
1408 2178 1594 2225 facilius,
1627 2178 1740 2231 quod
1764 2191 1811 2218 ea
1832 2193 1884 2220 ne
1907 2180 1949 2219 in
1972 2178 2092 2218 malis

315 2242 486 2295 quidem
517 2241 711 2294 ponenda
743 2254 907 2280 censeo.
966 2241 1047 2280 Sed
1086 2241 1270 2280 traducis
1303 2240 1583 2293 cogitationes
1616 2254 1727 2280 meas
1759 2241 1811 2280 ad
1843 2241 2091 2293 voluptates.

314 2304 461 2352 Quas?
495 2303 688 2355 Corporis
720 2303 843 2343 credo
877 2308 948 2342 aut
980 2316 1087 2356 quae
1119 2309 1291 2356 propter
1321 2316 1472 2356 corpus
1503 2303 1567 2342 vel
1600 2303 1887 2342 recordatione
1919 2302 1985 2342 vel
2017 2314 2090 2355 spe

260 2370 298 2399 35
313 2367 561 2419 cogitentur.
616 2367 721 2405 Num
756 2365 858 2419 quid
896 2371 957 2405 est
988 2366 1137 2405 aliud?
1179 2370 1346 2405 rectene
1379 2366 1632 2418 interpretor
1663 2365 1912 2404 sententiam
1944 2365 2090 2403 tuam?

314 2430 459 2469 Solent
499 2429 609 2468 enim
655 2428 721 2467 isti
765 2442 917 2481 negare
957 2442 1032 2468 nos
1065 2428 1311 2480 intellegere
1345 2427 1445 2480 quid
1479 2427 1589 2467 dicat
1619 2428 1840 2480 Epicurus,
1901 2424 1968 2466 38.
1999 2426 2090 2466 Hoc

314 2491 415 2531 dicit
446 2497 485 2531 et
515 2491 596 2530 hoc
626 2490 698 2529 ille
729 2490 937 2530 acriculus
969 2504 1034 2530 me
1065 2490 1262 2530 audiente
1281 2490 1456 2529 Athenis
1480 2502 1610 2529 senex
1631 2491 1763 2537 Zeno,
1794 2490 1972 2529 istorum
1993 2501 2090 2528 acu-

312 2554 518 2600 tissimus,
562 2553 817 2593 contendere
859 2558 899 2592 et
941 2566 1091 2605 magna
1121 2567 1223 2593 voce
1256 2553 1394 2592 dicere
1427 2552 1608 2599 solebat,
1654 2565 1750 2591 eum
1783 2564 1875 2591 esse
1904 2551 2088 2598 beatum,

312 2616 382 2668 qui
413 2615 702 2669 praesentibus
735 2615 1020 2668 voluptatibus
1051 2615 1260 2655 frueretur
1291 2613 1604 2667 confideretque
1636 2627 1680 2654 se
1709 2613 1931 2654 fruiturum
1953 2613 2089 2653 autin

260 2682 298 2712 40
312 2678 424 2718 omni
456 2683 528 2718 aut
557 2678 600 2718 in
631 2691 782 2731 magna
813 2683 929 2731 parte
960 2678 1069 2718 vitae
1102 2677 1247 2718 dolore
1279 2690 1365 2717 non
1395 2677 1704 2718 interveniente
1725 2680 1819 2724 aut,
1852 2675 1886 2716 si
1906 2675 2088 2716 interve-

397 2865 428 2896 4.
453 2864 609 2904 cogitavit
635 2864 813 2895 Davisius:
849 2864 1048 2904 coyitauerit
1079 2864 1143 2896 CO
1177 2880 1211 2885 -—
1245 2863 1276 2894 ἓ.
1303 2863 1450 2893 humana
1478 2861 1620 2892 humane
1650 2860 1760 2892 codex
1785 2860 1990 2891 Vaticanus:
2022 2859 2085 2891 hu-

308 2922 411 2944 mana
435 2914 459 2944 G
474 2913 517 2950 03
544 2913 709 2944 humanae
732 2912 789 2950 ΒΗ
816 2913 959 2945 humane
982 2913 1057 2945 R2B
1087 2931 1119 2935 —
1147 2914 1165 2944 5
1204 2921 1267 2944 non
1294 2916 1337 2944 est
1358 2913 1443 2943 enim
1461 2927 1506 2934 ·-
1524 2911 1569 2942 eis
1592 2910 1704 2949 rebus,
1731 2918 1814 2950 quas
1833 2909 1941 2941 malas
1964 2910 2085 2949 opina—

307 2972 396 3001 mur,
429 2963 646 2994 dissimulatio
677 2963 727 2994 vel
757 2962 875 2994 oblivio
907 2964 1040 2994 Nonius
1070 2970 1148 3003 pag.
1177 2962 1229 2993 66.
1256 2979 1298 2984 —-
1333 2962 1363 2992 6.
1390 2961 1438 2991 his
1463 2961 1486 2992 C
1516 2978 1550 2983 —
1578 2960 1607 2991 9.
1637 2960 1693 2998 qui
1717 2960 1805 2999 quod
1827 2968 1848 2990 a
1871 2963 1997 2991 natura
2019 2959 2084 2991 da—

308 3017 378 3045 tum
407 3017 454 3045 est
484 3013 649 3044 auxilium
680 3012 900 3053 Tregderus:
936 3014 1015 3051 quia
1040 3016 1165 3043 natura
1189 3012 1304 3043 datum
1327 3015 1372 3043 est
1396 3011 1563 3042 auxilium
1589 3010 1633 3046 (ῖς
1669 3010 1754 3050 quod
1778 3019 1798 3041 a
1822 3013 1947 3041 natura
1969 3010 2083 3041 datum

308 3067 353 3095 est
377 3063 544 3094 auaeilium
569 3061 641 3098 alii;
669 3063 724 3101 qui
748 3072 769 3093 a
792 3067 917 3094 natura
942 3063 1056 3094 datum
1079 3062 1246 3093 auxilium
1262 3061 1287 3091 O
1308 3079 1342 3083 —
1371 3060 1420 3092 114.
1446 3064 1631 3100 pytagoras
1654 3060 1678 3091 G
1693 3060 1717 3091 R
1738 3077 1772 3081 —
1802 3059 1853 3090 49.
1871 3062 2084 3098 contempnas

310 3114 374 3145 GR
402 3130 437 3135 —
464 3113 516 3144 21.
539 3113 694 3152 patiatur
719 3114 742 3143 C
771 3130 805 3135 —
842 3112 894 3144 23.
921 3112 998 3153 loci]
1023 3112 1113 3151 loqui
1138 3112 1161 3143 C
1199 3129 1232 3133 —
1266 3111 1318 3143 24.
1346 3111 1569 3141 condicionem
1593 3110 1619 3141 R
1653 3126 1687 3132 —
1720 3109 1773 3140 ⁶26.
1806 3108 1892 3148 quod
1923 3107 2000 3139 ead.
2031 3116 2077 3139 m.

310 3171 400 3194 corr.
426 3162 461 3193 in
486 3162 564 3199 quid
587 3162 612 3193 R
639 3178 673 3183 -
701 3162 753 3193 28.
780 3166 808 3193 et
833 3164 912 3194 ante
937 3162 1069 3193 oriatur
1093 3170 1161 3192 om.
1191 3162 1234 3192 R.
1270 3160 1340 3192 «Cf.
1368 3161 1392 3199 Ι,
1420 3160 1480 3192 45ῑ
1515 3164 1551 3191 et
1568 3177 1615 3182 --
1633 3163 1664 3191 et
1685 3167 1832 3190 rursum.
1863 3157 1907 3189 de
1933 3158 2026 3189 Orat.
2051 3158 2077 3197 1,

311 3212 385 3243 ΜΟ.
412 3211 455 3242 de
481 3211 550 3241 Fin.
577 3210 601 3249 1,
628 3210 685 3241 55:
713 3214 747 3241 et
773 3215 908 3242 ortum
930 3219 996 3242 esse
1019 3220 1035 3242 e
1059 3219 1195 3251 corpore
1218 3214 1247 3242 et
1271 3211 1314 3241 ad
1337 3219 1456 3250 corpus
1478 3210 1670 3250 referri.»
1697 3209 1751 3240 W.
1775 3226 1809 3231 —
1837 3208 1888 3239 30.
1911 3210 2080 3245 tantopere

308 3261 343 3292 h.
362 3259 383 3292 l.
405 3261 428 3292 C
449 3275 483 3282 -
504 3260 556 3291 33.
580 3259 733 3299 ponenda
756 3268 820 3292 esse
842 3269 953 3293 censeo
969 3261 994 3293 B
1015 3277 1049 3283 -
1070 3260 1123 3293 35.
1141 3260 1322 3302 cogitemur
1338 3257 1377 3292 G¹
1397 3276 1432 3284 -
1459 3259 1511 3292 37,
1531 3259 1704 3301 agriculus
1727 3258 1809 3297 GR5
1835 3256 2023 3298 aeqriculus
2037 3255 2076 3287 B.
