2249 3624
230 219 313 263 930
978 211 1262 255 CICERONIS

332 325 367 365 2.
409 325 455 364 In
480 321 760 363 inimicissima
786 319 948 359 civitate
974 322 1137 368 urgent,
1164 317 1333 365 instant,
1359 314 1626 366 insequutur:
1670 314 1804 355 studio
1832 316 1969 357 multi—

231 387 390 440 tudine,
419 387 596 441 pecunia
621 385 801 438 periurio
829 386 1026 435 pugnant.
1084 380 1242 428 (Idem
1268 377 1460 426 ibidem.)

336 451 371 492 3.
416 453 460 492 C.
491 449 717 491 Ancharius
743 446 870 487 Rufus
898 445 970 484 suit
998 456 1020 482 e
1048 442 1267 495 municipio
1295 440 1491 492 Fulginat‹
1546 442 1814 492 (Priscian.
1842 443 1868 484 1.
1891 445 1969 485 VII.

234 530 270 557 c.
302 517 362 558 14.
393 517 430 568 ἓ.
458 517 543 564 70.)

201 582 220 612 5
333 585 370 620 4.
411 580 455 618 In
481 578 740 630 praefectura
765 573 994 625 Fulginate.
1048 570 1201 621 (Idem
1230 568 1354 619 ibid.)

335 644 372 683 5.
416 643 519 682 Cum
545 641 622 679 iter
648 651 724 690 per
750 648 870 688 agros
899 640 939 674 et
964 634 1054 674 loca
1082 633 1168 673 sola
1200 633 1353 672 faceret
1383 644 1475 671 cum
1510 631 1752 684 ompuleno,
1789 632 1831 671 in
1857 632 1974 672 fami-

233 707 328 747 liam
364 705 663 745 Ancharianam
698 699 895 740 incidisse
925 697 1136 737 dixerunt:
1183 694 1333 734 deinde
1361 696 1627 747 Pompicnum
1657 696 1838 734 occisum
1867 707 1974 746 esse,

232 770 340 810 illico
366 770 571 810 Varenum
599 767 780 805 vinctum
809 768 1090 811 asservatum,
1121 759 1218 799 duni
1247 759 1313 798 hic
1341 757 1573 809 ostendoet,
1607 758 1707 810 quid
1735 758 1786 798 de
1815 771 1863 798 eo
1890 760 1976 798 fieri

236 833 371 874 vellet.
427 832 624 880 (Quint.
654 829 680 869 l.
712 830 760 868 V.
793 840 829 867 c.
862 828 919 867 13.
953 827 987 877 ξ.
1019 827 1100 873 28.)

185 899 221 928 ⁴0
335 899 371 936 6.
413 897 520 946 Lege
556 893 606 933 de
643 892 800 932 sicariis
842 889 1045 929 commisit
1082 889 1126 927 L.
1158 889 1356 927 Varenus.
1427 887 1498 925 Nai
1535 888 1578 926 C.
1617 887 1825 926 Varenum
1867 887 1978 926 occi-

235 959 371 999 dendo
400 964 440 998 et
467 960 651 999 Gnaeum
682 953 935 995 volnerando
963 959 1002 993 et
1029 952 1231 992 Salarium
1266 951 1363 990 item
1398 950 1594 989 cocio-ido
1624 950 1750 990 cadit.
1818 949 1977 1000 (Idem

233 1024 260 1065 l.
290 1025 369 1064 VII.
401 1036 436 1062 c.
469 1024 501 1062 1.
534 1023 570 1073 ξ.
601 1023 660 1069 9.)

333 1089 370 1126 7.
413 1088 515 1125 Tum
544 1086 589 1126 C.
617 1086 819 1134 Varenus,
860 1084 910 1133 is,
946 1082 1015 1133 qui
1044 1094 1066 1120 a
1106 1079 1256 1120 familia
1294 1078 1508 1118 Ancharia]
1559 1079 1721 1117 occisus
1754 1082 1832 1117 est.
1896 1078 1978 1116 Hoc

235 1163 411 1204 quaese,
440 1150 619 1200 iudices,
649 1148 865 1200 diligenter
893 1144 1106 1186 attendite.
1160 1143 1319 1194 (Idem
1351 1142 1376 1181 l.
1409 1143 1471 1182 IV.
1508 1164 1511 1175 ι
1545 1145 1578 1182 1.
1612 1144 1647 1193 ξ.
1679 1143 1741 1181 74.
1774 1146 1816 1180 et
1853 1140 1880 1180 l.
1909 1142 1976 1180 IX.

187 1228 271 1257 ⁴50.
304 1216 340 1254 2.
372 1216 409 1266 ξ.
440 1215 524 1259 56.)

335 1280 373 1319 8.
414 1279 454 1317 L.
494 1277 561 1316 ille
603 1275 826 1328 Septimius
864 1274 1021 1313 diceret
1061 1272 1233 1322 (etenim
1275 1275 1338 1309 est
1374 1268 1427 1309 ad
1464 1270 1506 1308 L.
1531 1270 1657 1309 Trassi
1700 1268 1977 1320 eloquentiam

236 1342 371 1394 gravis
411 1348 451 1381 et
489 1340 714 1381 vehemens
754 1344 794 1377 et
834 1336 1073 1381 volubilis):
1116 1335 1290 1375 Erucius
1330 1334 1393 1372 hic
1438 1344 1549 1371 noser
1595 1333 1858 1372 Antoniaster
1903 1336 1977 1370 est.

238 1405 509 1455 (Priscian.
541 1404 568 1442 l.
594 1404 654 1443 III.
688 1415 723 1442 c.
749 1405 786 1441 7.
819 1402 855 1453 §-
887 1402 950 1441 40.
1005 1400 1182 1448 Quint.
1211 1398 1237 1437 l.
1269 1398 1365 1437 VIII.
1399 1409 1434 1436 c.
1464 1398 1497 1435 3.
1565 1397 1648 1445 22.)

337 1471 374 1509 9.
415 1469 474 1507 Ea
510 1467 662 1507 caedes
700 1467 733 1506 si
760 1466 1020 1517 potissimum
1062 1463 1218 1502 crimini
1262 1461 1396 1511 datur,
1439 1460 1520 1499 deti
1562 1461 1623 1511 ei,
1663 1460 1753 1500 cuia
1787 1459 1980 1509 interfuit,

188 1543 319 1574 20non
348 1533 403 1583 ei,
434 1532 524 1572 cuia
553 1530 650 1570 nihil
676 1530 871 1569 interfuit.
928 1528 1103 1578 (Prisc.
1134 1526 1160 1566 l.
1192 1527 1275 1565 XII.
1307 1538 1340 1564 c,
1375 1527 1409 1564 6.
1443 1527 1478 1575 ξ.
1511 1527 1561 1570 21.)

340 1597 399 1636 10.
445 1595 566 1646 Optio
593 1594 711 1633 vobis
740 1594 883 1642 datur,
921 1599 1058 1632 utrum
1086 1590 1218 1630 velitis
1247 1602 1347 1629 casu
1381 1588 1448 1628 illo
1480 1589 1594 1628 itis-re
1624 1590 1832 1628 Varenum
1864 1599 1982 1627 usum

240 1671 355 1710 esse,
388 1671 439 1698 an
468 1658 586 1697 huius
616 1668 821 1709 persuasu
848 1661 888 1695 ct
913 1654 1097 1694 inductu.
1155 1654 1338 1702 (Quint.
1371 1651 1396 1691 l.
1428 1653 1473 1691 V.
1503 1655 1596 1692 010.
1632 1652 1667 1703 ξ.
1697 1652 1780 1701 69.)

341 1723 403 1762 11.
443 1724 572 1759 Deum
600 1719 738 1758 fidem.
796 1719 966 1767 (Prisc.
999 1717 1024 1755 l.
1056 1717 1136 1755 VII.
1168 1730 1203 1754 c.
1233 1716 1269 1754 6.
1302 1716 1338 1765 ξ.
1368 1716 1449 1763 25.)

342 1785 402 1825 12.
448 1782 610 1838 [Testes
638 1788 734 1822 sunt
760 1782 912 1822 multae
940 1780 1161 1820 multorum
1190 1780 1411 1827 orationes,
1442 1784 1482 1817 et
1502 1779 1683 1818 Ceronis
1706 1791 1780 1829 pro
1801 1779 1981 1827 Murena,

190 1860 227 1890 25
241 1861 316 1900 pro
342 1849 529 1898 Vareno,
565 1847 606 1885 in
641 1846 791 1898 quibus
829 1845 969 1884 brevis
998 1850 1038 1883 et
1072 1842 1184 1882 nuda
1224 1843 1342 1894 quasi
1373 1842 1590 1881 subscritio
1634 1842 1848 1881 criminum
1889 1839 1983 1879 solis

243 1911 367 1952 titulis
394 1906 629 1963 indicatur.]
687 1908 913 1958 (Plinius
940 1907 1069 1959 Epist.
1099 1907 1140 1945 L.
1177 1906 1211 1956 1,
1241 1905 1303 1956 20,
1332 1908 1390 1954 7.)

346 1974 405 2013 13.
449 1973 601 2012 Contra
638 1972 853 2020 iuvenem,
892 1971 1007 2009 cuius
1048 1967 1225 2008 subinde
1265 1967 1409 2007 volnus
1445 1968 1486 2006 in
1522 1967 1640 2006 idicio
1683 1966 1984 2016 resolvebatur,

244 2049 318 2089 pro
352 2037 514 2076 Vareno
555 2034 681 2074 multa
723 2035 823 2074 dixit
860 2033 1032 2074 urbane.
1103 2031 1323 2083 (Quintil.
1364 2032 1408 2082 6,
1451 2032 1494 2082 1,
1530 2038 1559 2071 ·³.
1607 2032 1675 2070 cfr.
1717 2032 1837 2071 etiam
1870 2034 1912 2079 7,
1947 2030 1984 2081 2,

246 2102 294 2140 10
319 2104 359 2138 et
387 2100 447 2138 36.

195 2173 232 2203 30
349 2162 408 2202 14.
456 2161 664 2201 «Incidunt
704 2173 875 2211 causae,
913 2162 955 2199 in
996 2159 1147 2213 quibus
1188 2160 1299 2212 quod
1341 2159 1677 2199 summanxhabet
1717 2157 1986 2210 quaestionis,

246 2238 395 2277 magna
423 2237 474 2264 ex
502 2230 617 2277 parte
646 2223 905 2264 tractandum
932 2223 984 2262 sit
1011 2227 1051 2261 et
1079 2223 1137 2261 sic
1167 2221 1361 2274 ponenda
1390 2224 1553 2261 narrati.
1585 2227 1628 2261 ut
1655 2234 1727 2273 pro
1758 2221 1920 2261 Vareno
1949 2223 1989 2257 et

246 2289 312 2330 bis
339 2301 413 2341 pro
440 2287 624 2328 Habito».
683 2285 969 2337 (Severiani
998 2285 1113 2337 Synt.
1140 2285 1256 2324 Rhet.
1286 2297 1328 2336 p.
1360 2285 1445 2324 305.
1476 2285 1559 2325 Pit>

550 2364 598 2405 Il.
643 2363 751 2406 CUM
782 2361 1066 2414 QUAESTOR
1097 2361 1360 2404 LILYBAEO
1394 2361 1691 2404 DECEERET.

351 2433 516 2484 (Habita
551 2436 614 2471 est
647 2431 773 2471 oratio
814 2432 859 2469 L.
891 2430 1042 2469 Licinio
1088 2429 1277 2480 Lucullo,
1318 2431 1366 2468 M.
1408 2429 1545 2469 Aureli
1592 2432 1708 2469 Cotta
1749 2430 1865 2469 Coss.
1900 2427 1986 2467 680.

202 2511 290 2550 35p⁴
322 2499 472 2608 UOiidd
498 2571 580 2598 non
610 2557 841 2597 detrectare
869 2556 1067 2606 militiam,
1098 2555 1174 2595 sed
1201 2555 1423 2595 defendere
1455 2556 1677 2608 proviciam
1702 2554 1883 2594 iudicata
1911 2556 1987 2592 est.

255 2624 552 2673 (Arusianus
578 2621 799 2661 Messius
826 2633 867 2672 p.
897 2621 983 2659 226.
1014 2618 1152 2669 Lind.)

880 2696 948 2737 ΠΙ.
1000 2696 1105 2738 PRO
1137 2696 1180 2737 P.
1214 2695 1393 2738 OPPIO.

356 2770 454 2807 Aac..
496 2768 605 2806 Haec
635 2766 738 2805 actio
767 2765 905 2805 habita
940 2769 1003 2803 est
1029 2776 1135 2803 anno
1172 2764 1256 2803 fere
1300 2765 1386 2803 687.
1416 2777 1455 2816 p.
1488 2764 1532 2803 U.
1597 2765 1646 2802 M.
1669 2761 1834 2802 Aurelio
1872 2761 1990 2801 Cotta

206 2841 243 2873 40
259 2842 309 2869 ex
337 2831 431 2870 Asia
462 2831 630 2870 Romam
663 2842 830 2869 reverso
864 2829 924 2880 (cf.
955 2828 1041 2867 Dio.
1074 2829 1258 2878 XXXVI,
1288 2829 1372 2879 23.)
1414 2841 1438 2868 a
1478 2833 1726 2880 quoprocos.
1757 2829 1798 2866 P.
1831 2825 1990 2877 Oppius

259 2898 466 2944 quaestor,
494 2892 605 2944 quod
631 2891 953 2944 repetundarum
980 2890 1306 2941 insidiarumque
1337 2891 1585 2942 suspicion-n
1614 2890 1690 2929 sibi
1714 2891 1988 2936 contraxerat,

258 2956 298 2994 in
318 2954 468 2994 Urbem
496 2960 582 2994 erat
613 2956 833 3006 relegatus.
888 2955 1016 2993 Huius
1047 2954 1318 3006 patrocinium
1351 2954 1493 2993 Cicero
1526 2954 1694 3004 sucepit,
1728 2953 1845 2992 Cotta
1872 2961 1988 2990 reum

259 3018 488 3056 testimonio
518 3030 590 3056 suo
619 3023 803 3069 urgente.
858 3017 1019 3056 Nobbe.
1077 3016 1157 3066 (Cf.
1184 3016 1347 3055 Salustii
1379 3020 1527 3065 Fraqm.
1557 3019 1665 3054 istor.
1698 3016 1741 3053 L.
1773 3016 1807 3054 3.
1839 3028 1880 3067 p.
1901 3014 1987 3052 978.

261 3080 370 3119 Cort.
394 3092 434 3131 p.
456 3080 541 3119 236.
563 3080 749 3120 Gerlach.
807 3081 881 3119 «At
900 3080 1058 3131 Oppius
1084 3084 1304 3130 postquam
1330 3092 1451 3119 orans
1480 3079 1559 3118 nihi
1573 3078 1828 3131 proficiebat,
1849 3074 1989 3115 timide

209 3152 246 3185 45
260 3148 375 3181 veste
402 3147 555 3181 tectum
581 3143 800 3193 pugionem
829 3142 1025 3194 expedire
1054 3147 1244 3192 conatus,
1274 3154 1297 3180 a
1327 3142 1443 3182 Cotta
1470 3141 1685 3193 Volsloque
1713 3136 1987 3191 impediturn.)

327 3268 380 3299 110.
408 3267 623 3299 occidendum
639 3283 657 3289 -
674 3286 691 3291 -
706 3269 945 3300 volnerandum
961 3286 979 3291 α
995 3285 1013 3290 -
1029 3268 1239 3300 occidendum
1262 3268 1393 3300 curavit
1417 3269 1563 3301 Gesneri
1576 3276 1651 3308 usp.
1674 3284 1706 3289 —
1730 3266 1781 3297 49.
1807 3266 1834 3297 si
1857 3260 1990 3296 cri-mini

262 3318 376 3357 datur,
401 3318 495 3350 detur
518 3317 547 3350 ei
565 3318 774 3358 potissimum
797 3319 933 3351 Patricii
957 3326 1053 3359 susp.
