2249 3624
332 244 414 288 960
1071 242 1353 284 CICERONIS

334 348 571 388 discendam
608 348 763 399 putavi.
829 348 889 387 25.
925 348 986 386 An
1016 358 1090 397 ego
1120 345 1312 397 querelas
1349 349 1472 395 atque
1508 343 1675 383 iniurias
1712 348 1914 383 aratorum
1946 346 2094 384 nonin

335 411 544 463 segetibus
571 411 671 461 ipsis
700 410 893 461 arvisque
922 408 1249 455 cognoscerem?
1292 406 1525 457 Peragravi,
1560 406 1742 457 inquam,
1779 405 1919 456 Triari,
1957 405 2095 445 duris-

335 476 435 514 sima
464 473 630 525 quidem
661 474 792 511 hieme
819 471 946 511 valles
975 471 1331 521 Agrigentinorum
1361 475 1484 520 atque
1512 468 1653 508 colles.
1717 470 1897 520 Campus
1922 469 1989 508 ille
2017 482 2095 508 no-

331 537 556 576 bilissimus
586 550 633 576 ac
661 536 939 575 feracissimus
967 535 1057 585 ipse
1095 546 1160 572 me
1188 545 1355 572 oausam
1383 545 1514 583 paene
1543 531 1680 571 docuit
1706 532 1942 571 Leontinus.
2003 529 2094 571 Adii

299 612 451 640 scasas
480 606 710 647 aratorum3
741 611 762 637 a
792 599 892 636 stiva
920 597 1009 648 ipsa
1039 596 1224 636 homines
1253 608 1412 634 mecum
1443 593 1798 645 colloquebantur.
1863 595 1923 634 26.
1953 595 2094 646 Itaque

333 665 391 703 sic
417 664 488 702 fuit
513 662 579 701 illa
610 674 806 713 expressa
838 672 984 709 causa,
1020 672 1100 698 non
1130 665 1174 697 ut
1201 658 1343 698 audire
1373 670 1419 697 ea
1447 670 1553 708 quae
1587 657 1775 697 dicebam
1811 655 1991 706 iudices,
2021 655 2096 695 sed

332 732 376 765 ut
414 738 584 764 cernere
626 733 666 763 et
706 736 837 775 paene
879 729 1047 772 tangere
1083 722 1336 760 viderentur.
1414 722 1556 771 Neque
1600 720 1706 758 enim
1746 719 1841 758 mihi
1881 717 2096 771 probabile

332 801 468 839 neque
496 800 637 826 verum
667 786 884 825 videbatur
912 798 1003 834 me,
1047 797 1138 824 cum
1177 784 1441 823 fidelissimae
1483 789 1605 834 atque
1646 782 1954 833 antiquissimae
1995 794 2096 833 pro-

332 851 490 890 vinciae
517 850 788 902 patrocinium
817 849 1092 900 recepissem,
1135 860 1300 887 causam
1330 853 1538 898 tamquam
1574 846 1694 884 unius
1723 844 1881 884 clientis
1908 845 1949 883 in
1978 844 2097 883 cubi—

287 924 318 953 10
333 913 423 953 culo
452 925 542 951 meo
572 914 747 951 discere.

433 978 492 1015 27.
535 976 634 1026 Ego,
664 987 798 1026 nuper
828 986 918 1012 cum
939 973 1111 1017 Reatini,
1142 973 1210 1023 qui
1240 976 1380 1010 essent
1407 971 1447 1009 in
1474 970 1554 1009 fide
1582 983 1688 1020 mea,
1718 982 1783 1009 me
1816 982 1931 1009 suam
1957 968 2098 1022 publi-

334 1052 421 1078 cam
460 1051 626 1078 causam
664 1037 715 1075 de
746 1037 872 1075 Velini
908 1035 1144 1074 fluminibus
1181 1040 1220 1073 et
1257 1033 1455 1072 cuniculis
1492 1032 1602 1084 apud
1637 1033 1709 1072 hos
1748 1031 1938 1072 consules
1975 1043 2097 1082 agere

332 1101 581 1150 voluissent,
622 1113 702 1139 non
745 1100 972 1138 existimavi
1009 1110 1074 1136 me
1112 1109 1247 1148 neque
1283 1095 1466 1147 dignitati
1506 1096 1789 1147 praefecturae
1831 1094 2097 1146 gravissimae

332 1176 467 1215 neque
507 1163 601 1202 fidei
641 1175 757 1202 meae
790 1163 888 1202 satis
919 1173 1012 1201 esse
1047 1162 1269 1209 facturum,
1307 1160 1383 1198 nisi
1412 1171 1476 1197 me
1505 1171 1671 1198 causam
1709 1157 1820 1197 illam
1854 1170 1934 1197 non
1965 1156 2097 1196 solum

283 1236 318 1264 45
333 1227 540 1275 homines,
584 1226 657 1265 sed
695 1229 814 1265 etiam
848 1224 962 1263 locus
995 1225 1084 1275 ipse
1123 1223 1321 1274 lacusque
1360 1222 1582 1260 docuisset.
1647 1222 1708 1261 28.
1738 1223 1881 1272 Neque
1909 1226 1953 1260 tu
1980 1219 2098 1260 aliter

333 1290 516 1338 fecisses,
548 1290 688 1337 Triari,
720 1290 751 1327 si
781 1295 819 1327 te
847 1289 888 1326 id
916 1288 971 1326 tui
999 1287 1063 1325 isti
1093 1286 1211 1325 Sardi
1245 1286 1379 1324 facere
1407 1285 1647 1334 voluissent,
1684 1284 1738 1334 hi,
1768 1284 1837 1336 qui
1864 1289 1903 1322 te
1929 1284 1969 1322 in
1997 1283 2096 1322 Sar-

335 1352 483 1392 diniam
515 1352 677 1390 minime
706 1352 846 1390 venire
873 1350 1110 1398 voluerunt,
1150 1361 1201 1387 ne
1230 1348 1348 1398 longe
1378 1348 1493 1387 aliter
1521 1348 1655 1387 omnia
1684 1353 1807 1398 atque
1836 1351 1952 1385 erant
1977 1344 2029 1385 ad
2057 1349 2097 1384 te

335 1415 489 1463 delata,
521 1425 811 1464 cognosceres,
848 1412 1000 1451 nullam
1028 1410 1297 1450 multitudinis
1324 1411 1365 1449 in
1396 1409 1580 1449 Sardinia
1610 1408 1843 1461 querelam,
1872 1407 2028 1446 nullum
2056 1407 2098 1446 in

335 1479 488 1518 Scauro
527 1476 664 1516 odium
702 1473 871 1528 popu[li.
937 1475 997 1513 29.
1037 1476 1087 1511 Ac
1113 1477 1214 1520 vide,
1248 1476 1390 1519 Triari,
1420 1480 1595 1520 quantum
1622 1479 1809 1520 praeterea
1836 1474 1977 1508 intersit
2005 1473 2099 1507 inter

283 1556 320 1585 20
334 1556 450 1579 meam
482 1548 587 1588 alque
610 1548 710 1576 tuam
740 1541 1018 1575 accusationem.
1084 1539 1157 1585 1390
1190 1550 1262 1573 non
1290 1543 1370 1573 anle
1398 1538 1728 1583 comperendinavi,
1760 1547 1893 1582 quam,
1923 1536 2097 1581 quemad-

335 1609 481 1645 modum
508 1606 657 1651 Iupiter,
689 1605 720 1638 si
747 1608 934 1649 poetarum
961 1602 1096 1646 sabulis
1124 1602 1320 1641 credimus,
1361 1601 1581 1636 Enceladum
1618 1601 1789 1635 deiectum
1826 1604 1932 1644 alque
1963 1599 2095 1634 semiu-

334 1677 427 1706 stum
454 1671 626 1715 imposita
655 1667 774 1702 insula
802 1667 940 1712 operuit
968 1666 1042 1706 vel,
1073 1669 1111 1699 ul
1139 1665 1205 1699 alii
1233 1665 1373 1705 volunt,
1406 1663 1611 1709 Typhonem
1648 1664 1748 1698 cuius
1776 1656 1961 1712 anhe]litu
1994 1660 2095 1698 Aet-

333 1744 428 1771 nam
467 1729 613 1770 ardere
654 1727 814 1776 dicunt,
856 1727 913 1765 sic
940 1727 1110 1764 Verrem
1150 1725 1406 1775 operuissem
1444 1722 1577 1762 Sicilia
1614 1727 1719 1761 teste
1755 1727 1852 1762 tota.
1919 1722 1979 1760 Tu
2018 1733 2096 1759 uno

335 1792 707 1846 comperendinasti
737 1803 851 1829 reum
880 1795 984 1828 teste
1012 1788 1226 1840 producto.
1281 1789 1332 1826 At
1351 1800 1431 1838 quo
1452 1787 1585 1825 teste?
1615 1785 1667 1824 dii
1694 1784 1961 1825 immortales!
2005 1784 2095 1823 Nou

284 1868 321 1898 25
336 1858 448 1907 satis,
479 1854 588 1907 quod
617 1867 712 1903 uno,
742 1865 836 1900 non,
868 1850 978 1902 quod
1005 1852 1155 1901 ignoto,
1185 1862 1281 1899 non,
1319 1849 1430 1900 quod
1457 1849 1557 1887 levi:
1598 1849 1772 1887 etiamne
1801 1847 1962 1887 Valerio
1990 1851 2096 1885 teste

333 1921 507 1972 primam
536 1918 735 1957 actionem
772 1913 1001 1962 confecisti,
1041 1913 1108 1963 qui
1137 1912 1263 1963 patris
1293 1912 1347 1950 tui
1376 1911 1577 1949 beneficio
1607 1911 1768 1949 civitate
1798 1909 1972 1949 donatus
1999 1920 2096 1959 gra—

334 1984 430 2022 tiam
457 1981 529 2020 tibi
557 1992 636 2018 non
663 1977 889 2016 illustribus
919 1975 1074 2024 officiis,
1106 1975 1180 2012 sed
1210 1974 1421 2013 manifesto
1449 1973 1626 2024 periurio
1655 1971 1833 2011 rettulit?
1886 1973 1946 2010 30.
1978 1969 2095 2017 Quod

336 2047 369 2084 si
396 2051 435 2084 te
464 2056 583 2083 omen
617 2040 791 2080 nominis
819 2038 942 2076 vestri
972 2038 1071 2075 sorte
1101 2036 1233 2086 duxit,
1273 2048 1347 2074 nos
1375 2041 1511 2074 tamen
1538 2034 1580 2072 id
1608 2046 1720 2072 more
1748 2035 1970 2081 maiorum,
2001 2031 2097 2084 quia

334 2109 511 2148 faustum
548 2111 758 2157 putamus,
799 2114 879 2140 non
917 2099 968 2139 ad
1005 2100 1252 2150 perniciem,
1293 2110 1435 2136 verum
1473 2096 1524 2136 ad
1554 2096 1727 2135 salutem
1764 2097 2094 2147 interpretamur.

285 2180 322 2212 :30
336 2170 419 2210 Sed
449 2170 578 2208 omnis
606 2169 683 2206 ista
712 2165 899 2205 celeritas
928 2176 974 2203 ac
1002 2163 1218 2212 festinatio,
1260 2161 1370 2212 quod
1405 2160 1732 2212 inquisitionem,
1772 2157 1884 2210 quod
1918 2158 2095 2210 priorem

336 2234 536 2273 actionem
563 2236 686 2270 totam
716 2227 930 2276 sustulisti,
957 2224 1056 2264 illud
1080 2225 1272 2276 patefecit
1291 2230 1330 2262 et
1347 2223 1574 2271 illustravit,
1606 2221 1716 2273 quod
1735 2220 1939 2260 occultum
1960 2225 2097 2259 tamen

334 2308 416 2335 non
437 2300 537 2344 erat,
568 2304 648 2332 non
668 2303 761 2329 esse
782 2291 856 2327 hoc
882 2286 1075 2327 iudicium
1104 2285 1255 2336 iudicii,
1286 2285 1359 2325 sed
1389 2285 1641 2324 comitiorum
1671 2282 1946 2323 consularium
1975 2293 2098 2321 causa

337 2363 630 2409 comparatum.

438 2422 497 2459 31.
538 2421 608 2458 Hic
637 2431 710 2469 ego
739 2416 913 2467 Appium
944 2413 1173 2463 Claudium,
1204 2411 1414 2451 consulem
1448 2410 1711 2449 fortissimum
1739 2415 1860 2460 atque
1889 2406 2098 2447 ornatissi-

287 2497 325 2526 35
339 2496 447 2523 mum
475 2484 606 2521 virum
642 2491 910 2529 mecumque,
950 2483 993 2515 ut
1021 2489 1156 2528 spero,
1187 2476 1295 2514 fideli
1324 2475 1363 2513 in
1392 2474 1561 2524 gratiam
1599 2473 1733 2511 reditu
1770 2473 1967 2522 firmoque
1996 2481 2098 2509 con-

338 2549 541 2595 iunctum,
579 2544 688 2584 nullo
715 2542 817 2592 1000,
850 2540 1032 2589 iudices,
1073 2538 1329 2590 vituperabO.
1390 2538 1568 2576 Fuerant
1602 2535 1709 2574 enim
1746 2546 1818 2573 eae
1851 2537 1989 2585 partes
2029 2536 2099 2570 aut

340 2611 442 2658 eius,
472 2620 593 2658 quem
621 2606 663 2645 id
690 2607 824 2645 facere
853 2603 969 2642 dolor
997 2609 1036 2641 et
1064 2602 1242 2652 suspicio
1283 2613 1355 2639 sua
1385 2599 1538 2649 coegit,
1579 2603 1647 2637 aut
1675 2598 1785 2646 eius,
1824 2596 1891 2647 qui
1918 2596 1991 2634 has
2019 2593 2097 2633 sibi

339 2677 478 2723 partes
506 2669 761 2722 depoposcit,
792 2665 903 2718 quod
932 2671 1000 2705 aut
1027 2678 1107 2703 non
1136 2663 1501 2711 animadvertebat,
1533 2673 1653 2712 quem
1681 2659 1862 2708 violaret,
1893 2662 1963 2697 aut
1995 2656 2096 2695 faci-

339 2734 419 2771 lem
449 2733 525 2772 sibi
563 2734 646 2770 fore
683 2732 723 2769 in
751 2729 921 2780 gratiam
962 2726 1136 2766 reditum
1178 2725 1465 2765 arbitrabatur.
1531 2724 1594 2763 32.
1631 2723 1714 2772 Ego
1755 2726 1910 2760 tantum
1948 2717 2094 2765 dicam,

291 2807 328 2837 40
342 2795 452 2847 quod
480 2801 520 2834 et
547 2807 696 2834 causae
731 2795 828 2833 satis
857 2798 897 2831 et
924 2793 963 2831 in
991 2790 1103 2829 illum
1130 2788 1294 2827 minime
1331 2785 1478 2825 durum
1506 2790 1575 2825 aut
1601 2796 1793 2835 asperum
1829 2781 1959 2834 possit
1987 2791 2095 2819 esse.

340 2887 2096 2909 Μ

428 2971 458 3001 4.
493 2970 585 3000 llaec
618 2971 796 2999 aratorum
830 2975 942 3007 usque
978 2964 1022 2997 ad
1055 2965 1085 3004 g.
1110 2963 1163 2995 28.
1190 2963 1300 2994 odium
1332 2969 1421 3001 popu
1454 2958 1563 2991 habet
1586 2959 1622 2990 T.
1649 2956 1755 2989 solus.
1786 2973 1821 2978 —
1859 2956 1890 2987 2.
1927 2954 2093 2987 sortasse:

338 3021 534 3061 peragravi.
558 3019 751 3058 peragravi,
779 3018 925 3057 inquam.
954 3034 989 3039 -—
1017 3015 1046 3046 3.
1074 3015 1184 3046 Haec:
1212 3013 1354 3051 Campus
1374 3029 1393 3034 -
1417 3028 1436 3034 -
1459 3010 1635 3041 Leontinus
1658 3006 1791 3039 habent
1814 3005 1918 3037 etiam
1944 3003 2096 3035 Rufinia-

343 3078 408 3102 nus
434 3070 471 3100 C.
491 3068 542 3099 38.
565 3067 828 3098 fortunatianus
852 3069 923 3097 Art.
940 3066 1037 3097 [thet.
1055 3064 1085 3102 3,
1103 3072 1135 3104 p.
1152 3063 1205 3093 91.
1235 3079 1269 3084 -
1298 3060 1348 3091 49,
1386 3060 1553 3092 sortasse:
1579 3059 1613 3089 in
1636 3058 1811 3089 Scaurum.
1841 3071 1876 3077 —
1902 3054 1955 3085 22.
1983 3053 2093 3084 Haec:

343 3120 402 3151 litu
417 3120 552 3150 Aetnam
570 3125 683 3156 usque
708 3116 750 3146 ad
777 3117 807 3155 ὲ.
828 3116 880 3148 31.
906 3115 1044 3154 suspicio
1063 3122 1123 3144 sua
1143 3112 1247 3152 cocsyit
1267 3110 1373 3141 habet
1396 3112 1434 3141 Α.
1455 3108 1561 3141 solus.
1590 3125 1624 3130 -—
1652 3107 1704 3138 23.
1730 3105 1907 3138 obruissem
1927 3103 2043 3135 Heinr.
2060 3103 2096 3133 et

344 3170 484 3208 Kreyss.
510 3175 605 3206 susp.
629 3183 662 3187 -
684 3169 784 3196 tola—
801 3182 818 3188 -
836 3165 921 3205 leste]
948 3165 998 3195 sic
1023 3164 1077 3200 B.;
1105 3165 1674 3192 τοτΛτνυεονειιεκιηΜετιῃιτεετε
1699 3157 1736 3187 Α.
1764 3156 1854 3194 (tota.
1905 3152 1949 3183 Tu
1970 3159 2095 3190 compe-

342 3218 522 3250 rendinasti
539 3224 624 3252 eum,
644 3218 718 3245 teste
733 3215 827 3253 prod.
849 3216 896 3252 Ρ.)
924 3231 958 3235 -
988 3214 1037 3244 27.
1060 3211 1191 3252 peiurio
1209 3211 1246 3241 Α.
1275 3224 1310 3231 —
1337 3208 1390 3238 29.
1417 3209 1459 3238 ad
1476 3207 1654 3247 perniciem
1669 3205 1792 3242 valere,
1809 3210 1923 3234 verum
1939 3208 2035 3240 susp.
2053 3199 2090 3230 B.

346 3284 380 3289 —-
398 3267 449 3298 37.
477 3266 570 3296 dolor
593 3264 631 3305 et]
657 3265 706 3295 sic
731 3265 795 3299 M.;
824 3264 943 3294 doleret
967 3266 1006 3294 Α.
1036 3280 1069 3285 -
1097 3264 1155 3292 aut
1178 3261 1246 3292 eius
1261 3276 1278 3281 -
1294 3275 1312 3280 -
1327 3257 1421 3298 fama
1444 3256 1651 3289 detraaeerinc
1675 3255 1705 3294 ᾗ.
1725 3253 1777 3285 36.
1804 3251 1984 3284 habentA.
2004 3251 2038 3281 et
2053 3248 2090 3281 Τ.

347 3333 381 3338 -
409 3316 448 3346 39
486 3315 626 3347 reditum
649 3313 683 3345 in
705 3313 819 3353 yralia
843 3313 913 3353 (sic)
939 3313 975 3343 T.
