2249 3624
470 139 558 179 Lm,
589 138 637 179 V.
677 136 774 179 Cu).
804 136 1232 177 xxxlv—xxxv.
1271 134 1330 189 §§
1361 132 1584 175 96—402.
1835 132 1918 175 359

149 263 256 307 quae
287 245 562 300 consequitur
589 244 697 285 hanc
730 244 1028 284 continentiam
1060 244 1103 283 in
1135 244 1264 289 victu,
1305 242 1413 282 adde
1445 242 1724 295 integritatem
1756 242 1918 282 valetu-

147 314 279 359 dinis3
311 308 455 350 confer
485 306 696 354 sudantis,
727 308 950 353 ructantis,
982 305 1156 345 refertos
1177 306 1314 358 epulis
1346 313 1557 358 tamquam
1580 306 1744 358 opimos
1766 304 1916 345 boves:

148 382 234 418 tum
264 371 498 423 intelleges,
530 370 602 423 qui
634 370 893 422 voluptatem
927 369 1107 408 maxime
1132 374 1376 422 sequantur,
1407 381 1481 407 eos
1509 368 1678 408 minime
1701 368 1919 420 consequi,

148 435 534 487 iucunditatemque
566 433 700 473 victus
731 445 822 471 esse
854 432 896 471 in
927 432 1153 478 desiderio,
1185 444 1267 470 non
1300 432 1342 470 in
1372 431 1576 470 satietate.
1627 431 1799 470 XXXV.
1823 427 1919 472 100.

148 498 431 543 Timotheum,
463 496 618 535 clarum
651 495 863 534 hominem
891 493 1066 533 Athenis
1089 499 1129 532 et
1151 494 1382 547 principem
1405 493 1607 540 civitatis,
1639 492 1792 540 ferunt,
1825 505 1949 534 cums

149 560 384 604 cenavisset
413 559 524 612 apud
556 558 770 598 Platonem
803 570 938 609 eoque
970 556 1164 595 convivio
1201 555 1425 595 admodum
1457 556 1688 595 delectatus
1721 563 1831 596 esset
1861 556 1921 596 vi-

146 625 360 676 dissetque
392 635 486 661 eum
518 620 747 674 postridie,
777 618 955 659 dixisse:
1001 619 1199 658 «Vestrae
1231 618 1401 671 quidem
1433 632 1561 658 cenae
1593 632 1677 658 nou
1711 618 1845 658 solum
1878 618 1921 657 in

149 686 404 742 praesentia,
437 684 510 724 sed
542 684 665 724 etiam
699 688 869 736 postero
902 682 969 720 die
1001 680 1209 720 iucundae
1231 687 1365 720 sunt.»
1411 680 1541 728 Quid,
1574 680 1687 734 quod
1710 694 1761 720 ne
1785 687 1922 720 mente

147 748 314 804 quidem
351 753 464 787 recte
504 748 563 786 uti
605 758 828 799 possumus
860 744 990 784 multo
1022 744 1114 783 cibo
1147 748 1187 782 et
1218 744 1390 796 potione
1422 744 1653 796 completi?
1700 743 1773 782 Est
1803 755 1923 796 prae-

147 813 259 854 clara
300 809 480 864 epistula
520 809 708 849 Platonis
749 808 799 848 ad
832 807 979 846 Dionis
1015 806 1299 859 propinquOS,
1341 806 1382 844 in
1416 819 1499 859 qua
1530 806 1732 858 scriptum
1765 811 1828 845 est
1856 805 1974 847 histo

148 875 234 916 fere
266 873 430 913 verbis:
465 872 586 920 «Quo
619 884 713 910 eum
745 870 980 916 venissem,
1011 870 1095 909 vita
1126 869 1196 908 illa
1227 869 1371 915 beata,
1404 882 1511 921 quae
1543 868 1767 914 ferebatur,
1800 868 1925 920 plena

148 937 385 977 Italicarum
419 934 822 988 Syracusiarumque
854 946 1112 978 mensarum,
1145 931 1260 971 nullo
1292 930 1418 971 modo
1443 931 1544 971 mihi
1577 930 1755 983 placuit:
1787 931 1850 969 bis
1882 931 1925 970 in

150 1001 216 1040 die
247 1006 431 1039 saturum
463 995 552 1037 fieri
585 1010 662 1037 nee
694 1009 891 1049 umquam
924 1000 1172 1048 pernoctare
1204 994 1360 1041 solum,
1394 1000 1634 1046 ceteraque,
1666 1007 1773 1046 quae
1798 994 1926 1033 comi-

147 1067 290 1103 tantur
326 1060 423 1100 huic
463 1061 599 1108 vitae,
639 1060 682 1099 in
723 1072 803 1113 qua
844 1059 1013 1112 sapiens
1045 1070 1168 1096 nemo
1202 1055 1408 1096 estirietur
1437 1070 1654 1110 umquam,
1686 1057 1926 1096 moderatus

147 1137 245 1165 vero
278 1123 408 1162 multo
441 1124 593 1162 minus.
646 1122 763 1170 Quae
796 1122 907 1161 enim
939 1127 1087 1160 natura
1118 1125 1200 1159 tam
1234 1119 1478 1159 mirabiliter
1509 1120 1729 1173 temperari
1761 1121 1977 1173 potest‘?15

148 1184 242 1227 lOl.
275 1185 368 1234 Quo
402 1185 526 1225 modo
567 1185 695 1237 igitur
734 1184 915 1224 iucunda
947 1185 1031 1223 vita
1064 1188 1201 1235 potest
1232 1195 1343 1229 esse,
1383 1195 1405 1222 a
1437 1195 1518 1236 qua
1549 1183 1657 1222 absit
1688 1183 1927 1236 prudentia,

148 1249 257 1290 absit
288 1248 551 1287 moderatio?
596 1248 660 1286 Ex
692 1260 777 1300 quo
811 1245 1122 1299 Sardanapalli,
1154 1243 1464 1298 opulentissimi
1497 1245 1641 1299 Syriae
1672 1247 1780 1298 regis
1813 1259 1928 1286 error

147 1311 436 1366 adgnoscitur,
468 1312 540 1364 qui
571 1310 699 1350 incidi
730 1310 852 1349 iussit
883 1310 925 1348 in
958 1310 1102 1348 busto:

288 1374 430 1413 Haeo
461 1373 647 1419 habeo,
681 1385 816 1425 quae
849 1372 934 1411 edi
966 1384 1208 1426 quaeque
1241 1376 1556 1411 exsaturata
1588 1370 1758 1411 libido

290 1435 509 1476 Hausit:
541 1442 590 1475 at
619 1435 710 1475 illa
742 1435 918 1474 iacent
951 1434 1115 1474 multa
1147 1439 1193 1473 et
1223 1434 1509 1487 praeclara
1541 1433 1742 1473 relicta.
1941 1446 1979 1475 20

152 1499 291 1548 “Quid
323 1499 481 1546 aliud,»
517 1499 655 1551 inquit
676 1497 940 1545 Aristoteles,
977 1497 1049 1536 «in
1076 1497 1217 1543 bovis,
1250 1510 1334 1536 non
1359 1496 1401 1535 in
1424 1496 1534 1548 regis
1556 1496 1751 1549 sepulcro
1782 1495 1930 1536 inscri-

149 1561 302 1604 heres?
346 1561 450 1602 haee
488 1561 644 1601 habere
684 1574 728 1600 se
769 1566 980 1600 mortuum
1023 1559 1142 1606 dicit,
1187 1571 1294 1612 quae
1336 1572 1388 1598 ne
1420 1558 1538 1598 vivus
1571 1559 1740 1611 quidem
1774 1558 1929 1597 diutius

148 1625 327 1666 habebat
358 1638 482 1678 quam
515 1622 769 1664 fruebatur.»
824 1620 917 1662 102.
952 1623 1033 1662 Cur
1064 1623 1192 1674 igitur
1222 1621 1391 1661 divitiae
1417 1621 1724 1668 desiderentur,
1756 1626 1828 1660 aut
1857 1621 1928 1660 ubi

150 1693 376 1742 paupertas
407 1687 551 1726 beatos
583 1699 674 1726 esse
706 1699 790 1725 non
826 1687 956 1725 sinit?
991 1685 1150 1737 Signis,
1183 1684 1321 1731 credo,
1354 1683 1383 1735 ’ζ-
1404 1683 1557 1723 tabulis
1588 1683 1711 1722 ludis.
1759 1683 1802 1722 Si
1834 1684 1929 1737 quis

151 1758 215 1792 est
246 1751 317 1804 qui
350 1750 413 1789 his
445 1750 691 1796 delectetur,
722 1762 861 1788 nonne,
896 1748 1046 1788 melius
1078 1753 1226 1787 tenues
1258 1747 1452 1786 homines
1483 1746 1680 1786 fruuntur
1702 1759 1826 1800 quam
1854 1746 1980 1794 illi,25

151 1815 223 1869 qui
255 1815 305 1854 iis
336 1813 580 1853 abundant?
613 1818 675 1852 est
707 1812 818 1852 enim
851 1825 993 1851 earum
1026 1824 1164 1850 rerum
1198 1810 1383 1849 omnium
1405 1810 1448 1848 in
1478 1814 1623 1848 nostra
1642 1809 1746 1849 urbe
1768 1821 1931 1849 summa

148 1878 191 1918 in
223 1876 392 1930 publico
424 1876 557 1928 copia.
604 1874 722 1923 Quae
754 1874 827 1928 qui
860 1874 1051 1927 privatim
1084 1872 1259 1919 habent,
1293 1885 1370 1911 nec
1400 1877 1484 1912 tam
1516 1872 1646 1911 multa
1678 1877 1718 1911 et
1747 1884 1841 1911 raro
1870 1871 1931 1911 vi-

148 2075 329 2116 sequentis
353 2075 464 2114 prima
490 2072 702 2112 geminando
728 2074 805 2104 nata
833 2075 893 2105 sit:
923 2074 1046 2105 Cicero
1073 2075 1185 2111 enim,
1212 2075 1269 2115 qui
1295 2074 1580 2114 aequabilitatem
1606 2075 1804 2106 structurae
1823 2076 1928 2113 amat,

149 2134 212 2157 cur
235 2125 268 2156 h.
296 2124 317 2156 l.
344 2124 556 2155 necessitate
583 2123 673 2154 nulla
700 2126 843 2155 coactus
868 2124 1169 2155 constructionem
1195 2125 1371 2155 variaret?
1408 2125 1457 2155 Ct'.
1478 2124 1520 2155 de
1547 2125 1680 2156 rariore
1706 2125 1805 2156 verbi
1827 2134 1931 2165 prae-

148 2179 238 2207 stans
268 2183 333 2206 usu
357 2174 413 2212 IV,
440 2174 470 2205 Ξ.
517 2182 549 2214 p.
577 2174 687 2204 Sestio
714 2173 731 2214 ἓ
758 2174 812 2204 91.
850 2174 943 2213 Yirg.
971 2175 1057 2205 Aen.
1084 2175 1118 2210 1,
1145 2174 1221 2204 71.»
1247 2174 1303 2204 W.
1333 2191 1367 2196 —
1395 2174 1425 2205 7.
1456 2177 1529 2212 post
1559 2175 1656 2205 tridie
1685 2176 1711 2206 R
1738 2193 1770 2197 —
1799 2178 1932 2208 uestrae

148 2225 298 2266 equidem
323 2225 345 2254 R
362 2224 384 2254 B
413 2240 446 2245 —-
476 2231 598 2254 caenae
623 2224 647 2253 C
674 2240 708 2244 —
737 2222 767 2254 8.
795 2224 851 2261 qni
875 2224 961 2261 quod
986 2225 1049 2255 GR
1078 2241 1113 2246 —
1142 2224 1192 2254 42
1220 2233 1409 2255 mensuram
1434 2225 1458 2254 G
1487 2241 1521 2246 —
1550 2223 1601 2255 114.
1628 2224 1663 2254 in
1687 2233 1771 2263 quae
1795 2225 1870 2256 R2B
1892 2242 1927 2248 ——

150 2275 202 2306 Π.
228 2273 459 2312 Sardanapali
483 2273 508 2303 Ο
535 2290 569 2294 -
599 2272 650 2303 18.
677 2281 717 2303 ea
742 2272 841 2304 incidi
867 2274 957 2303 iussit
983 2275 1013 2304 in
1040 2274 1132 2304 buslo
1156 2276 1349 2305 Arusianus
1375 2284 1408 2315 p.
1429 2275 1503 2306 242.
1534 2291 1567 2296 —
1596 2274 1647 2305 ΞΟ.
1676 2276 1763 2305 ausit
1787 2276 1865 2307 GR¹
1892 2293 1927 2298 -—

149 2325 202 2356 24.
229 2323 355 2361 «Quod
381 2322 526 2354 Orellius
553 2323 586 2353 et
610 2322 808 2361 Tregderus
832 2322 941 2353 verba
969 2324 1053 2361 Quid
1077 2324 1234 2354 aliucl--
1253 2324 1443 2354 inscribet-es
1475 2324 1677 2364 parenthesi
1704 2332 1720 2354 a
1747 2325 1931 2364 sequenti-

148 2374 216 2406 bus
241 2372 494 2410 distraxerunt,
521 2381 708 2413 perperam
736 2372 865 2403 sactum
892 2375 962 2407 est;
990 2373 1059 2404 vid.
1087 2373 1130 2404 de
1158 2374 1265 2406 Finib.
1292 2375 1332 2411 ΙΙ,
1360 2374 1435 2405 406.
1455 2375 1513 2414 qui
1531 2376 1693 2413 geminus
1710 2373 1808 2405 locus
1826 2374 1931 2406 docet

150 2425 255 2456 ettam
278 2424 357 2454 haec
374 2439 421 2445 --
438 2423 613 2460 fruebatur
637 2421 810 2453 Aristoteli
838 2423 1066 2454 tribuendum
1084 2432 1162 2454 esse
1183 2438 1197 2451 n
1218 2425 1272 2455 w.
1295 2441 1327 2447 —
1356 2424 1410 2455 22.
1438 2433 1522 2463 quae
1544 2425 1660 2454 nemius
1683 2425 1813 2463 quidem
1838 2423 1875 2456 15¹
1890 2441 1925 2447 -

148 2473 201 2505 24.
228 2473 346 2504 tabulis
369 2471 463 2512 ludis]
492 2473 689 2512 «Corrupta
714 2472 804 2503 haee
829 2480 908 2503 esse
934 2472 1017 2503 vidit
1043 2482 1096 2503 ur
1113 2474 1256 2513 quidam
1283 2474 1408 2504 doctus
1432 2473 1524 2514 apud
1550 2473 1772 2509 Lambinum,
1799 2474 1930 2506 firmis-

149 2524 247 2555 simis
272 2522 488 2562 argumentis
513 2531 553 2553 ex
579 2523 630 2558 iis,
657 2531 748 2563 quae
767 2526 975 2562 sequuntur,
996 2524 1111 2563 petitis
1130 2523 1305 2555 Bentleius
1324 2524 1590 2561 demonstravit,
1611 2532 1716 2563 quem
1737 2523 1769 2554 id
1790 2523 1927 2563 Wolfio,

149 2573 286 2610 Oretiio,
313 2573 512 2609 Kuehncro,
539 2573 717 2611 Tregdero
745 2574 847 2612 [adde
874 2572 1042 2603 Klotzium
1069 2575 1102 2604 et
1119 2574 1336 2615 Tisclierum]
1363 2583 1430 2605 non
1458 2574 1676 2614 persuasisse
1703 2573 1820 2604 mirari
1846 2575 1929 2606 satis

149 2631 217 2655 non
244 2631 348 2663 queo.
385 2623 559 2654 Boubierii
585 2623 840 2659 defensionem,
866 2623 952 2653 luctis
976 2623 1019 2654 de
1044 2623 1160 2654 scholis
1178 2623 1390 2663 gladiatoriis
1410 2623 1673 2662 intelligendum
1693 2630 1784 2659 esse,
1811 2623 1927 2655 ridere

150 2673 232 2704 satis
257 2676 321 2704 est.
363 2672 572 2703 Kuehnerus
599 2673 716 2703 titium
744 2673 807 2713 ipsi
834 2673 994 2703 Ciceroni
1020 2673 1052 2703 in
1080 2672 1131 2703 liis
1157 2672 1253 2703 libris
1281 2682 1387 2713 saepe
1406 2672 1581 2704 festinanti
1607 2671 1738 2702 tribuit.
1766 2672 1926 2703 Frustra:

150 2731 190 2753 an
218 2730 300 2753 vero
326 2723 481 2753 Romano
507 2723 672 2762 cuiquam
698 2723 859 2762 quamvis
885 2723 1061 2753 festinanti
1087 2723 1119 2753 in
1139 2725 1293 2754 mentem
1313 2723 1433 2754 venire
1452 2723 1561 2763 potuit
1579 2721 1660 2753 illud
1681 2722 1811 2755 dicere,
1832 2721 1928 2763 quod

150 2770 194 2802 ad
216 2771 309 2802 ludos
332 2772 513 2808 attineret.
541 2772 598 2811 qui
624 2780 748 2803 omnes
773 2780 855 2802 cum
880 2771 1022 2812 publici,
1050 2775 1123 2803 tum
1141 2773 1278 2811 gratuiti
1296 2775 1412 2809 erant,
1436 2775 1668 2811 paupertatem
1684 2771 1828 2802 beatum
1848 2779 1927 2803 esse

150 2821 365 2862 prohibere?
397 2824 463 2854 Pro
487 2822 572 2852 ludis
595 2823 647 2851 wir
671 2821 725 2852 ille
751 2821 876 2853 doc-tus
899 2823 995 2861 pic-tis
1019 2821 1208 2862 legendum
1235 2824 1402 2859 coniecit;
1437 2822 1585 2861 Bentley
1613 2823 1744 2854 rectius
1769 2821 1823 2852 ille
1849 2821 1928 2861 qui-

151 2870 233 2902 dem
257 2875 285 2903 et
309 2872 428 2903 tabulis
453 2873 567 2910 pictis,
601 2872 664 2903 sed
696 2873 728 2903 in
755 2880 796 2903 eo
822 2873 970 2910 errarit,
1003 2873 1096 2912 quod
1122 2873 1236 2903 tabula
1260 2881 1322 2912 pro
1347 2872 1460 2903 tabula
1481 2873 1573 2910 picta
1597 2870 1711 2902 bonos
1735 2871 1927 2912 scriptores

152 2920 270 2952 dicere
302 2929 369 2952 non
401 2920 568 2958 credidit;
603 2921 644 2952 cf.
678 2920 800 2953 lex-ica.
844 2922 914 2961 Ego
947 2931 1014 2953 non
1042 2922 1162 2953 dubito
1192 2923 1274 2962 quin
1305 2922 1427 2953 Cicero
1456 2922 1638 2962 scripserit
1662 2922 1790 2961 Siquis,
1816 2921 1926 2959 credo,

152 2972 182 3001 et
213 2969 350 3004 tabulis:
383 2971 426 3002 cf.
454 2970 668 3002 simillimum
700 2970 835 3009 locum,
869 2972 927 3011 qui
965 2974 1018 3002 est
1048 2972 1171 3004 parad.
1199 2973 1237 3005 V,
1265 2972 1355 3002 36—
1373 2972 1411 3002 37
1440 2971 1508 3008 (ubi
1535 2971 1649 3002 tabula
1673 2972 1756 3002 item
1782 2979 1845 3011 pro
1871 2974 1926 3001 ta-

153 3018 228 3050 bula
255 3020 344 3059 picta
374 3019 427 3051 bis
457 3021 608 3060 positum
638 3022 714 3057 est).
753 3021 888 3052 Scilicet
913 3024 944 3052 et
967 3023 1046 3052 ante
1073 3021 1191 3051 tabulis
1215 3021 1358 3058 excidit,
1391 3021 1478 3051 ludis
1512 3023 1633 3053 autem
1669 3030 1709 3052 ex
1748 3021 1924 3061 geminato

153 3068 235 3100 bulis
257 3070 368 3109 (dalis)
395 3070 526 3101 factum
552 3073 638 3102 est.»
667 3072 720 3102 W.
758 3071 891 3110 (tabulis
919 3072 1046 3110 incliyes
1078 3071 1168 3101 Bake
1202 3070 1222 3101 l.
1249 3070 1268 3101 l.
1297 3080 1330 3111 p.
1358 3070 1440 3107 4133
1479 3070 1599 3102 tabulis
1627 3074 1735 3109 stupes
1758 3071 1794 3101 Ο.
1816 3070 1924 3101 Heine

153 3118 269 3150 Philol.
297 3120 512 3151 Schneidew,
540 3121 615 3154 xit.
645 3129 676 3161 p.
704 3122 778 3152 755.
811 3120 925 3152 Malim
951 3124 986 3151 et
1011 3121 1130 3151 tabulis
1156 3121 1320 3159 studes.)
1346 3137 1381 3141 —
1409 3120 1462 3151 ³26.
1490 3121 1546 3159 qui
1569 3120 1618 3151 his
1643 3121 1666 3151 C
1683 3122 1708 3151 O
1736 3139 1770 3144 —
1795 3119 1924 3150 habun-

154 3169 233 3199 dant
256 3169 335 3201 GR²
357 3189 399 3193 —
422 3172 458 3202 in
480 3171 644 3202 Woifius:
673 3180 743 3202 om.
764 3171 826 3202 CO
847 3188 881 3192 —
907 3174 1040 3202 nostrae
1066 3171 1187 3210 [littera
1213 3180 1228 3201 e
1253 3171 1390 3210 punctis
1416 3172 1544 3208 notata)
1572 3172 1597 3202 G
1623 3187 1659 3192 —
1686 3170 1738 3200 ΕΠ.
1763 3170 1924 3208 privatim

156 3217 361 3251 Lambinus:
384 3221 514 3258 priuati
538 3222 581 3258 C,
616 3220 737 3261 «quod
770 3220 939 3259 significat
970 3222 1076 3251 nultos
1098 3221 1315 3261 magistratus
1337 3224 1499 3260 gerentes,
1531 3229 1612 3252 cum
1636 3220 1670 3252 h.
1697 3218 1718 3251 l.
1745 3219 1789 3251 de
1814 3218 1922 3251 rebus

154 3267 327 3308 privatim,
352 3278 422 3302 non
445 3269 585 3312 publice
610 3271 784 3313 possessis
808 3272 992 3304 manifesto
1017 3279 1136 3303 sermo
1161 3272 1237 3303 sit.»
1263 3270 1321 3302 On.
