2249 3624
778 138 875 179 cst.
907 138 1020 178 xxi.
1059 136 1118 191 §5
1151 135 1334 179 72-231.
1854 133 1934 174 633

170 248 367 289 Catonem
400 244 538 283 dicere
569 243 724 291 audivi,
757 245 1008 284 dissuendae
1040 246 1172 295 magis
1205 258 1328 297 quam
1363 244 1681 290 disrindendae,
1707 244 1783 283 uisi
1807 255 1936 295 quae-

168 310 261 350 dam
301 307 352 348 ad
392 306 559 346 modum
601 307 877 347 intolerabilis
910 309 1058 347 iniuria
1091 308 1316 351 exarserit,
1361 313 1405 346 ut
1438 322 1573 360 neque
1606 314 1762 346 rectum
1799 319 1935 358 neque

167 372 387 412 honestum
428 370 480 409 sit
520 383 597 408 nec
639 368 726 409 lieri
769 372 900 423 possit
942 377 985 410 ut
1017 385 1099 410 non
1133 371 1269 409 statim
1302 370 1500 409 alienatio
1534 370 1845 420 disiunctioque
1878 368 1936 406 sa-

169 433 321 475 ciunda
351 432 416 472 sit.
475 429 542 470 77.
577 432 648 470 Sin
681 437 818 471 autem
851 439 921 472 aut
955 447 1115 472 morum
1149 439 1218 472 aut
1250 434 1480 472 studiorum
1515 434 1785 471 conunutatio
1808 444 1936 483 quae-

167 497 274 543 dam,
307 500 350 536 ut
379 493 466 534 fieri
499 495 619 541 solet,
652 492 757 534 saeta
790 495 867 534 erit
898 501 968 535 aut
999 496 1040 534 in
1073 496 1131 534 rei
1159 496 1346 549 publicae
1372 495 1557 547 partibus
1582 494 1789 534 dissensio
1813 493 1966 531 inter-5

167 558 338 600 cesserit
377 579 431 585 —
472 557 626 610 loquor
657 557 768 596 enim
803 559 905 604 iain,
950 564 992 597 ut
1024 558 1147 612 paulo
1181 564 1275 597 aute
1310 558 1424 604 dixi,
1469 572 1551 596 nou
1586 558 1636 595 de
1669 557 1935 609 sapientium,

166 622 239 661 sed
271 620 322 660 de
354 619 646 659 communibus
677 620 872 659 amicitiis
896 643 968 666 -,
1001 620 1230 658 cavendum
1264 621 1341 659 erit
1374 633 1425 658 ue
1457 634 1538 658 nou
1571 620 1705 658 solum
1729 619 1935 657 amicitiae

166 684 402 736 depositae,
446 683 519 722 sed
564 683 687 722 etiam
730 683 974 722 inimicitiae
1019 689 1237 734 susceptae
1281 682 1512 721 videantur.
1574 683 1683 721 Nihil
1725 685 1835 721 enim
1875 684 1938 719 est

166 747 326 798 turpius
368 759 494 798 quam
532 759 624 785 cum
657 758 706 785 eo
738 745 894 785 bellum
927 758 1095 797 gerere,
1138 759 1318 796 quorum
1353 745 1614 783 familiariter
1645 745 1815 784 vixeris.
1876 743 1936 782 Ab

165 808 347 848 amicitia
379 807 430 855 Q.
454 808 625 860 Pompei
659 821 751 847 meo
784 809 952 847 nomine
984 820 1027 846 se
1063 812 1312 853 removerat,
1347 813 1390 846 ut
1422 807 1546 852 scius,
1582 807 1732 859 Scipio,
1767 811 1988 858 propterte

164 869 472 909 dissensionem
513 876 674 917 autem,
718 884 826 923 quae
868 876 956 909 erat
996 870 1038 908 in
1070 882 1112 908 re
1155 869 1344 920 publica,
1389 869 1596 907 alienatus
1630 876 1691 907 est
1721 882 1743 907 a
1777 867 1938 917 collega

164 938 306 972 nostro
338 932 529 972 Metello:
575 938 797 985 utrumque
830 933 913 984 egit
944 932 1125 983 graviter
1164 932 1411 970 auctoritate
1455 936 1495 969 ct
1537 931 1770 969 offensione
1809 929 1936 968 animi

164 1007 249 1034 non
280 994 442 1034 acerba.
502 993 570 1034 78.
614 994 749 1042 Quam
780 995 832 1034 ob
866 1009 950 1033 rem
993 995 1167 1047 primum
1211 993 1347 1032 danda
1387 1007 1514 1046 opera
1546 1000 1607 1033 est
1639 1008 1688 1032 ne
1723 1006 1805 1045 qua
1835 992 1938 1030 anii-

165 1070 305 1097 corum
338 1058 513 1097 discidia
544 1055 667 1096 fiant:
701 1058 765 1096 siu
799 1057 881 1096 tale
913 1056 1070 1110 aliquid
1105 1057 1311 1103 evenerit,
1337 1063 1379 1095 ut
1404 1057 1610 1095 extinctae
1636 1058 1774 1108 potius
1796 1053 1939 1094 amici-

166 1120 246 1160 tiae
278 1134 401 1174 quam
434 1133 661 1174 oppressae
694 1134 785 1160 esse
819 1120 1052 1159 videantur,
1107 1118 1345 1158 Cavendum
1375 1132 1472 1157 vcro
1504 1133 1553 1157 ne
1578 1120 1702 1158 etiam
1728 1119 1768 1156 in
1793 1130 1938 1169 graves
1956 1127 1989 1155 15

165 1183 406 1222 inimicitias
438 1188 686 1222 convertant
718 1196 761 1222 se
793 1183 1023 1229 amicitiae,
1057 1196 1109 1221 ex
1144 1181 1296 1234 quibus
1329 1182 1488 1234 iurgia,
1522 1181 1763 1226 maledicta,
1797 1184 1938 1219 ‹tontu—

166 1246 315 1286 meliae
347 1246 586 1299 gignuntur.
648 1246 765 1294 Quae
809 1252 949 1286 tamen
990 1246 1023 1284 si
1064 1244 1304 1284 tolerabiles
1344 1250 1483 1287 erunt,
1527 1244 1727 1282 ferundae
1765 1249 1863 1281 sunt
1900 1247 1940 1281 et

165 1308 234 1348 hic
263 1308 398 1349 honos
430 1308 559 1349 veteri
592 1308 801 1348 amicitiae
835 1307 1096 1355 tribuendus,
1131 1313 1174 1347 ut
1205 1308 1239 1347 is
1271 1308 1312 1346 in
1346 1308 1466 1360 culpa
1494 1309 1568 1353 sit,
1593 1307 1663 1359 qui
1687 1306 1831 1353 faciat,
1855 1318 1937 1344 non

165 1371 220 1418 is,
252 1371 326 1424 qui
359 1371 540 1423 patiatur
571 1370 778 1409 iniuriam.

275 1433 458 1473 Omnino
481 1433 668 1472 omnium
693 1431 841 1472 horum
867 1433 1060 1472 vitiorum
1085 1439 1209 1487 atque
1232 1434 1590 1472 incommodorum
1616 1446 1695 1471 una
1720 1432 1858 1471 cautio
1877 1436 1939 1471 est
1952 1440 1989 1468 20

164 1502 292 1550 atque
324 1510 407 1536 una
438 1495 638 1549 provisio,
672 1501 716 1534 ut
747 1509 798 1535 ne
830 1496 952 1535 nimis
982 1497 1063 1535 cito
1095 1497 1270 1548 diligere
1307 1496 1511 1548 incipiant
1533 1508 1637 1534 neve
1660 1510 1741 1534 nou
1776 1495 1937 1546 (lignos

163 1556 229 1598 79.
260 1559 383 1612 Digni
415 1563 554 1598 autem
587 1564 685 1598 sunt
714 1558 909 1604 amicitia,
942 1559 1093 1612 'quibus
1126 1560 1166 1599 in
1201 1560 1303 1612 ipsis
1327 1560 1436 1598 inest
1457 1572 1581 1597 rausa
1604 1572 1677 1597 cur
1699 1558 1939 1608 diligantur.

164 1623 316 1662 Rarum
348 1622 508 1675 genus!
544 1627 584 1660 et
615 1621 786 1674 quidem
819 1622 959 1661 omnia
993 1622 1202 1673 praeclara
1236 1636 1348 1667 rara,
1381 1634 1457 1659 nec
1481 1621 1704 1673 quicquam
1728 1619 1939 1659 diflicilius

165 1698 290 1738 quam
324 1685 507 1737 reperire
549 1684 661 1737 quod
705 1685 759 1723 sit
801 1686 913 1724 omni
955 1698 1006 1724 ex
1039 1691 1155 1737 parte
1187 1686 1227 1724 in
1261 1698 1335 1723 suo
1367 1697 1519 1735 genere
1552 1683 1796 1735 perlectum.
1858 1681 1939 1721 Sed

163 1748 355 1801 plerique
396 1760 535 1800 neque
577 1747 619 1785 in
660 1747 786 1786 rebus
828 1747 1021 1786 humanis
1065 1748 1290 1800 quicquam
1334 1747 1488 1785 bonum
1528 1752 1680 1785 norunt
1713 1745 1790 1783 nisi
1826 1743 1988 1796 quod25

162 1809 427 1849 fructuosum
460 1810 527 1855 sit,
559 1816 599 1849 et
628 1810 784 1849 amicos
817 1816 1028 1862 tamquam
1062 1810 1244 1862 pecudes
1278 1823 1347 1848 eos
1383 1810 1642 1862 potissimum
1667 1808 1863 1857 diligunt,
1887 1819 1939 1845 ex

164 1872 317 1925 quibus
349 1878 519 1925 sperant
551 1886 595 1912 se
627 1874 853 1912 maximum
885 1872 1063 1911 fructum
1088 1887 1179 1911 esse
1204 1879 1414 1924 capturos.
1477 1871 1542 1910 80.
1580 1872 1635 1909 lta
1660 1869 1940 1922 pulcherrima

164 1934 235 1974 illa
276 1939 317 1973 et
353 1935 534 1974 maxime
576 1935 755 1974 naturali
797 1941 938 1975 carent
978 1935 1163 1974 amicitia
1201 1948 1273 1987 per
1313 1948 1356 1973 se
1389 1940 1428 1973 et
1461 1940 1631 1986 propter
1663 1947 1705 1971 se
1739 1932 1938 1984 expetita,

163 2010 240 2036 nec
271 1998 351 2050 ipsi
384 1995 462 2037 sibi
493 1998 688 2050 exemplo
721 2004 840 2044 sunt,
882 1998 985 2037 haec
1027 1998 1089 2036 vis
1133 1998 1340 2036 amicitiae
1372 2003 1411 2036 et
1444 1997 1578 2049 qualis
1613 2001 1652 2034 et
1686 2002 1843 2046 quanta
1873 1994 1936 2032 sit.

163 2061 257 2113 lpse
289 2060 401 2099 enim
432 2072 475 2099 se
507 2061 685 2113 quisque
718 2060 865 2112 diligit,
899 2074 981 2099 non
1018 2067 1060 2099 ut
1092 2060 1275 2113 aliquam
1308 2074 1329 2098 a
1354 2073 1397 2098 se
1422 2061 1512 2111 ipso
1542 2057 1777 2097 mercedem
1801 2056 1988 2107 exigatsso

164 2122 346 2162 caritatis
378 2134 491 2168 suae,
523 2123 595 2161 sed
631 2122 745 2175 quod
779 2136 853 2175 per
885 2137 929 2162 se
963 2123 1144 2176 quisque
1177 2122 1252 2161 sibi
1286 2135 1406 2161 carus
1430 2128 1505 2159 est.
1558 2118 1682 2167 Quod
1715 2118 1793 2156 uisi
1828 2117 1939 2155 idem

163 2184 205 2223 in
236 2185 458 2224 amicitiam
491 2184 784 2231 transferetur,
826 2199 947 2224 verus
980 2187 1138 2224 amicus
1171 2198 1397 2236 numquam
1431 2183 1690 2235 reperietur;
1734 2186 1796 2219 est
1827 2181 1938 2219 enim

163 2247 222 2293 is,
263 2247 334 2300 qui
375 2253 437 2287 est
478 2253 687 2301 tamquam
729 2248 835 2288 alter
880 2247 1004 2286 idem.
1071 2244 1137 2285 ὅ).
1172 2246 1296 2294 Quod
1329 2247 1362 2285 si
1396 2246 1473 2285 hoc
1506 2251 1675 2297 apparet
1711 2245 1749 2282 in
1783 2243 1938 2288 bestiis,

165 2307 422 2356 volucribus,
458 2310 674 2357 nantibus,
707 2307 967 2362 agrestibus,
1000 2310 1224 2355 cicuribus,
1256 2309 1371 2355 feris,
1404 2309 1581 2361 primum
1616 2312 1659 2345 ut
1690 2320 1733 2345 se
1766 2305 1939 2354 diligant

252 2427 281 2458 l.
308 2427 553 2458 disscindendae
579 2429 603 2457 G
639 2445 672 2449 —
711 2427 741 2458 3.
769 2437 872 2467 neque
894 2428 966 2468 ficri
991 2428 1043 2458 ΒΞ
1073 2444 1103 2448 -
1139 2427 1292 2467 sarienda
1320 2426 1344 2456 l)
1357 2428 1379 2455 t)
1408 2442 1439 2446 —
1481 2424 1510 2455 si.
1538 2427 1646 2454 autem
1673 2426 1730 2452 aa!
1756 2423 1803 2451 (Ξῖ
1831 2425 1940 2452 aulem

165 2476 190 2508 O
218 2494 252 2498 —
287 2477 471 2508 studiorum
495 2481 553 2508 aut
577 2486 708 2507 morum
740 2477 763 2508 E
802 2494 836 2498 ——
875 2478 905 2508 5.
935 2478 967 2507 in
993 2485 1060 2508 om.
1084 2477 1107 2507 li
1147 2493 1180 2497 —
1221 2476 1250 2506 6.
1278 2476 1399 2514 loquar
1424 2476 1491 2504 iam
1525 2474 1546 2504 [i
1586 2490 1618 2494 —-
1661 2473 1724 2502 ιἰιηι
1752 2480 1820 2502 om.
1847 2472 1866 2501 S
1904 2487 1937 2492 —

164 2526 349 2564 sapientum
373 2526 394 2556 S
433 2544 466 2548 -
510 2526 541 2556 8,
569 2526 748 2565 dispositae
779 2527 803 2556 G
843 2543 876 2547 —
920 2527 1113 2557 inimicitiae
1138 2526 1235 2557 elium
1267 2526 1291 2555 O
1326 2541 1359 2545 —
1405 2528 1449 2554 es!
1475 2523 1625 2553 ‹¹111.l⁷)0
1662 2539 1695 2543 -
1743 2522 1772 2551 9.
1801 2528 1942 2561 quaeum

166 2576 271 2606 BGS:
299 2577 432 2616 quicum
457 2576 552 2607 DEO
582 2593 613 2597 —
647 2576 694 2606 10.
715 2577 820 2615 quinti
846 2577 935 2607 Bos
962 2593 995 2598 —
1023 2577 1164 2615 Pompeii
1183 2576 1206 2605 Ο
1234 2591 1267 2595 -
1298 2575 1348 2604 «12,
1369 2575 1568 2604 auctorilule
1595 2575 1622 2601 e!
1649 2570 1940 2608 i11‹<lusit.ua‹ixig

166 2626 303 2665 (opusc.
330 2626 483 2664 11‚'·287);
521 2626 684 2657 sufficere
710 2626 850 2657 videtur
873 2627 1072 2657 auctoritate
1097 2624 1200 2656 obelo
1227 2626 1367 2660 notare,
1395 2632 1464 2662 quo
1492 2620 1663 2651 vocabulo
1689 2620 1832 2659 quidam
1858 2619 1940 2650 illud

165 2676 315 2715 qraut'ter
339 2674 489 2707 voluisse
514 2676 653 2707 ridetur
677 2675 864 2716 explicare.
903 2694 937 2698 -
978 2676 1028 2705 13.
1057 2684 1155 2714 quam
1181 2674 1218 2703 ob
1244 2682 1309 2703 rem
1329 2690 1375 2694 ——
1395 2673 1572 2702 uideantur
1597 2671 1726 2700 Nonius
1753 2679 1783 2710 p.
1804 2669 1879 2707 440,
1901 2670 1938 2700 ‘25

167 2741 201 2746 —
229 2733 329 2764 opera
353 2729 398 2755 est
422 2725 503 2763 EG,
529 2726 684 2756 Nonius:
711 2730 756 2756 est
781 2734 880 2764 opera
905 2726 995 2756 BE&
1025 2743 1053 2747 —
1094 2734 1132 2755 ne
1157 2733 1240 2763 quae
1265 2724 1318 2754 Β5
1346 2740 1378 2744 -
1423 2722 1468 2752 ll..
1496 2722 1632 2751 dissidia
1658 2726 1682 2749 t>
1711 2739 1744 2742 —
1778 2721 1890 2759 pocius
1915 2722 1938 2751 G

168 2791 202 2796 ——
229 2775 396 2805 amicitiae
421 2784 490 2806 om.
510 2774 544 2806 8¹
572 2791 606 2797 -
636 2776 688 2807 «15.
715 2776 888 2813 obpressae
912 2776 1090 2804 uideantur
1116 2775 1245 2804 Nonius
1276 2789 1307 2793 —
1344 2773 1442 2802 eliam
1468 2782 1506 2801 ue
1532 2772 1555 2800 l)
1588 2788 1618 2791 -—
1660 2772 1710 2800 lei.
1739 2771 1825 2800 iuria
1852 2772 1874 2801 B
1902 2787 1935 2791 -

166 2824 217 2854 47.
244 2823 439 2856 tollerabiles
465 2825 510 2862 G,
542 2825 781 2856 tolerabiliores
808 2826 832 2855 D
861 2843 894 2847 —
929 2824 1089 2863 ferundae
1116 2824 1197 2854 liti:
1234 2824 1387 2862 ferendae
1414 2822 1532 2852 ixl-151)
1570 2838 1603 2840 -
1648 2821 1693 2851 ts,
1720 2822 1824 2850 honor
1850 2821 1874 2851 D
1903 2837 1938 2841 —

164 2872 217 2904 ΞΟ.
242 2874 403 2904 uitiorum
425 2874 543 2904 horum
567 2875 660 2905 BGS
711 2893 743 2896 —
795 2876 847 2906 ΞΗ.
874 2884 936 2905 non
964 2874 1078 2913 diynos
1103 2874 1183 2904 DE:
1222 2873 1371 2912 indignus
1395 2873 1483 2902 BG&
1522 2887 1554 2891 —
1598 2870 1649 2900 22.
1677 2870 1794 2908 quibas
1816 2870 1893 2908 ipsis
1918 2869 1941 2900 E

168 2939 202 2944 -
239 2922 294 2963 23.
329 2927 358 2953 et
389 2923 529 2964 quictem]
564 2924 713 2963 equidem
744 2924 765 2954 S
810 2941 845 2946 -
897 2932 983 2954 rara
1015 2923 1194 2960 praeclara
1231 2924 1263 2957 5
1307 2922 1368 2952 sed
1407 2920 1485 2949 add.
1524 2919 1629 2957 siguis
1667 2920 1941 2959 transpositismis

168 2988 202 2992 —
242 2971 296 3003 24.
327 2973 361 3002 in
390 2981 508 3012 yenere
531 2981 589 3003 suo
626 2973 680 3003 ΒΞ
715 2989 750 2993 -
792 2974 843 3003 26.
870 2974 1017 3012 deliqwzt
1042 2974 1064 3003 Β
1094 2975 1152 3010 (ex
1179 2972 1387 3010 alioqum-2²),
1420 2970 1557 3009 diligant
1583 2970 1604 2999 S
1641 2985 1675 2990 —-
1719 2972 1770 3000 2¹8.
1799 2974 1941 3000 namra-

165 3020 211 3051 lia
235 3021 273 3059 S,
307 3030 399 3052 corr.
427 3030 474 3052 m.
501 3022 520 3052 ‘2
544 3022 577 3052 in
603 3020 786 3051 naturabili
824 3038 859 3043 —
897 3023 1042 3060 expetita
1067 3022 1110 3051 C:
1147 3022 1330 3059 ωροτεηᾶα
1355 3024 1378 3050 ω
1417 3036 1450 3040 -
1493 3018 1542 3048 29.
1570 3028 1627 3049 nec
1651 3018 1710 3048 sibi
1736 3019 1795 3057 ipsi
1821 3019 1859 3054 t),
1886 3028 1942 3049 nec

163 3070 228 3108 ipsi
251 3079 308 3101 nec
332 3070 391 3103 sibi
421 3071 445 3101 B
491 3087 526 3092 —
572 3073 601 3101 et
625 3071 734 3109 qualis
770 3079 855 3101 nos:
893 3074 938 3101 est
963 3070 1072 3109 qualis
1104 3070 1214 3106 nus,
1248 3070 1354 3108 qualis
1387 3069 1484 3099 bijo
1531 3085 1562 3089 —
1610 3068 1660 3098 34),
1689 3078 1709 3098 a
1734 3078 1766 3098 se
1790 3069 1858 3105 ipso
1891 3070 1938 3097 ti:

165 3118 232 3158 ipse
254 3128 276 3149 a
299 3127 330 3151 se
356 3120 397 3156 E,
430 3129 451 3150 a
475 3128 508 3151 se
530 3121 596 3160 ipse
629 3120 757 3151 ssuso
797 3137 830 3140 —
868 3122 983 3160 exisset
1007 3120 1183 3150 mercedem
1212 3120 1236 3148 D
1279 3136 1310 3140 —
1358 3118 1408 3148 3¹.
1437 3117 1574 3156 quisque
1596 3118 1655 3147 sibi
1680 3127 1706 3148 e.
1736 3118 1758 3148 13
1770 3120 1848 3147 tis:
1883 3116 1942 3147 sibi

168 3168 302 3207 quisque
326 3177 353 3199 c.
380 3169 460 3207 EO,
495 3171 631 3209 quisque
654 3178 754 3200 carus
776 3169 838 3199 sibi
862 3170 888 3200 D
930 3187 963 3191 —
1002 3170 1054 3200 32.
1081 3169 1320 3207 transferretur
1353 3168 1375 3198 B
1414 3184 1448 3188 —
1488 3175 1668 3204 numqaum
1693 3168 1820 3198 amiens
1853 3166 1875 3196 li
1906 3183 1938 3186 —

167 3219 370 3257 reperiretur
393 3220 419 3250 D
446 3235 481 3240 —
509 3219 559 3251 33.
589 3220 646 3258 qui
669 3223 714 3250 esc
739 3220 782 3250 C:
810 3220 939 3258 quidem
963 3219 988 3250 O
1017 3237 1051 3240 —
1090 3218 1142 3250 312.
1169 3218 1345 3248 cucur-ibus
1370 3218 1392 3248 E
1422 3235 1455 3240 —
1490 3226 1522 3248 se
1545 3218 1683 3258 diligant
1709 3218 1821 3247 Etis:
1849 3217 1940 3254 ipsae

169 3276 201 3299 se
223 3269 280 3300 dil.
305 3269 352 3309 E,
383 3278 415 3302 se
438 3270 494 3302 dil.
520 3270 611 3310 ipsae
633 3270 681 3309 D,
715 3277 747 3301 se
770 3269 862 3309 ipsae
885 3269 940 3300 dil.
971 3270 1009 3300 O.
