2249 3624
592 138 679 176 Lm.
713 138 759 176 V.
798 136 895 176 Cn».
932 135 1169 174 vul—lx.
1200 132 1258 186 §§
1291 131 1481 172 (ΕΙ-26.
1842 124 1915 166 183

153 256 222 290 ant
260 250 480 290 honestum
521 255 591 289 aut
633 256 752 301 turpe
784 250 856 295 sit,
905 255 1056 299 negant
1088 261 1179 287 esse
1211 247 1337 285 ullam
1371 258 1558 290 eausam,
1601 257 1674 283 cur
1703 244 1815 283 aliud
1847 243 1917 282 alii

155 320 450 366 anteponatur,
492 326 566 352 ner
606 313 714 351 inter
752 326 820 350 eas
861 324 924 350 res
964 312 1188 363 quitquam
1228 310 1399 347 oinnino
1444 312 1587 360 putant
1623 307 1845 351 interesse,
1878 311 1919 343 et

156 376 330 422 Erillus,
362 376 395 414 si
428 376 482 414 ita
513 376 662 418 sensit,
708 374 808 413 nihil
842 388 932 412 esse
965 374 1120 411 bonurn
1155 378 1317 424 praeter
1349 370 1583 414 scientiam,
1625 380 1790 406 omnem
1822 380 1919 405 con-

159 438 240 476 silii
279 437 470 490 capiendi
508 451 672 476 rausain
714 437 1084 488 iuventioneinque
1117 434 1242 473 oflicii
1275 433 1454 472 sustulit.
1515 431 1582 470 sic
1614 430 1795 469 exclusis
1827 442 1920 467 sen-

159 500 298 538 tentiis
337 499 616 550 reliquorum,
657 514 747 537 runi
786 505 998 550 praeterea
1039 498 1152 536 nulla
1189 511 1279 534 esse
1317 496 1468 546 possit,
1509 494 1609 532 haec
1651 493 1953 544 antiquorum&

158 559 291 598 valeat
328 573 500 599 necesse
537 567 609 599 est.
673 562 780 611 Ergo
825 561 1012 598 instituto
1053 567 1258 601 veterum.
1302 572 1386 610 quo
1419 557 1540 596 etiarn
1574 556 1701 595 Stoici
1733 559 1921 599 utuntur,

156 621 253 660 hinc
283 622 497 672 capiamus
529 622 760 661 exordium.

269 683 340 721 lx.
375 681 438 721 24.
484 687 615 722 Omne
655 684 807 722 animal
841 699 883 722 se
923 685 1056 735 ipsum
1093 683 1227 733 diligit
1258 698 1324 727 ar,
1359 683 1481 721 sinnul
1515 688 1555 720 et
1586 687 1721 720 ortum
1755 685 1838 724 est,
1880 678 1920 717 id

156 745 259 796 agit,
302 749 347 782 ut
387 758 430 783 se
473 753 716 789 conservet,
757 747 868 797 quod
912 746 976 783 hir
1020 747 1056 783 υἱ
1100 746 1256 796 prunus.
1287 745 1339 783 ad
1371 759 1534 783 onlnem
1570 744 1692 782 vitain
1727 740 1920 781 tuendam

155 808 365 859 appetitus
409 820 430 844 a
473 814 618 846 natura
662 808 802 853 datur,
844 821 887 845 se.
931 814 971 846 ut
1015 814 1254 851 consum-t,
1297 812 1422 859 utque
1455 808 1510 845 ita
1542 807 1597 845 sit
1627 804 1841 849 allectum,
1881 808 1973 842 utu)

155 869 311 921 optime
343 870 571 908 secundum
607 876 794 908 naturam
828 871 1018 908 all'ertunu
1043 883 1133 907 esse
1158 870 1300 920 possit.
1342 870 1456 908 llanc
1479 870 1596 908 initio
1619 867 1922 907 institutionem

157 930 372 971 confusam
404 930 531 970 habet
562 938 600 970 et
631 933 855 976 incertam,
895 938 937 970 ut
971 937 1127 970 tantuin
1163 931 1287 969 inodo
1320 946 1363 970 se
1397 936 1580 977 tueatur,
1621 930 1925 982 qualecumque

157 994 229 1039 sit,
262 992 334 1032 sed
367 1006 443 1032 nee
475 993 573 1045 quid
608 994 660 1032 sit
692 1008 768 1032 nec
792 993 891 1045 quid
927 994 1058 1045 possit
1091 1007 1165 1031 nee
1188 994 1286 1045 quid
1310 994 1441 1046 ipsius
1464 999 1610 1032 natura
1631 993 1684 1031 sit
1706 990 1927 1041 intellegit.

159 1058 262 1095 Cum
293 1060 433 1094 autem
466 1056 669 1107 processit
701 1057 867 1108 paulurn
901 1063 962 1101 et,
995 1063 1201 1108 quatenus
1233 1055 1419 1108 quidque
1452 1070 1495 1093 se
1527 1056 1702 1105 attingat
1722 1054 1773 1092 ad
1797 1066 1926 1105 seque

160 1118 386 1171 pertineat,
419 1118 655 1170 perspicere
688 1119 845 1170 coepit,
886 1124 969 1157 tum
1002 1119 1156 1157 sensim
1191 1117 1333 1169 incipit
1365 1118 1559 1169 progredi
1591 1130 1769 1169 seseque
1800 1129 1928 1168 agno-
1944 1128 1977 1155 «15

159 1193 271 1220 scere
305 1185 347 1219 et
378 1180 641 1232 intellegere,
675 1194 797 1233 quain
833 1181 886 1219 ob
909 1194 1074 1220 eausam
1096 1181 1245 1220 babeat
1268 1193 1385 1225 eum,
1419 1193 1542 1231 quein
1567 1179 1768 1224 diximus,
1799 1178 1927 1217 animi

157 1243 411 1295 appetitum,
444 1249 697 1295 coeptatque
729 1249 769 1282 et
801 1257 869 1289 ea,
904 1257 1012 1296 quae
1044 1249 1217 1281 naturae
1240 1242 1367 1281 sentit
1393 1247 1511 1294 apta,
1544 1247 1741 1293 appetere
1764 1247 1805 1280 et
1835 1254 1929 1293 pro-

160 1305 327 1358 pulsare
360 1306 583 1344 contraria.
646 1306 755 1357 Ergo
789 1306 900 1344 omni
933 1305 1104 1344 animali
1135 1305 1257 1351 illud,
1289 1304 1400 1356 quod
1434 1305 1612 1357 appetit,
1655 1304 1835 1356 positum
1868 1308 1930 1341 est

159 1369 200 1407 in
233 1380 302 1413 eo,
345 1367 454 1420 quod
489 1373 661 1406 naturae
694 1373 757 1407 est
787 1368 1160 1407 accommodatum.
1219 1368 1278 1406 lta
1310 1367 1404 1406 linis
1437 1367 1640 1405 bonorum
1673 1365 1837 1405 exsistit
1867 1377 1930 1403 se-

158 1430 342 1470 cundum
374 1435 563 1469 naturam
596 1431 736 1470 vivere
768 1431 825 1469 sic
857 1431 1073 1476 affectum,
1106 1436 1151 1469 ut
1182 1430 1337 1482 optime
1359 1428 1468 1468 affici
1491 1429 1624 1481 possit
1644 1428 1696 1468 ad
1720 1433 1930 1467 naturam·
1944 1440 1981 1467 20

158 1506 240 1546 que
286 1492 732 1532 accommodatissime.
794 1491 857 1532 255.
902 1493 1111 1541 Quoniam
1158 1499 1295 1531 autem
1338 1506 1412 1531 sua
1457 1493 1663 1545 cuiusque
1706 1488 1930 1530 animantis

160 1561 309 1595 natura
340 1561 422 1602 est,
454 1568 626 1594 necesse
659 1562 720 1594 est
750 1556 875 1595 linem
907 1569 1078 1609 quoque
1111 1555 1297 1594 omnium
1327 1555 1439 1594 hunc
1471 1568 1583 1601 esse,
1616 1560 1660 1594 ut
1689 1558 1837 1593 natura
1859 1564 1932 1590 ex-

163 1618 324 1671 pleatur
354 1639 409 1647 --
448 1618 554 1656 nibil
601 1618 709 1657 enim
754 1619 947 1671 prohibet
987 1618 1191 1671 quaedam
1239 1632 1329 1657 esse
1371 1624 1411 1657 et
1447 1618 1555 1657 inter
1595 1631 1639 1656 se
1678 1614 1931 1656 animalibus

161 1680 336 1733 reliquis
369 1685 410 1719 et
441 1694 534 1719 cum
565 1680 711 1720 bestiis
742 1681 901 1720 homini
933 1680 1192 1727 communia,
1233 1681 1430 1734 quoniam
1474 1681 1660 1720 omnium
1691 1683 1754 1718 est
1784 1683 1932 1717 natura

160 1742 395 1781 communis
426 1763 503 1789 -‚
545 1742 617 1782 sed
650 1749 837 1782 extrema
868 1743 939 1782 illa
970 1749 1009 1782 et
1040 1756 1222 1790 summa,
1263 1756 1371 1796 quae
1403 1743 1663 1796 quaerimus,
1703 1743 1812 1781 inter
1843 1741 1931 1780 ani-
1945 1754 1982 1781 25

161 1805 331 1844 malium
371 1818 525 1857 genera
564 1805 763 1844 distincta
804 1810 844 1844 et
883 1805 1101 1858 dispertita
1134 1806 1215 1844 sint
1247 1811 1288 1844 et
1318 1819 1391 1845 sua
1424 1806 1572 1858 cuique
1612 1804 1779 1858 propria
1811 1808 1851 1842 et
1880 1802 1932 1841 ad

160 1866 201 1906 id
234 1872 354 1919 apta,
397 1867 511 1920 quod
543 1868 748 1920 cuiusque
779 1873 927 1907 natura
958 1868 1178 1907 desideret.
1238 1866 1304 1906 215.
1338 1868 1477 1916 Quare
1510 1881 1603 1907 cum
1635 1867 1813 1906 dicimus
1845 1879 1932 1904 om-

162 1930 286 1970 nibus
317 1929 568 1969 animalibus
600 1936 831 1969 extremum
865 1944 956 1970 esse
984 1930 1213 1970 secundum
1239 1937 1427 1970 naturam
1452 1930 1610 1977 vivere,
1642 1943 1728 1969 non
1748 1929 1805 1968 ita
1827 1927 1934 1967 acci-

161 1991 359 2045 piendum
387 1996 462 2037 est,
488 1992 609 2044 quasi
632 1992 817 2031 dicamus
839 2006 970 2032 unum
993 2006 1083 2031 esse
1107 1993 1293 2032 omnium
1317 1999 1564 2040 extremum,
1586 1991 1659 2032 sed
1680 1997 1726 2031 ut
1747 1990 1933 2030 omnium

161 2056 310 2095 artium
341 2060 453 2093 recte
485 2054 564 2093 dici
595 2060 733 2106 potest
764 2068 987 2094 commune
1020 2068 1131 2102 esse,
1174 2062 1219 2095 ut
1249 2057 1291 2095 in
1322 2056 1463 2108 aliqua
1495 2055 1670 2094 scientia
1700 2058 1934 2098 versentur,
1948 2066 1984 2093 30

161 2118 375 2158 scientiam
409 2123 547 2156 autem
580 2130 696 2156 suam
727 2118 932 2170 cuiusque
964 2117 1063 2156 artis
1095 2131 1207 2165 esse,
1240 2118 1298 2157 sic
1331 2130 1552 2157 commune
1583 2116 1824 2156 animalium
1848 2115 1956 2155 om-'

162 2180 276 2219 nium
309 2179 538 2219 secundnm
571 2184 759 2219 naturam
789 2180 947 2226 vivere,
981 2180 1052 2218 sed
1076 2187 1244 2219 naturas
1269 2194 1360 2219 esse
1383 2181 1590 2227 diversas,
1622 2184 1668 2218 ut
1688 2178 1801 2218 aliud
1825 2190 1934 2231 equo

163 2243 217 2282 sit
248 2256 269 2282 e
301 2247 469 2289 natura,
513 2241 627 2281 aliud
668 2242 785 2287 bovi,
833 2241 947 2280 aliud
989 2242 1170 2289 homini,
1214 2249 1254 2282 et
1295 2249 1432 2282 tamen
1476 2243 1518 2282 in
1551 2241 1744 2281 omnibus
1775 2252 1937 2279 summa

163 2304 417 2351 communis,
461 2309 502 2343 et
544 2304 715 2357 quidem
759 2317 842 2342 non
880 2304 1013 2343 solum
1055 2305 1403 2351 inanimalibus,
1450 2304 1522 2343 sed
1564 2304 1687 2343 etiam
1730 2302 1773 2341 in
1813 2302 1937 2340 rebus

165 2367 358 2406 omnibus
381 2366 452 2413 iis,
486 2379 590 2419 quas
615 2372 761 2405 natura
784 2367 875 2413 alit,
908 2373 1050 2419 auget,
1083 2373 1244 2406 tuetur:
1278 2367 1319 2405 in
1343 2367 1496 2419 quibus
1519 2366 1709 2405 videmus
1732 2378 1798 2411 ea,
1830 2378 1937 2417 quae
1951 2378 1987 2407 35

166 2430 394 2481 gignuntur
425 2442 446 2467 e
480 2434 607 2475 terra,
651 2428 778 2467 multa
811 2429 991 2481 quodam
1033 2429 1157 2468 modo
1189 2428 1352 2468 efficere
1393 2430 1486 2481 ipsa
1516 2429 1594 2468 sibi
1626 2442 1701 2480 per
1731 2441 1797 2474 se,
1830 2440 1938 2480 quae

167 2492 218 2530 ad
250 2490 477 2530 vivendum
519 2491 878 2543 crescendumque
910 2491 1097 2537 valeant,
1141 2497 1184 2530 ut
1216 2505 1291 2531 suo
1323 2505 1474 2544 genere
1506 2491 1754 2544 perveniant
1784 2489 1834 2529 ad
1869 2503 1940 2528 ex-

166 2559 366 2600 tremum,
406 2559 451 2592 ut
481 2553 562 2591 iam
595 2552 717 2592 liceat
747 2566 830 2592 una
862 2554 1240 2606 comprehensione
1274 2555 1414 2593 omnia
1445 2552 1665 2606 complecti
1700 2550 1941 2591 non-dubi-

257 2704 286 2733 4.
313 2706 371 2734 aut
396 2703 487 2741 (ante
510 2702 598 2741 hon.)
625 2701 830 2733 Lambinus:
859 2704 944 2741 quod
968 2713 1031 2734 non
1057 2707 1114 2733 auc
1139 2703 1241 2734 codd.
1264 2704 1380 2741 <etiam
1398 2703 1454 2741 ΕΗ
1482 2701 1590 2741 [quod]
1617 2704 1674 2732 aut
1691 2701 1716 2732 O
1736 2719 1771 2723 —
1798 2702 1829 2732 ⁶2.
1849 2701 1943 2740 quic—

169 2754 247 2793 quid
271 2762 358 2785 omn.
385 2753 409 2783 B
437 2769 471 2774 —
509 2752 538 2783 3.
566 2753 678 2784 erillus
700 2753 744 2783 P=z
778 2753 920 2783 Her-illus
943 2754 974 2784 M
988 2754 1024 2783 O.
1058 2753 1155 2784 tlonf.
1185 2761 1215 2793 p.
1246 2753 1324 2790 482,
1352 2752 1404 2782 3¹.
1435 2769 1469 2772 ff
1505 2753 1535 2782 6.
1561 2751 1663 2792 151-90]
1688 2752 1791 2792 igitur
1813 2752 1877 2782 BC
1905 2767 1939 2772 ——

169 2805 201 2836 8.
226 2803 322 2834 simul
345 2807 375 2834 et
397 2803 439 2833 B:
473 2803 569 2833 simul
594 2802 644 2843 [cI]
671 2803 720 2834 M:
747 2803 843 2832 simul
868 2806 901 2833 ut
925 2804 962 2833 O.
998 2802 1048 2834 (tf.
1076 2804 1121 2839 11,
1149 2806 1166 2841 g
1193 2803 1244 2833 33.
1276 2820 1309 2824 —
1344 2804 1374 2832 9.
1399 2803 1527 2841 prunus
1553 2802 1632 2840 (non
1655 2801 1811 2840 primum)
1839 2800 1943 2831 etiam

171 2855 195 2885 E
214 2871 248 2875 —-
278 2854 330 2884 Η.
356 2853 593 2884 institutionem
617 2854 640 2883 B
658 2853 681 2883 C
698 2854 744 2883 D:
771 2853 1032 2883 constilulionem
1057 2853 1094 2883 Ο.
1123 2853 1171 2883 Ct'.
1195 2854 1247 2889 lv,
1275 2853 1292 2892 g
1319 2852 1358 2882 32
1384 2854 1416 2883 ct
1439 2851 1491 2883 lit.
1514 2868 1546 2872 —
1578 2850 1809 2890 113.intell1'91'c.
1838 2852 1945 2889 Quam

173 2904 216 2934 ad
240 2912 378 2934 causam
401 2903 497 2934 habet
521 2912 594 2934 eum
619 2912 712 2941 quem
737 2903 894 2933 (luximus.
922 2904 1002 2934 Cum
1021 2904 1045 2933 E
1064 2911 1104 2933 ex
1123 2911 1154 2932 v.
1176 2902 1226 2933 16.
1251 2920 1282 2923 —
1313 2902 1363 2933 14.
1385 2902 1526 2940 quidque
1549 2910 1634 2932 nos:
1661 2899 1815 2939 quicquid
1839 2898 1944 2930 codd.

172 2955 206 2985 et
230 2954 311 2984 MO.
339 2952 389 2984 Cf.
408 2961 480 2984 var.
500 2952 579 2984 lect.
600 2953 654 2990 IV,
683 2954 700 2993 g
727 2953 776 2984 tss.
803 2971 836 2974 —
865 2962 926 2992 que
950 2961 1020 2983 om.
1042 2953 1065 2983 E
1087 2969 1119 2974 -
1151 2953 1189 2983 45
1228 2952 1355 2991 sensim]
1382 2961 1511 2982 sensum
1534 2951 1577 2983 B:
1604 2958 1697 2982 sensu
1718 2950 1743 2980 E
1762 2967 1797 2971 —
1826 2948 1877 2978 46.
1896 2948 1944 2987 ob]

173 3004 216 3034 ad
239 3004 263 3034 B
292 3020 326 3025 -
353 3002 470 3033 habeat
496 3001 706 3034 Lambinus:
733 3003 826 3033 habet
851 3002 953 3034 codd.
982 3019 1016 3023 —
1047 3002 1097 3032 Π.
1125 3005 1309 3040 σορρηηίμιε
1334 3001 1357 3031 Ιέ
1382 3018 1424 3022 -
1448 3001 1499 3031 21.
1528 3009 1589 3040 que
1612 3008 1683 3030 om.
1709 2999 1732 3029 B
1759 2999 1839 3036 (non
1857 2997 1891 3035 E)
1909 3014 1943 3017 -

172 3053 225 3084 Ὦ.
245 3053 431 3091 expleatur.
457 3052 547 3082 Nihil
562 3069 578 3074 -
592 3070 608 3074 —
625 3053 817 3083 communis.
843 3053 907 3083 Sed
923 3053 948 3082 O
968 3069 1002 3073 —
1033 3052 1082 3081 26.
1103 3052 1278 3090 dispartita
1299 3051 1321 3081 B
1334 3051 1357 3081 κζ
1377 3067 1409 3071 -
1430 3051 1493 3080 sint
1509 3068 1527 3073 -
1540 3067 1558 3073 -
1574 3050 1731 3081 desideret
1748 3050 1788 3080 B:
1816 3051 1890 3079 sunt
1903 3065 1946 3070 --

174 3102 337 3133 desiderat
361 3102 386 3132 O
413 3118 447 3122 ——
476 3102 528 3133 28.
555 3110 619 3132 esse
643 3111 711 3133 om.
740 3104 762 3133 Β
779 3103 802 3133 E
829 3102 1030 3141 (Madvigius
1057 3100 1162 3131 salsus
1188 3104 1245 3138 esti
1279 3118 1311 3122 --
1343 3100 1396 3131 30.
1423 3103 1595 3131 uersentur
1619 3101 1661 3130 B:
1686 3103 1833 3131 versetur
1857 3098 1881 3128 O
1909 3115 1943 3119 —

177 3151 228 3182 33.
255 3160 271 3182 e
295 3152 338 3182 B:
373 3159 443 3182 om.
470 3151 507 3181 O.
545 3151 594 3182 Cf.
623 3160 654 3191 p.
683 3154 756 3188 wi,
785 3152 836 3182 ³22.
871 3169 904 3173 —-
940 3150 991 3181 35.
1019 3151 1081 3180 alet
1107 3151 1130 3180 Β
1169 3167 1199 3171 —
1235 3152 1332 3189 auae!
1365 3158 1434 3180 om.
1461 3150 1485 3180 Β
1513 3150 1594 3187 (non
1618 3149 1653 3188 E)
1684 3166 1713 3170 κ
1753 3148 1804 3178 37.
1832 3150 1868 3177 uz
1890 3156 1947 3176 suo

178 3200 386 3239 Mam-igius:
414 3203 443 3231 et
465 3210 522 3231 suo
548 3200 651 3232 codd.
679 3203 713 3232 et
737 3202 773 3232 Ο.
808 3201 857 3232 (js.
885 3209 955 3231 var.
983 3198 1064 3230 lect.
1090 3208 1124 3239 p.
1152 3197 1225 3236 184,
1252 3198 1282 3228 2.
1313 3216 1347 3220 —
1375 3198 1427 3230 38.
1455 3198 1721 3238 dubitantemque
1747 3197 1829 3236 (non
1852 3195 1947 3226 dubi-

179 3251 314 3289 temque)
340 3249 422 3281 BE:
449 3249 699 3288 dubitanterque
723 3258 804 3281 cum
829 3250 1019 3282 Goerenzio
1045 3250 1081 3280 Ο.
