2249 3624
366 126 448 168 444
964 125 1035 165 DE
1065 123 1291 165 DEORUM
1319 122 1537 165 NATURA

367 233 489 274 derat
518 232 751 273 orationem
781 243 931 270 meam.
984 230 1065 270 Sed
1098 243 1191 269 cum
1223 229 1349 270 talem
1380 242 1473 270 esse
1504 229 1628 270 deum
1659 233 1772 270 certa
1801 231 1975 272 notione
2006 232 2135 273 animi

366 296 718 350 praesentiamus,
759 293 939 346 primum
970 297 1016 331 ut
1047 293 1100 332 sit
1129 292 1342 339 animans,
1379 292 1532 332 deinde
1562 296 1609 332 ut
1637 292 1681 331 in
1712 293 1826 332 omni
1855 298 2002 334 natura
2032 295 2139 334 nihil

368 372 418 399 eo
461 359 515 399 sit
555 357 855 411 praestantius,
893 356 944 395 ad
974 355 1082 394 hanc
1112 355 1453 407 praesensionem
1484 355 1785 410 notionemque
1815 361 1999 396 nostram
2029 356 2136 396 nihil

366 422 491 462 video
522 420 636 473 quod
666 418 806 472 potius
838 417 1150 458 accommodem
1172 430 1298 471 quam
1330 422 1376 456 ut
1405 417 1586 470 primum
1616 417 1728 458 hunc
1758 418 1898 471 ipsum
1919 418 2139 466 mundum,

331 497 451 538 5quo
489 482 592 523 nihil
633 481 909 521 excellentius
945 479 1037 519 fieri
1077 483 1236 533 potest,
1277 479 1533 519 animantem
1575 493 1666 520 esse
1707 485 1747 520 et
1786 480 1911 520 deum
1942 480 2138 521 iudicem.

366 544 433 585 46.
464 546 543 585 Hic
573 558 697 597 quam
728 543 843 583 volet
872 542 1078 595 Epicurus
1111 542 1285 590 iocetur,
1316 542 1443 581 homo
1475 555 1561 582 non
1582 542 1824 595 aptissimus
1846 543 1897 582 ad
1918 543 2139 584 iocandum

366 609 624 661 minimeque
661 606 866 659 resipiens
906 604 1101 657 patriam,
1141 609 1182 644 et
1213 604 1322 644 dicat
1353 618 1396 644 se
1425 618 1512 644 non
1542 619 1665 658 posse
1695 605 1962 658 intellegere,
2001 605 2140 659 qualis

366 673 420 713 sit
450 670 649 711 volubilis
682 674 723 709 et
753 666 961 708 rutundus
992 667 1119 713 deus,
1159 671 1296 706 tamen
1329 680 1381 707 ex
1411 666 1512 715 hoc,
1558 667 1670 720 quod
1703 668 1826 708 etiam
1856 668 1947 721 ipse
1977 667 2139 721 probat,

364 746 596 787 numquam
627 744 692 772 me
723 729 919 769 movebit.
965 729 1105 768 Placet
1135 730 1245 769 enim
1275 729 1337 769 illi
1362 743 1454 770 esse
1476 729 1599 777 deos,
1631 730 1732 783 quia
1751 743 1925 770 necesse
1947 731 2000 770 sit
2023 742 2141 784 prae·-

318 802 545 839 instantem
576 807 668 835 esse
698 792 882 845 aliquam
915 796 1124 839 naturam,
1156 805 1238 845 qua
1269 791 1373 831 nihil
1395 792 1449 831 sit
1474 792 1652 832 melius:
1683 792 1841 832 mundo
1864 797 2005 832 autem
2026 797 2140 832 certe

364 860 470 900 nihil
502 864 563 899 est
592 857 755 897 melius.
803 855 889 893 Nec
920 851 1093 893 dubium
1127 855 1248 908 quin,
1280 854 1396 907 quod
1427 854 1616 894 animans
1637 854 1690 894 sit
1710 852 1944 907 habeatque
1967 867 2136 894 sensum

365 928 406 962 et
435 922 644 961 rationem
676 923 717 957 et
747 921 949 962 mentem,
985 915 1027 956 id
1059 916 1112 956 sit
1141 917 1292 956 melius
1324 929 1450 969 quam
1471 916 1536 963 id,
1568 916 1682 969 quod
1703 916 1769 956 his
1792 922 1941 956 careat.
1985 915 2141 957 47.1ta

365 985 545 1025 efficitur
575 982 853 1025 animantem,
891 991 1062 1025 sensus,
1101 979 1274 1026 mentis,
1314 978 1491 1018 rationis
1522 978 1726 1018 mundum
1758 991 1849 1019 esse
1881 984 2140 1032 compotem;

365 1060 449 1101 qua
478 1046 642 1086 ratione
673 1043 798 1082 deum
829 1054 921 1081 esse
954 1042 1156 1080 mundum
1188 1040 1467 1081 concluditur.
1513 1041 1596 1081 Sed
1627 1040 1730 1081 haec
1760 1041 1885 1094 paulo
1915 1047 2010 1095 post
2037 1041 2142 1081 faci-

315 1110 447 1151 mlius
479 1111 786 1161 cognoscentur
815 1118 868 1144 ex
894 1104 944 1143 iis
966 1104 1091 1143 rebus
1112 1103 1238 1155 ipsis,
1273 1117 1376 1157 quas
1398 1103 1578 1143 mundus
1601 1102 1740 1144 efficit.
1786 1104 1937 1143 XVIII.
1960 1105 2138 1153 Interea,

365 1172 517 1218 Vellei,
558 1169 667 1217 noli,
708 1180 886 1221 quaero,
924 1179 1022 1219 prae
1061 1170 1101 1205 te
1141 1164 1250 1205 ferre
1289 1179 1363 1205 vos
1403 1166 1528 1218 plane
1560 1172 1757 1220 expertes
1789 1179 1880 1206 esse
1913 1165 2141 1206 doctrinae.

366 1235 528 1276 Conum
559 1231 634 1272 tibi
664 1230 726 1271 ais
758 1234 799 1268 et
830 1229 1063 1282 cylindrum
1096 1233 1135 1267 et
1166 1227 1429 1281 pyramidem
1460 1228 1741 1280 pulchriorem
1771 1242 1896 1283 quam
1919 1229 2139 1283 sphaeram

363 1298 511 1339 videri.
555 1297 717 1335 Novum
750 1292 873 1332 etiam
897 1291 1116 1331 oculorum
1142 1291 1344 1330 iudicium
1366 1291 1544 1331 habetis.
1590 1290 1671 1331 Sed
1693 1292 1777 1332 sint
1797 1292 1875 1332 ista
1897 1293 2141 1346 pulchriora

365 1361 464 1402 dum
500 1363 615 1400 taxat
645 1361 814 1409 aspectu
845 1376 899 1384 -—
931 1353 1044 1407 quod
1076 1353 1176 1393 mihi
1207 1359 1346 1393 tamen
1379 1353 1515 1407 ipsum
1547 1368 1633 1394 non
1665 1354 1850 1403 videtur;
1894 1355 1996 1408 quid
2027 1355 2140 1395 enim

313 1424 579 1479 20pulchrius
620 1433 666 1459 ea
706 1419 861 1470 figura,
909 1430 1015 1470 quae
1057 1416 1147 1456 sola
1188 1415 1322 1455 omnis
1363 1416 1466 1455 alias
1506 1413 1660 1469 figuras
1702 1416 1922 1470 complexa
1953 1417 2141 1458 continet

364 1498 559 1540 quaeque
596 1482 701 1523 nihil
739 1480 978 1533 asperitatis
1018 1479 1192 1526 habere,
1224 1478 1327 1517 nihil
1360 1479 1604 1519 offensionis
1635 1484 1790 1532 potest,
1822 1479 1928 1520 nihil
1958 1480 2141 1520 incisum

363 1549 549 1602 angulis,
582 1546 684 1586 nihil
707 1540 984 1589 anfractibus,
1015 1541 1122 1580 nihil
1144 1540 1356 1587 eminens,
1388 1540 1492 1580 nihil
1514 1541 1762 1581 lacunosum
1779 1543 1798 1580 ‘2
1829 1555 2010 1596 cumque
2032 1543 2140 1582 duae

361 1613 522 1653 formae
553 1612 814 1663 praestantes
846 1605 949 1652 sint,
982 1618 1035 1644 ex
1066 1603 1213 1643 solidis
1235 1603 1384 1655 globus
1406 1625 1460 1631 —
1481 1603 1541 1643 sic
1564 1604 1676 1643 enim
1705 1613 1907 1657 σφαῖραν
1938 1605 2142 1658 interpre-

364 1675 442 1716 tari
478 1674 616 1727 placet
649 1693 720 1716 —,
766 1682 817 1708 ex
859 1668 995 1722 planis
1035 1672 1176 1707 autem
1208 1665 1389 1705 circulus
1420 1671 1492 1705 aut
1523 1666 1654 1713 orbis,
1697 1667 1769 1720 qui
1800 1667 1952 1715 κύκλος
1983 1666 2140 1707 Graece

313 1749 350 1779 25
365 1738 537 1783 dicitur,
576 1734 642 1774 his
675 1733 836 1772 duabus
867 1730 1011 1771 formis
1044 1729 1249 1781 contingit
1280 1728 1403 1775 soliS,
1445 1733 1491 1767 ut
1522 1742 1666 1768 omnes
1698 1742 1840 1769 earum
1886 1734 2028 1782 partes
2058 1728 2142 1769 sint

363 1802 471 1841 inter
513 1812 556 1838 se
597 1796 847 1837 simillumae
880 1807 903 1833 a
935 1792 1161 1845 medioque
1201 1790 1449 1831 tantundem
1482 1791 1591 1830 absit
1621 1796 1877 1839 extremum,
1918 1804 2003 1845 quo
2034 1790 2141 1831 nihil

363 1862 453 1903 fieri
484 1865 623 1915 potest
652 1859 804 1911 aptius.
868 1854 934 1894 48.
967 1856 1049 1895 Sed
1081 1855 1115 1894 si
1146 1854 1250 1893 haec
1282 1867 1366 1893 non
1396 1853 1570 1901 videtis,
1609 1854 1708 1908 quia
1739 1867 1968 1907 numquam
2000 1853 2141 1893 erudi-

364 1931 451 1966 tum
481 1924 601 1964 illum
632 1921 848 1974 pulverem
879 1918 1099 1970 attigistis,
1131 1930 1184 1956 ne
1215 1916 1296 1955 hoc
1328 1915 1499 1968 quidem
1530 1917 1692 1970 physici
1722 1916 1968 1969 intellegere
1999 1916 2141 1969 potui-

365 1989 460 2036 stis,
499 1987 607 2025 hanc
647 1982 989 2036 aequabilitatem
1030 1985 1166 2019 motus
1198 1979 1566 2032 constantiamque
1597 1980 1792 2019 ordinum
1824 1979 1867 2018 in
1897 1978 1979 2018 alia
2009 1976 2141 2031 figura

313 2062 350 2092 30
365 2064 449 2091 non
488 2049 678 2103 potuisse
718 2045 908 2085 servari?
956 2045 1101 2096 ltaque
1140 2042 1241 2081 nihil
1278 2047 1418 2094 potest
1449 2055 1539 2080 esse
1571 2042 1782 2081 indoctius
1813 2054 1937 2094 quam
1971 2040 2084 2095 quod
2116 2053 2141 2080 a

363 2114 483 2154 vobis
514 2108 723 2151 adfirmari
755 2108 874 2147 solet.
923 2108 1006 2145 Nec
1031 2106 1139 2145 enim
1162 2105 1272 2144 hunc
1293 2105 1429 2157 ipsum
1453 2104 1654 2144 mundum
1677 2118 1753 2157 pro
1776 2108 1889 2144 certo
1910 2102 2140 2143 rutundum

365 2189 457 2217 esse
488 2173 656 2221 dicitis3
689 2184 784 2210 nam
817 2183 940 2222 posse
978 2167 1066 2208 fieri
1098 2173 1145 2208 ut
1166 2168 1218 2206 sit
1239 2167 1320 2207 alia
1343 2165 1493 2219 figura,
1525 2166 1937 2220 innumerabilesque
1959 2166 2139 2206 mundos

364 2239 469 2280 alios
500 2237 675 2277 aliarum
708 2246 798 2273 esse
830 2232 1071 2271 formarum.
1131 2228 1200 2269 45).
1236 2231 1372 2278 Quae,
1410 2230 1445 2270 si
1475 2229 1540 2269 bis
1571 2230 1672 2269 bina
1703 2234 1804 2284 quot
1836 2233 1999 2276 essent,
2032 2227 2140 2268 d-idi-

365 2302 489 2341 cisset
518 2299 742 2352 Epicurus,
786 2300 897 2334 certe
930 2307 1015 2333 non
1047 2293 1228 2340 diceret,
1273 2292 1346 2332 sed
1379 2293 1476 2332 dum
1510 2293 1670 2345 palato,
1703 2292 1805 2346 quid
1836 2292 1890 2331 sit
1920 2291 2138 2345 optimum,

313 2378 350 2407 35
364 2363 544 2411 iudicat,
576 2360 714 2401 caeli
745 2358 1009 2411 palatum,
1040 2361 1087 2396 ut
1117 2357 1174 2396 ait
1195 2355 1378 2402 Ennius,
1411 2368 1495 2394 non
1518 2355 1720 2408 suspexit.
1781 2354 1896 2394 XIX.
1917 2355 2022 2394 Nam
2043 2367 2137 2394 cum

449 2513 482 2543 2.
507 2511 541 2542 in
564 2516 741 2550 superscr.
769 2507 801 2538 in
827 2506 855 2536 V
883 2522 917 2528 -
950 2504 980 2536 4.
1007 2504 1068 2535 huc
1092 2502 1133 2534 ’Ψ
1159 2521 1193 2525 -
1231 2504 1261 2535 5.
1286 2504 1360 2543 fieri
1384 2503 1595 2535 eaecellencius
1618 2502 1643 2534 Ο
1671 2520 1706 2524 -
1733 2502 1764 2534 7.
1790 2502 1947 2542 resipiens
1970 2502 2136 2534 Ursinus:

362 2563 536 2604 respiciens
553 2559 583 2592 Ἃ
603 2578 636 2582 -
659 2559 690 2591 8.
717 2558 882 2589 rutundus
898 2564 966 2587 scr.
986 2563 1068 2587 cum
1085 2555 1112 2585 A
1126 2554 1165 2584 V.
1194 2553 1244 2584 Cf.
1260 2562 1294 2594 p.
1310 2553 1385 2591 ⁶224,
1402 2553 1454 2584 49.
1477 2571 1511 2576 —
1540 2553 1591 2584 40.
1610 2553 1650 2583 sit
1674 2560 1850 2593 superscr.
1870 2552 1904 2582 in
1920 2552 1948 2583 A
1966 2569 2000 2574 —
2020 2552 2072 2583 ⁴2.
2090 2551 2141 2583 his

364 2622 456 2646 corr.
483 2612 515 2643 in
547 2611 587 2641 iis
618 2610 662 2646 B;
692 2609 734 2640 iis
764 2606 895 2643 ACV3
928 2606 954 2637 is
978 2607 1001 2636 P
1029 2622 1061 2626 —
1100 2604 1149 2634 13.
1176 2612 1287 2634 sensus
1309 2606 1448 2634 mentem
1470 2603 1612 2634 rationis
1634 2604 1658 2634 P
1686 2620 1719 2624 —
1747 2605 1928 2642 compotem
1951 2611 2016 2634 esse
2038 2610 2140 2634 mun—

363 2664 441 2695 dum
465 2662 490 2693 Ο
518 2679 552 2683 -
584 2661 634 2691 45.
662 2668 706 2690 eae
735 2658 782 2688 his
813 2656 875 2687 BE
909 2673 943 2677 ——
976 2656 1028 2686 47.
1055 2655 1180 2686 Cenum
1205 2653 1258 2693 (Co
1282 2653 1317 2683 in
1341 2655 1425 2691 ras.)
1450 2653 1497 2690 Β;
1529 2661 1674 2692 quonum
1697 2652 1725 2683 A
1738 2652 1780 2683 Vl
1806 2669 1842 2674 —
1867 2652 2020 2691 spheram
2044 2652 2136 2693 AC3

362 2721 493 2753 speram
517 2712 541 2742 B
556 2710 580 2741 E
608 2727 642 2732 -
670 2709 723 2741 ΞΜ.
750 2706 936 2747 offensionis
960 2713 1050 2736 corr.
1078 2713 1119 2734 ex
1144 2703 1336 2742 offensiones
1350 2703 1376 2733 A
1398 2720 1432 2724 ——
1452 2702 1505 2733 22.
1524 2710 1663 2741 cumque
1685 2702 1770 2733 duae
1785 2719 1833 2724 --
1849 2703 1957 2733 circus
1979 2705 2038 2734 aut
2053 2701 2140 2734 orbis

364 2762 495 2795 Nouius
523 2769 556 2801 p.
582 2758 657 2790 432.
685 2776 719 2780 —
753 2758 807 2789 23.
828 2758 1038 2796 praestantes
1062 2762 1152 2785 corr.
1181 2762 1222 2784 ex
1242 2751 1446 2792 praestantis
1469 2752 1556 2789 AV;
1588 2752 1896 2791 praestantissimae
1927 2752 2072 2784 Nonius.
2100 2769 2135 2775 —

363 2813 516 2852 spheram
545 2811 570 2841 A
585 2810 610 2840 B
626 2809 649 2840 C
666 2810 688 2839 P
703 2808 753 2845 V;
788 2815 920 2847 speram
944 2806 968 2837 E
997 2823 1031 2827 —
1058 2803 1112 2835 24.
1138 2803 1248 2841 cyclus
1271 2803 1315 2840 B,
1348 2802 1448 2833 ciclus
1477 2802 1505 2833 A
1521 2802 1544 2833 C
1559 2802 1584 2832 E
1600 2803 1623 2832 P
1639 2801 1665 2831 V
1698 2818 1732 2823 --
1764 2802 1817 2832 25.
1844 2810 1955 2833 omnes
1978 2810 2069 2833 corr.
2096 2810 2138 2833 ex

364 2863 467 2894 omnis
490 2862 540 2897 A;
566 2858 671 2890 omnis
694 2858 717 2888 B
734 2857 800 2889 CV
828 2874 860 2879 —
889 2855 946 2888 ⁶26.
970 2853 1162 2885 tantundem
1186 2851 1269 2882 absit
1292 2855 1478 2883 emet-emam
1502 2851 1697 2891 Madvigius
1722 2850 1852 2891 (Philol.
1873 2852 2091 2884 SchneideW.
2108 2851 2138 2882 11

363 2922 399 2954 p.
418 2911 509 2950 '³40)2
536 2912 663 2940 tantam
688 2908 795 2948 (corr.
815 2915 857 2937 ex
881 2905 1018 2936 tandum
1037 2903 1077 2943 B)
1104 2901 1186 2933 absit
1210 2904 1395 2933 extremum
1412 2900 1464 2939 ‘lh
1495 2905 1623 2933 tantum
1647 2901 1731 2933 absit
1753 2905 1952 2941 extremum,
1978 2905 2139 2942 quantum

363 2964 449 2994 idem
472 2971 494 2992 a
516 2968 640 2991 summo
666 2958 690 2988 O
716 2958 750 2988 et
773 2964 894 2995 margo
918 2955 957 2986 V.
987 2953 1036 2984 Cf.
1063 2953 1165 2983 Tusc.
1192 2952 1288 2991 Disp.
1316 2952 1328 2982 I
1354 2951 1372 2991 g
1398 2951 1482 2983 404:
1509 2952 1654 2991 undique
1677 2953 1764 2983 enim
1787 2952 1831 2983 ad
1854 2952 1977 2992 inferos
2000 2955 2138 2984 tantun-

364 3014 436 3044 dem
458 3013 533 3042 viae
556 3014 612 3042 est.
633 3025 668 3029 —
695 3007 749 3038 28.
775 3005 949 3046 attiyistis,
975 3013 1019 3035 an
1042 3011 1082 3033 ne
1098 3001 1188 3031 V2O.
1216 3001 1266 3031 Cf.
1286 3000 1425 3041 Madvig
1443 3002 1571 3042 Opusc.
1590 3001 1696 3033 Acad.
1717 3000 1773 3032 alt.
1792 3010 1827 3041 p.
1848 3002 1922 3033 ⁴63.
1939 3020 1982 3026 —-
2005 3002 2058 3034 29.
2078 3011 2139 3034 ae·-

364 3061 591 3102 quabilttatem
615 3057 692 3089 cod.
713 3056 1034 3095 Rehdingerianus:
1061 3050 1295 3090 aequalitatem
1312 3051 1348 3081 O.
1377 3050 1426 3081 Cf.
1447 3050 1467 3091 ἓ
1489 3052 1525 3082 15
1543 3052 1577 3082 et
1594 3052 1647 3082 90.
1667 3068 1701 3073 —
1728 3051 1782 3082 30.
1801 3059 1867 3082 esse
1883 3060 1953 3083 om.
1971 3052 1999 3084 A
2014 3052 2038 3083 C
2054 3052 2078 3083 E
2092 3054 2135 3090 P;

365 3118 542 3152 superscr.
563 3108 657 3143 inV;
685 3107 763 3146 post
782 3105 942 3135 indoctius
966 3104 1000 3134 in
1017 3104 1044 3134 A
1060 3102 1155 3133 idem
1181 3102 1233 3131 est
1255 3100 1524 3141 compendium,
1552 3101 1646 3141 quod
1671 3109 1777 3142 supra
1796 3102 1840 3142 (p.
1859 3100 1935 3140 413,
1955 3101 2006 3141 24)
2025 3102 2134 3142 signi-

365 3159 494 3193 ficabat
511 3161 567 3190 est.
585 3174 619 3179 —-
640 3156 691 3187 31.
718 3156 824 3194 ipsum
841 3156 920 3185 ante
937 3161 1005 3184 ras.
1026 3153 1053 3183 A
1073 3169 1107 3174 -
1128 3150 1309 3181 rutundum
1326 3158 1393 3181 scr.
1413 3159 1494 3182 cum
1510 3151 1606 3188 ΑΨ,
1633 3151 1716 3182 item
1735 3159 1768 3191 p.
1788 3150 1864 3189 445,
1883 3152 1912 3182 5.
1936 3167 1971 3173 —
1991 3150 2044 3182 32.
2064 3150 2136 3181 alia

365 3211 406 3242 sit
430 3210 455 3240 O
483 3226 518 3232 —
551 3207 603 3240 33.
631 3208 708 3245 quot
732 3206 853 3237 CEP:
882 3205 969 3243 quod
992 3201 1097 3235 ABV
1122 3202 1225 3241 (corr.
1247 3201 1280 3231 in
1306 3203 1382 3239 quot
1406 3200 1444 3240 V,
1471 3201 1505 3232 in
1529 3201 1608 3240 quid
1628 3201 1663 3241 B)
1692 3217 1728 3223 —
1755 3199 1808 3233 34.
1831 3200 1948 3241 pacato
1971 3208 2064 3232 corr.
2092 3205 2135 3232 ex

363 3259 458 3300 plato
481 3258 505 3289 B
534 3274 569 3280 -
596 3255 649 3288 35.
672 3254 827 3295 palatum
851 3254 1041 3295 (superscr.
1066 3252 1148 3284 tium
1171 3258 1218 3283 m.
1243 3258 1316 3283 sec.
1342 3250 1434 3292 rec.)
1457 3251 1497 3282 A.
