2249 3624
315 254 396 295 948
1051 254 1331 295 CICERONIS

316 359 367 397 ab
395 358 499 397 urbe
529 356 792 397 disiunctum:
825 369 904 409 quo
934 357 1088 396 scilicet
1105 356 1233 396 videri
1261 355 1427 396 volebat
1452 356 1597 396 incesti
1618 358 1769 397 Romae
1797 357 2074 397 committendi

314 420 547 459 facultatem
575 433 656 459 non
684 420 892 461 habuisse.
957 420 1007 458 Et
1042 425 1135 471 post
1164 419 1266 459 haec
1296 419 1346 458 ab
1377 418 1581 458 iudicibus
1612 421 1722 459 XXV
1749 418 1966 460 damnatus
1995 425 2070 460 est.

314 483 545 522 Praevaluit
569 490 705 522 tamen
734 483 784 522 ad
810 484 897 521 eius
916 482 1125 522 victoriam
1153 483 1282 521 maior
1301 494 1441 520 eorum
1470 494 1680 532 numerus,
1705 483 1772 534 qui
1793 482 2071 522 absolverunt.

316 547 415 585 Nam
443 547 557 585 XXX
587 552 626 584 et
653 559 732 584 una
760 559 834 597 pro
865 557 911 583 eo
941 545 1168 584 sententiae
1198 543 1303 583 latae
1334 548 1441 583 sunt.
1510 543 1607 583 Inde
1633 545 1755 596 igitur
1783 544 1967 597 capitalis
1992 545 2073 583 ini—

283 610 444 648 5micus
470 610 511 647 in
539 610 588 647 M.
618 608 791 647 Tullium
830 607 964 659 coepit
999 607 1131 645 efferri
1159 613 1224 656 61,
1265 619 1356 645 cum
1384 606 1451 645 illo
1479 619 1585 646 anno
1610 612 1808 655 potestate
1840 607 2073 659 quaestoria

314 673 562 722 fungeretur,
592 671 702 722 apud
729 670 923 722 populum
953 669 1213 709 creberrimis
1242 682 1335 708 eum
1365 669 1623 709 contionibus
1649 669 1905 710 lacessebat:
1941 670 2073 709 minas

315 735 411 786 quin
439 736 561 773 immo
590 733 881 786 praetendens,
913 734 965 773 ad
994 733 1183 773 familiam
1212 745 1256 772 se
1275 732 1481 784 plebeiam
1506 734 1785 783 transiturum,
1815 738 1859 773 ut
1885 732 2073 772 tribunus

313 797 369 848 pl.
400 797 538 847 fieret,
569 796 849 835 denuntiabat.
907 796 1064 843 Quibus
1095 796 1380 835 minacissimis
1406 795 1513 835 illius
1541 795 1713 836 vocibus
1743 795 2006 836 vehementer
2034 801 2075 835 et

314 860 512 899 acerrimo
541 860 685 911 spiritu
709 860 784 899 hac
810 860 992 898 oratione
1021 859 1164 898 Cicero
1192 859 1448 910 respondit†
1469 857 1657 909 duorum,
1686 865 1767 899 tam
1793 859 1923 910 ipsius
1950 871 2073 911 quam

262 930 297 959 40
315 923 515 962 Curionis.

412 1011 439 1049 Ι.
485 1010 517 1049 1.
550 1011 794 1060 Statueram‚
825 1015 964 1061 patres
994 1009 1226 1061 conscripti,
1257 1008 1393 1060 quoad
1420 1021 1516 1048 reus
1546 1013 1658 1048 esset
1692 1009 1734 1048 P.
1767 1008 1948 1060 Clodius,
1976 1009 2073 1048 nihil

314 1073 364 1112 de
391 1073 458 1112 illo
484 1086 619 1125 neque
649 1079 747 1125 aput
774 1086 861 1123 vos,
893 1085 1029 1124 neque
1061 1072 1136 1112 alio
1165 1071 1246 1111 ullo
1273 1072 1315 1110 in
1342 1071 1431 1112 loco
1460 1071 1610 1111 dicere.

411 1137 446 1176 2.
489 1139 546 1175 Ac
575 1136 735 1175 furiosis
765 1135 1021 1174 contionibus
1049 1135 1263 1173 indixerat.

492 1199 609 1246 Quod
639 1199 756 1237 simul
785 1198 836 1238 ab
869 1211 916 1237 eo
945 1198 1038 1236 mibi
1068 1202 1108 1236 et
1132 1198 1190 1236 rei
1220 1196 1411 1248 publicae
1440 1196 1771 1237 denuntiabatur.

490 1261 591 1300 Nihil
618 1274 683 1299 nie
711 1261 865 1300 addere
895 1260 944 1300 ad
973 1260 1139 1300 alterius
1166 1259 1409 1311 periculum.

491 1325 560 1363 Sin
590 1330 701 1363 esset
728 1324 964 1372 iudicatum,
999 1335 1080 1362 non
1107 1322 1235 1361 videri
1266 1322 1396 1360 virum
1427 1322 1608 1371 venisse,
1638 1334 1718 1373 quo
1744 1322 1821 1362 iste
1848 1323 2043 1362 venisset.

491 1388 535 1426 Ut
560 1387 627 1426 ille
655 1388 802 1426 iudicio
834 1393 1041 1438 tamquam
1069 1398 1091 1424 e
1120 1385 1328 1436 naufragio
1357 1384 1493 1424 nudus
1523 1385 1703 1424 emersit.

413 1461 444 1488 s.
488 1450 743 1489 perturbatio
783 1451 904 1488 istum
943 1449 1091 1488 mentis
1130 1454 1170 1487 et
1209 1448 1414 1500 quaedam
1457 1447 1661 1486 scelerum
1702 1447 1827 1488 offusa
1864 1447 1993 1499 caligo
2030 1454 2070 1488 et

309 1513 501 1553 ardentes
529 1514 741 1553 Furiarum
770 1514 879 1552 faces
909 1513 1147 1551 excitarunt.
1206 1510 1426 1562 (Quintil.
1459 1511 1526 1560 lx,
1559 1512 1594 1557 3,
1623 1511 1700 1560 47.)

257 1601 293 1630 20
406 1590 452 1628 II.
497 1590 531 1627 1.
561 1591 618 1628 Ac
645 1588 762 1638 vide,
801 1601 852 1627 an
879 1588 994 1627 facile
1025 1588 1110 1626 lieri
1139 1593 1181 1626 tu
1208 1587 1414 1639 potueris,
1454 1598 1546 1626 cum
1572 1587 1606 1626 is
1633 1587 1763 1626 factus
1798 1600 1879 1627 non
1908 1588 1974 1638 sit,
2004 1589 2068 1627 cui

309 1658 351 1691 tu
379 1653 632 1691 concessisti.
692 1651 918 1702 (Quintil.
952 1652 997 1699 V,
1029 1652 1088 1700 10,
1118 1652 1200 1698 92.)

408 1716 444 1754 2.
486 1716 643 1768 Syriam
671 1716 747 1754 sibi
778 1728 852 1754 nos
886 1720 1000 1754 extra
1030 1714 1213 1753 ordinem
1242 1713 1440 1765 polliceri.

406 1780 441 1817 3.
486 1778 768 1818 Creditoribus
796 1779 880 1818 suis
909 1790 1026 1829 spem
1055 1783 1258 1816 ostentare
1286 1777 1521 1828 provinciae
1549 1775 1771 1815 videretur.

404 1843 440 1882 4-
483 1845 644 1895 Augent
669 1855 859 1893 magnum
891 1840 1097 1894 quendam
1127 1839 1332 1880 cumulum
1361 1841 1467 1880 aeris
1495 1839 1628 1879 alieni.

255 1915 292 1944 25
406 1907 442 1944 5.
484 1906 683 1956 Ingemuit
711 1905 873 1956 gravius
902 1903 1078 1942 timidior
1106 1902 1272 1954 quidam
1303 1901 1491 1941 creditor.

404 1969 439 2007 6.
485 1968 707 2007 Confirmat
735 1980 779 2006 56
809 1967 980 2006 comitiis
1009 1965 1293 2005 consularibus
1322 1966 1470 2004 Romae
1499 1965 1691 2003 futurum.

402 2033 437 2070 7.
481 2032 607 2071 Tanto
634 2031 747 2082 prius
777 2031 829 2069 ad
856 2029 1057 2069 aerarium
1086 2029 1219 2079 venit,
1254 2034 1299 2067 ut
1324 2027 1380 2066 ibi
1416 2039 1467 2066 ne
1497 2027 1675 2066 scribam
1711 2025 1878 2078 quidem
1916 2038 2063 2078 quem-

304 2105 427 2144 quam
456 2092 693 2132 offenderet.

402 2169 464 2206 III.
509 2168 543 2206 1.
574 2168 730 2215 Quibus
760 2168 851 2217 iste,
882 2167 949 2218 qui
972 2166 1106 2205 omnia
1134 2166 1331 2205 sacrificia
1358 2169 1513 2214 nosset,
1543 2163 1658 2203 facile
1687 2163 1740 2203 ab
1771 2175 1816 2203 se
1845 2162 1946 2203 deos
1972 2164 2064 2218 pla-

253 2240 290 2270 30
305 2231 386 2271 cari
414 2243 536 2282 posse
565 2231 852 2270 arbitrabatur.
909 2229 1141 2279 (Quintil.
1171 2230 1238 2278 IX,
1269 2230 1305 2278 2,
1335 2230 1418 2277 96.)

403 2295 437 2333 2.
483 2295 585 2333 Cum
614 2306 657 2333 se
687 2293 739 2332 ad
767 2293 932 2345 plebem
962 2293 1135 2331 transire
1160 2291 1265 2331 velle
1295 2290 1464 2341 diceret,
1494 2289 1570 2330 sed
1591 2290 1739 2329 misere
1761 2289 1905 2330 fretum
1924 2295 2063 2330 trans-

301 2358 359 2396 ire
388 2363 569 2409 cuperet.

403 2422 438 2458 3.
478 2421 590 2460 Hanc
618 2419 833 2470 loquacem
863 2417 1039 2457 Siciliam
1067 2430 1149 2456 non
1177 2416 1379 2468 despexit.

402 2486 437 2523 4.
479 2486 758 2523 Accesserunt
789 2482 843 2521 ita
879 2482 1020 2533 pauci,
1060 2486 1105 2520 ut
1133 2493 1224 2519 eum
1264 2492 1345 2519 non
1377 2478 1429 2519 ad
1464 2479 1714 2528 contionem,
1752 2477 1828 2517 sed
1863 2489 2060 2529 sponsum

252 2552 288 2581 35
302 2546 462 2585 diceres
491 2545 731 2585 advocasse.

399 2610 435 2648 5.
480 2609 604 2649 Cuius
634 2606 922 2647 satisdationes
951 2617 1115 2656 semper
1143 2604 1332 2644 dicuntur
1359 2604 1509 2645 induci.

400 2672 434 2710 6.
475 2671 657 2721 Intellego
685 2682 808 2721 quam
834 2670 875 2707 in
903 2668 1118 2707 absentem
1149 2679 1242 2706 esse
1272 2667 1460 2707 dicenda.

397 2747 460 2785 IV.
506 2747 537 2784 1.
569 2746 744 2784 Primum
773 2744 892 2782 homo
920 2743 1047 2781 durus
1076 2755 1122 2781 ac
1149 2743 1310 2793 priscus
1339 2743 1525 2781 invectus
1555 2746 1618 2780 est
1642 2740 1683 2779 in
1711 2751 1796 2788 eOS‚
1827 2739 1895 2791 qui
1917 2751 2058 2778 mense

302 2808 427 2860 Aprili
456 2807 565 2859 apud
594 2809 708 2847 Baias
738 2811 878 2845 essent
906 2811 946 2844 et
975 2804 1092 2855 aquis
1113 2803 1253 2843 calidis
1281 2810 1506 2844 uterentur.
1562 2803 1669 2851 Quid
1689 2815 1781 2841 cum
1802 2801 1878 2840 hoc
1896 2801 2058 2841 homine

252 2876 288 2906 40
302 2870 420 2909 nobis
457 2876 537 2910 tam
578 2871 680 2909 tristi
719 2882 766 2909 ac
795 2868 969 2907 severo?
1038 2867 1074 2906 2.
1116 2867 1203 2906 Non
1232 2873 1405 2918 possunt
1438 2867 1478 2905 hi
1513 2878 1647 2905 mores
1686 2866 1791 2904 ferre
1831 2865 1939 2904 hunc
1976 2870 2058 2904 tam

261 1276 296 1303 15

410 1201 448 1426 ,6)ΨὲΡῦ

408 1453 432 1465 ἶ

389 3078 440 3108 Μ.
479 3077 724 3115 Fragmentum
749 3076 816 3108 hoc
840 3078 874 3108 et
898 3074 1048 3115 reliqua,
1084 3083 1234 3114 quorum
1259 3075 1334 3107 fons
1364 3085 1432 3107 non
1457 3074 1628 3106 indicatus
1654 3075 1724 3109 est,
1759 3072 1944 3113 desumpta
1975 3071 2057 3103 sunt

302 3137 342 3160 cx
368 3126 445 3158 cod.
473 3126 717 3157 Ambrosiano,
750 3144 784 3148 —
819 3127 870 3157 47.
905 3135 968 3166 quo
992 3135 1035 3158 ex
1057 3125 1179 3156 iudicio
1201 3125 1287 3157 velut
1310 3135 1352 3157 ea:
1374 3126 1523 3160 incendio
1554 3125 1661 3156 nudus
1683 3123 1796 3164 effugit
1825 3120 2054 3160 Quintilianus

302 3178 431 3214 V111‚3‚
448 3178 500 3213 81,
521 3176 723 3207 memoriter
747 3176 768 3206 h
800 3176 820 3207 l.
839 3175 997 3208 laudans.
1033 3194 1069 3201 —
1101 3174 1153 3206 24.
1181 3184 1304 3215 auyerzs
1328 3176 1438 3207 Beieri
1464 3175 1553 3207 coni.
1580 3192 1614 3198 -——
1634 3174 1687 3206 36.
1713 3174 1868 3204 dicuntur
1892 3171 2055 3212 Kreyssig

301 3230 334 3258 et
359 3226 526 3258 Niebuhr:
555 3226 746 3256 indicuntur
775 3225 894 3256 Ambr.
929 3226 1136 3265 (iudicantur
1164 3225 1290 3263 Beier.)
1325 3242 1358 3246 —
1395 3225 1446 3255 37.
1480 3225 1574 3255 Haec
1594 3248 1600 3255 .
1623 3248 1629 3254 .
1653 3223 1747 3263 ‚lego
1771 3230 1937 3261 quam--
1954 3228 2053 3251 aver-

299 3279 383 3307 [σι-αι
407 3279 515 3306 tamen
537 3283 580 3305 οφ·
605 3276 648 3314 (p.
674 3274 748 3313 949,
774 3275 840 3312 26.)
867 3277 1020 3307 servavit
1042 3274 1289 3316 palimpsestus
1314 3274 1548 3305 Taurinensis.
1570 3290 1604 3294 —
1628 3273 1663 3304 in
1686 3271 1857 3313 absentem]
1881 3270 2054 3311 inabyento

299 3327 398 3357 Taur.
428 3342 461 3347 —
489 3325 541 3357 38.
566 3325 713 3355 Primum
729 3341 746 3347 -
763 3340 779 3346 —
795 3325 898 3355 Baias
920 3328 1021 3357 essent
1043 3324 1153 3356 habet
1177 3325 1282 3356 etiam
1306 3325 1344 3355 Α.
