2249 3624
549 147 637 186 Lm.
668 145 698 185 1.
738 145 832 185 CAP.
865 143 1204 184 xvu-xviu.
1241 141 1300 195 §ss
1331 138 1526 181 39-42.
1825 138 1898 180 ΞΜ

149 254 370 299 cesserint,
403 253 490 292 sive
522 252 582 291 illi
614 252 696 291 sint
727 250 944 297 animales,
986 250 1026 289 id
1069 256 1129 289 est
1163 248 1404 302 spirabiles,
1444 248 1530 287 sive
1561 247 1692 300 ignei,
1730 246 1907 286 sublime

146 315 258 355 ferri.
307 312 374 354 41.
407 316 448 354 Si
481 328 577 354 vero
608 320 680 354 aut
701 326 900 353 numerus
923 311 1092 365 quidam
1115 318 1174 350 est
1196 312 1379 358 animus,
1412 309 1525 364 quod
1547 309 1754 349 subtiliter
1777 310 1907 361 magis

148 391 271 431 quam
311 376 493 417 dilucide
532 376 704 422 dicitur,
748 382 817 415 aut
858 375 1002 428 quinta
1042 374 1112 413 illa
1152 388 1234 413 non
1267 373 1477 412 nominata
1509 373 1638 425 magis
1670 384 1793 425 quam
1826 385 1906 411 non

147 440 358 480 intellecta
398 445 562 484 natura,
606 438 737 477 multo
779 437 901 476 etiam
941 436 1165 488 integriora
1204 449 1250 475 ac
1291 436 1462 488 puriora
1499 442 1614 482 sunt,
1662 441 1706 474 ut
1745 448 1767 474 a
1799 441 1910 474 terra

147 502 388 554 longissime
420 514 462 540 se
495 500 689 539 ecferant.
745 500 900 538 llorum
933 500 1057 549 igitur
1087 498 1246 551 aliquid
1278 498 1440 538 animus
1470 503 1548 543 cst,
1582 510 1632 535 ne
1661 503 1742 536 tam
1767 504 1943 548 vegetas

147 578 262 604 mens
293 570 364 603 aut
395 564 436 602 in
469 562 592 601 corde
625 563 849 600 cerebrove
872 568 942 600 aut
966 562 1005 599 in
1029 561 1306 613 Empedocleo
1328 560 1529 612 sanguine
1553 559 1741 598 demersa
1764 559 1909 598 laceat.

260 624 405 664 xvlll.
450 623 748 663 Dicaearchum
789 636 885 662 vero
925 636 1017 660 cum
1059 624 1310 662 Aristoxeno
1350 622 1515 675 aequali
1554 628 1593 661 ct
1624 621 1911 674 condiscipulo

146 700 240 733 su0,
274 686 420 725 doctos
451 698 549 724 sane
580 685 794 730 homines,
827 686 1082 730 omittamus,
1114 699 1291 737 quorum
1324 685 1428 724 alter
1456 698 1507 723 ne
1530 683 1798 723 condoluisse
1820 684 1913 736 qui-

145 748 237 787 dem
272 760 466 800 umquam
501 746 682 792 videtur,
715 745 786 799 qui
819 747 1001 785 animum
1034 760 1077 785 se
1108 747 1262 786 hahere
1295 762 1373 786 non
1408 748 1579 794 sentiat,
1616 747 1720 786 alter
1752 747 1809 786 ita
1841 746 1912 785 de-

144 809 320 848 lectatur
351 809 437 848 suis
469 808 680 854 cantibus,
713 815 756 847 ut
787 821 858 847 eos
890 809 1012 848 etiam
1045 808 1095 847 ad
1128 809 1230 848 hacc
1258 809 1479 848 transferre
1507 814 1695 848 conetur.
1738 810 1912 848 llarmo-
1928 820 1963 849 10

145 871 255 910 niam
287 876 425 910 autem
458 884 510 909 ex
542 870 771 909 intervallis
803 884 1000 909 sonorum
1034 885 1154 910 nosse
1186 884 1429 923 possumus,
1463 885 1639 924 quorum
1666 872 1777 911 varia
1800 885 1911 911 com-

144 933 295 986 positio
337 933 459 972 etiam
501 932 737 972 harmonias
779 932 904 972 eflicit
941 933 1088 986 pluris,
1129 934 1410 973 membrorum
1443 948 1540 973 vero
1573 938 1678 974 situs
1709 940 1750 974 et
1780 935 1913 987 figura

145 996 332 1048 corporis
367 1007 514 1035 vacans
547 996 685 1035 animo
718 1008 842 1048 quam
877 996 1004 1048 possit
1034 996 1293 1036 harmoniam
1325 994 1491 1035 efficere
1524 1011 1604 1036 non
1638 997 1771 1037 video.
1830 998 1909 1037 Sed

143 1057 211 1096 hic
249 1057 438 1111 quidem,
484 1058 675 1111 quamvis
717 1058 905 1098 eruditus
946 1059 1016 1106 sit,
1062 1060 1169 1099 sicut
1207 1065 1287 1105 est,
1332 1059 1436 1098 haec
1478 1060 1672 1111 magistro
1712 1059 1913 1099 concedat

143 1120 385 1168 Aristoteli,
418 1133 566 1160 canere
597 1121 686 1174 ipse
709 1120 866 1160 doceat.
911 1122 1022 1161 Bene
1044 1123 1153 1161 enim
1175 1121 1247 1161 illo
1270 1121 1523 1161 Graecorum
1547 1121 1769 1174 proverbio
1792 1134 1962 1174 prae-⁴5

145 1182 318 1236 cipitur:

330 1245 484 1293 Quam
516 1246 743 1299 quisque
774 1246 917 1285 norit
947 1252 1129 1293 artem,
1162 1247 1212 1286 in
1243 1246 1334 1286 hac
1366 1259 1419 1286 se
1451 1251 1714 1286 exerceat.

143 1305 209 1347 42.
253 1307 370 1347 Illam
407 1321 504 1348 vero
550 1307 734 1348 funditus
779 1309 978 1348 eiciamus
1035 1309 1346 1349 individuorum
1397 1322 1617 1362 corporum
1672 1309 1826 1349 levium
1873 1315 1915 1350 et

142 1370 419 1410 rutundorum
462 1371 780 1411 concursionem
818 1370 1052 1418 fortuitam,
1097 1385 1222 1425 quam
1261 1377 1400 1411 tamen
1430 1371 1694 1411 Democritus
1725 1372 1916 1412 concale-

144 1432 295 1473 factam
329 1438 369 1472 et
398 1433 661 1485 spirabilem,
693 1433 732 1473 id
767 1439 829 1473 est
859 1433 1102 1480 animalem,
1136 1446 1225 1473 esse
1259 1433 1354 1473 volt.
1405 1434 1445 1473 Is
1466 1439 1605 1473 autem
1627 1433 1807 1481 animus,
1841 1434 1964 1487 qui20

145 1495 179 1535 si
212 1502 274 1535 est
303 1495 453 1535 horum
487 1501 686 1548 quattuor
716 1509 936 1548 generum,
967 1508 1020 1535 ex
1051 1496 1203 1549 quibus
1235 1496 1373 1535 omnia
1403 1501 1594 1535 constare
1618 1495 1831 1544 dicuntur,
1863 1509 1915 1536 ex

144 1558 397 1597 inflammata
435 1558 573 1598 anima
614 1565 796 1606 constat,
836 1565 882 1598 ut
917 1558 1177 1611 potissimum
1211 1558 1340 1597 videri
1374 1558 1496 1599 video
1533 1558 1750 1606 Panaetio,
1793 1572 1916 1612 supe-

145 1622 256 1660 riora
287 1626 476 1674 capessat
507 1634 678 1661 necesse
711 1627 786 1661 est.
837 1621 948 1660 Nihil
981 1621 1090 1660 enim
1122 1619 1279 1661 habent
1306 1621 1412 1661 haec
1441 1621 1524 1661 duo
1555 1633 1706 1673 genera
1733 1622 1853 1675 proni
1876 1628 1917 1662 et

148 1696 302 1736 supera
333 1696 498 1735 semper
538 1689 697 1737 petunt.
748 1684 830 1731 lta,
871 1683 958 1723 sive
990 1683 1264 1736 dissipantur,
1307 1684 1453 1737 procul
1485 1697 1508 1723 a
1539 1684 1657 1724 terris
1689 1683 1729 1723 id
1764 1686 1917 1732 evenit,

147 1746 234 1785 sive
276 1751 524 1799 permanent
563 1752 601 1785 et
631 1751 880 1786 conservant
913 1745 1102 1786 habitum
1133 1759 1275 1794 suum,
1316 1745 1396 1786 hoc
1427 1747 1551 1785 etiam
1583 1746 1716 1798 magis
1747 1760 1917 1788 necesse
1931 1759 1968 1788 25

146 1813 208 1848 est
236 1807 424 1849 ferantur
453 1808 505 1848 ad
536 1808 698 1848 caelum
730 1814 770 1849 et
799 1809 850 1848 ab
883 1809 932 1847 iis
964 1813 1255 1862 perrumpatur
1285 1814 1326 1848 et
1357 1808 1566 1849 dividatur
1594 1822 1759 1850 crassus
1787 1810 1857 1850 hic
1878 1816 1919 1851 et

234 1972 263 2003 l.
289 1971 462 2011 spirabiles
485 1972 528 2003 B:
553 1971 751 2011 spiritabiles
775 1973 816 2003 R:
843 1972 1010 2011 spiritales
1034 1974 1060 2004 G
1090 1991 1122 1994 —
1149 1973 1179 2003 ⁵2.
1205 1975 1250 2003 esc
1274 1971 1484 2011 Madvigius:
1512 1973 1551 2002 sit
1577 1972 1600 2003 C
1617 1972 1642 2004 O
1661 1989 1694 1994 -
1721 1972 1751 2005 3.
1770 1982 1834 2005 non
1858 1984 1919 2006 ηο-

145 2023 273 2054 minata
295 2022 402 2061 *mayis
425 2030 525 2061 quam
548 2032 611 2052 non
636 2022 812 2062 intellecta]
837 2022 1056 2062 «Tregderus
1081 2031 1123 2053 ex
1140 2020 1255 2052 Wolfii
1281 2022 1481 2052 coniectura
1505 2023 1539 2053 et
1556 2024 1722 2061 quattuor
1739 2023 1918 2056 codicibus

147 2071 272 2104 nullius
304 2072 518 2102 auctoritatis
549 2072 706 2112 scripsit:
741 2072 776 2103 Si
800 2076 847 2103 est
871 2074 1034 2104 animus-
1050 2091 1067 2095 -
1085 2073 1200 2112 quinta
1222 2072 1282 2102 illa
1305 2081 1381 2103 non
1406 2073 1621 2103 nominata
1644 2074 1776 2114 magis
1800 2083 1920 2114 quam
1953 2107 1957 2114 ,

146 2122 386 2159 intellecta,
415 2121 508 2162 quod
535 2124 604 2153 tres
630 2121 735 2153 habet
761 2123 954 2154 sententias
981 2122 1032 2162 (cf.
1060 2125 1098 2154 A.
1121 2122 1308 2154 Grotefend
1335 2123 1361 2153 11
1387 2122 1404 2162 3²
1429 2123 1502 2154 527.
1530 2122 1667 2163 Madvig
1692 2123 1710 2163 g
1733 2123 1794 2156 305
1820 2134 1853 2156 n.
1873 2125 1917 2167 2),

147 2180 255 2204 unam
278 2170 488 2202 absurdam:
516 2181 578 2202 non
598 2175 666 2202 tam
684 2172 843 2203 intellecla
861 2182 959 2212 quam.
976 2183 1037 2204 non
1056 2174 1240 2211 nominala,
1259 2171 1406 2203 alteram
1430 2171 1481 2211 (cs.
1502 2173 1541 2209 11,
1561 2174 1612 2204 52.
1640 2173 1664 2210 Ι,
1685 2173 1755 2213 407)
1775 2172 1917 2207 falsam:

148 2230 249 2261 aeque
272 2220 365 2261 (tam)
391 2221 554 2252 intellecta
578 2231 617 2252 (lc
640 2223 767 2262 (quam)
794 2224 964 2254 nominata
990 2224 1010 2254 i.
1032 2232 1061 2254 e.
1088 2232 1154 2253 nonv
1177 2222 1282 2253 solum
1307 2222 1477 2253 nominala
1502 2223 1545 2262 (at
1571 2221 1647 2262 §⁵22
1673 2225 1741 2253 est:
1768 2225 1920 2264 quintum

146 2281 248 2313 yenus
264 2289 281 2294 —
295 2289 312 2294 -
329 2279 478 2302 vacans
500 2273 694 2311 nomine),
721 2272 774 2302 sed
797 2273 896 2303 etiam
913 2273 1086 2307 intellecta,
1113 2273 1251 2304 tertiam
1270 2273 1323 2312 (ct.
1344 2273 1399 2307 ΙΙΙ,
1421 2272 1489 2311 40);
1517 2280 1619 2311 aeque
1635 2274 1807 2304 nominata
1823 2278 1922 2314 alque

146 2322 308 2354 intellecta
331 2322 350 2352 i.
379 2330 408 2352 e.
434 2327 470 2352 ul
492 2331 557 2352 non
581 2322 761 2360 intellecta,
795 2323 842 2353 ι’[α
865 2332 929 2354 non
954 2324 1142 2359 mininam,
1176 2331 1244 2362 qua
1269 2323 1439 2353 sententia
1466 2322 1617 2362 primum
1643 2324 1780 2360 contra,
1815 2326 1919 2364 atque

149 2373 315 2414 oportuit,
354 2371 449 2412 quod
482 2372 549 2403 iam
582 2381 621 2403 ex
652 2372 670 2412 g
697 2372 736 2403 22
767 2373 942 2412 cognitum
977 2376 1044 2410 est,
1079 2381 1160 2404 cuni
1191 2381 1246 2411 eo,
1283 2372 1378 2413 quod
1403 2381 1494 2403 nunc
1519 2373 1671 2412 primum
1697 2372 1840 2412 dicitur,
1868 2375 1921 2405 est

149 2424 411 2463 comparatum,
445 2421 572 2452 deinde
602 2422 721 2462 quinta
753 2421 805 2452 illa
839 2425 959 2453 natura
990 2422 1033 2453 ab
1058 2422 1242 2453 Aristotele
1268 2424 1415 2462 eiusque
1440 2422 1658 2453 auditoribus
1682 2421 1919 2455 lectoribusve

145 2473 244 2512 plane
269 2480 337 2503 non
363 2470 534 2502 intellecta
561 2470 644 2502 salso
670 2471 810 2504 dicitur,
844 2480 934 2511 quae
960 2474 993 2503 et
1017 2471 1060 2503 ab
1087 2473 1161 2513 ipso
1186 2472 1369 2503 Aristotele
1396 2472 1608 2504 describitur
1633 2471 1687 2509 (cf.
1714 2472 1852 2513 Madvig
1876 2473 1919 2505 ad

149 2522 220 2553 Fin.
247 2521 285 2554 V.
314 2521 362 2551 42.
392 2520 511 2551 Ritteri
537 2522 569 2551 et
597 2519 736 2552 Prelleri
764 2521 888 2552 Histor.
917 2521 1043 2552 Philos.
1071 2531 1103 2562 p.
1126 2522 1307 2554 280—283.
1339 2522 1446 2562 Pauly
1470 2520 1763 2563 Real-Encyelop.
1789 2523 1818 2559 Ι,
1846 2522 1919 2563 802)

150 2573 200 2609 et,
227 2569 338 2611 qualis
363 2570 481 2607 suerit,
509 2579 526 2600 a
554 2571 722 2601 Cicerone
749 2570 814 2601 hoc
840 2571 913 2611 ipso
938 2570 1015 2602 loco
1041 2571 1156 2610 (multo
1173 2573 1395 2612 -—pw·i0ra,
1423 2572 1465 2603 cf.
1493 2572 1510 2612 ἓ
1537 2572 1576 2602 65
1602 2580 1655 2612 sq.
1681 2572 1789 2603 Acad.
1811 2574 1841 2610 1,
1867 2574 1920 2614 26)

150 2621 304 2662 quodam
328 2620 432 2652 modo
458 2620 683 2659 significatur.
712 2621 772 2659 (De
798 2629 918 2651 errore
945 2621 1135 2659 Ciceronis,
1164 2623 1220 2662 qui
1247 2625 1281 2653 et
1304 2622 1337 2653 h.
1358 2621 1378 2653 l.
1408 2624 1442 2653 et
1466 2622 1506 2661 gg
1533 2621 1582 2652 202.
1607 2622 1658 2652 65.
1684 2622 1790 2653 Acad.
1818 2625 1852 2654 et
1877 2623 1920 2655 de

150 2672 219 2703 Fin.
246 2670 278 2703 ll.
306 2672 362 2702 cit.
381 2669 601 2702 Aristotelem
627 2671 775 2701 animum
800 2679 841 2701 ex
859 2671 979 2710 quinto
1004 2670 1058 2701 illo
1081 2680 1210 2710 genere
1230 2673 1388 2703 materiae
1405 2672 1440 2703 et
1455 2671 1603 2710 corporis
1619 2670 1809 2710 fingentem
1827 2671 1919 2711 facit,

151 2721 195 2754 cs.
221 2721 357 2761 Madvig
381 2719 424 2751 ad
449 2719 470 2751 l.
498 2720 554 2751 cit.
581 2720 690 2751 Ritter
718 2729 750 2760 p.
770 2719 832 2751 -289
857 2728 898 2760 sq
938 2719 1184 2761 Real-Encycl.
1210 2723 1235 2759 Ι,
1262 2722 1351 2760 804.)
1388 2721 1577 2752 Verissima
1602 2720 1791 2762 Archetypi
1819 2721 1922 2754 lectio

152 2774 222 2803 est:
254 2780 319 2802 non
349 2772 521 2801 nominata
550 2771 658 2811 maqis
686 2779 786 2809 quam
815 2780 891 2801 non
922 2771 1082 2802 intellecta
1112 2772 1132 2802 i.
1161 2780 1191 2802 e.
1218 2780 1287 2802 non
1320 2771 1496 2802 nominata
1522 2771 1675 2810 (nomine
1702 2773 1841 2810 vacans)
1867 2771 1920 2803 illa

153 2820 308 2861 quidem,
335 2820 397 2852 sed
423 2822 541 2852 tamen
568 2821 606 2859 (si
632 2821 746 2852 minus
771 2819 885 2861 plane,
912 2823 945 2851 at
963 2823 1058 2851 certe
1076 2820 1241 2859 obscure)
1269 2820 1456 2857 intellecta,
1483 2820 1556 2851 eher
1573 2820 1762 2852 unbenannt
1785 2821 1836 2852 als
1857 2831 1922 2853 un-

153 2869 308 2911 beyriffen
333 2869 386 2909 (cf.
414 2870 507 2910 quod
532 2869 576 2900 de
601 2870 805 2901 Xenocratis
830 2871 1003 2901 sententia
1027 2870 1171 2902 dicitur:
1205 2870 1364 2902 subtiliter
1388 2871 1494 2911 magis
1520 2879 1620 2909 quam
1649 2870 1838 2911 dilucidey.»
1864 2872 1919 2904 W.

157 2935 191 2941 —
210 2918 242 2952 4.
268 2921 445 2960 intem-tore
469 2920 507 2949 G!
527 2936 561 2941 —
588 2920 618 2950 5.
639 2922 684 2951 est
707 2928 777 2951 om.
799 2921 823 2951 G
839 2920 875 2956 R,
902 2922 981 2951 ante
1000 2920 1131 2950 antinus
1154 2919 1262 2951 habet
1286 2920 1308 2950 B
1329 2937 1362 2942 —
1382 2919 1510 2960 veyeta]
1533 2923 1610 2951 ueta
1627 2920 1652 2951 G
1667 2920 1692 2951 R
1711 2936 1746 2941 —
1767 2920 1797 2951 6.
1818 2920 1920 2961 mens]

153 2978 205 3000 res
227 2970 288 3001 Th.
315 2969 473 3008 Bentley.
501 2985 535 2990 —
564 2968 594 2999 8.
621 2969 705 2999 alter
727 2969 778 3010 ne]
805 2970 953 3000 alternae
976 2970 1000 3000 R
1029 2987 1063 2991 -—
1091 2969 1121 3000 9.
1148 2970 1322 3001 delectetur
1345 2970 1368 3000 B
1398 2987 1432 2992 —
1459 2970 1511 3001 40.
1534 2969 1734 3001 harmonia-n
1757 2969 1791 3000 h.
1811 2968 1832 3001 1.
1858 2971 1921 3001 GR

159 3035 192 3040 -
221 3018 272 3050 49.
299 3019 522 3050 rutundorum
553 3019 635 3049 GR:
670 3020 888 3050 rotundorum
912 3020 948 3050 O.
990 3019 1039 3050 Cf.
1066 3019 1268 3050 Lachmann
1301 3018 1345 3049 ad
1370 3019 1508 3050 Lucret.
1535 3028 1568 3060 p.
1597 3019 1648 3051 96.
1679 3036 1713 3042 —
1744 3019 1795 3049 ΞΟ,
1822 3019 1855 3050 td
1878 3022 1924 3050 est

155 3068 333 3100 animalem
356 3068 497 3100 seclusit
523 3067 680 3099 Wolfius.
718 3070 814 3109 «Ego
840 3069 938 3100 uncis
962 3067 1123 3106 liberavi,
1159 3070 1239 3108 quia
1273 3069 1338 3099 hoc
1362 3068 1559 3108 significatu
1583 3078 1660 3101 voc.
1687 3069 1844 3101 animalis
1867 3070 1922 3100 vix

156 3116 353 3150 intrusisset
376 3117 560 3157 glossator.
599 3119 728 3149 Neutra
753 3128 818 3150 vox
845 3127 927 3150 cum
953 3119 1036 3150 satis
1060 3127 1124 3159 per
1148 3127 1186 3150 se
1210 3116 1365 3158 placeret
1388 3118 1561 3157 Ciceroni,
1589 3120 1774 3158 utramque
1793 3119 1918 3159 posuit.

157 3165 207 3197 cf.
234 3166 277 3198 de
302 3167 360 3199 Fin
399 3168 442 3198 111
468 3167 485 3207 S
511 3166 563 3198 43.
589 3167 665 3198 55.»
691 3168 749 3199 on.
780 3185 814 3191 —
839 3169 971 3199 animus
987 3170 1043 3208 qui
1066 3170 1094 3199 si
1117 3172 1161 3199 est
1185 3170 1344 3207 quattuor
1365 3167 1482 3198 horum
1505 3177 1674 3209 generum,
1699 3169 1785 3199 unde
1811 3169 1922 3199 omnia

156 3219 308 3248 constare
330 3217 486 3247 dicuntur
508 3216 640 3248 Nonius
663 3225 698 3257 p.
724 3217 798 3249 272.
829 3234 862 3240 —
890 3218 943 3248 21¹.
969 3218 995 3248 si
1019 3224 1196 3257 superscr.
1225 3215 1351 3248 eadem
1374 3224 1422 3248 m.
1443 3217 1469 3248 G
1494 3233 1530 3238 —
1557 3217 1608 3249 22.
1634 3217 1738 3249 videro·
1763 3226 1832 3249 om.
1857 3217 1921 3248 GR

161 3278 195 3285 -
222 3264 274 3296 26.
301 3264 342 3296 ab
365 3265 414 3297 his
439 3266 515 3298 CO.
