2249 3624
561 151 649 190 Lm.
682 150 711 189 Ι.
752 149 849 191 Cap,
879 148 1243 189 xxv—xxvu.
1285 147 1344 201 §§
1376 145 1572 188 51—56.
1871 146 1953 188 499

185 263 295 304 tum,
327 260 389 302 ut,
422 268 513 295 cum
545 256 709 295 animus
743 256 917 295 Eudemi
951 270 972 296 e
1004 269 1181 308 corpore
1214 255 1464 301 excesserit,
1498 260 1583 294 tum
1615 253 1783 294 domum
1816 268 1954 294 rever-

184 319 284 358 tisse
317 317 517 357 videatur.
569 315 634 356 54.
668 318 956 369 Adiungamus
990 316 1252 371 philosophis
1275 316 1559 356 doctissimum
1589 316 1822 363 hominem,
1855 330 1954 370 poe-

184 386 267 420 tam
309 378 478 433 quidem
521 380 730 426 divinum,
773 380 1045 433 Sophoclem:
1088 381 1181 433 qui,
1222 394 1314 418 cum
1354 392 1405 417 ex
1448 379 1552 418 aede
1591 378 1781 418 Herculis
1813 386 1955 433 patera

183 455 308 482 aurea
339 443 474 495 gravis
507 443 702 496 subrepta
735 449 863 488 esset,
896 444 934 481 in
966 445 1122 482 somnis
1147 442 1249 481 vidit
1281 443 1415 494 ipsum
1440 442 1563 480 deum
1588 441 1796 480 dicentem
1820 442 1889 494 qui
1914 441 1954 480 id

182 503 362 544 fecisset.
411 504 532 552 Quod
566 505 693 544 semel
724 504 792 543 ille.
816 505 1050 557 iterumque
1075 505 1273 556 neglexit.
1314 505 1384 543 I'bi
1415 503 1523 543 idem
1548 505 1735 557 saepius,
1768 504 1986 545 ascendits

182 567 224 606 in
256 567 532 620 Ariopagum‚
565 566 713 606 detulit
745 580 846 605 rem.
893 568 1168 619 Areopagitae
1193 568 1478 619 conprehendi
1512 568 1657 606 iubent
1679 580 1796 613 eum,
1830 568 1900 620 qui
1931 580 1954 607 a

183 628 392 682 Sophocle
424 635 510 668 erat
542 629 797 668 nominatus.
848 629 885 667 Is
919 630 1165 681 quaestione
1197 630 1382 669 adbibita
1405 630 1624 669 confessus
1657 636 1719 669 est
1751 635 1954 683 pateram-

181 704 263 744 que
296 690 470 730 rettulit.
522 691 614 739 Quo
646 689 755 730 sacto
788 690 927 729 fanum
961 690 1063 728 illud
1099 691 1251 731 Indicis
1283 693 1475 732 llerculis
1508 694 1764 732 nominatum
1798 699 1873 733 est.

294 754 443 792 xxvi.
476 752 542 792 515.
581 754 660 793 Sed
694 753 793 806 quid
832 766 907 805 ego
940 752 1230 792 Graecorum?
1272 756 1416 794 nescio
1450 769 1534 808 quo
1570 756 1692 795 modo
1726 770 1790 795 me
1823 756 1954 808 magis

180 822 321 856 nostra
353 816 573 855 delectant.
625 816 780 855 Omnes
812 815 889 854 hoc
921 814 1130 861 historici,
1165 818 1301 863 Fabii,
1335 818 1480 864 Gellii,
1512 818 1583 857 sed
1619 832 1821 871 proxume
1854 819 2004 859 Cae-¹0

181 878 287 918 lius:
332 879 434 918 Cum
465 879 576 918 bello
609 879 756 918 Latino
788 878 874 917 ludi
908 878 1036 916 votivi
1069 880 1252 918 maxumi
1297 880 1474 932 primum
1511 879 1679 927 lierent,
1726 882 1870 920 civitas
1901 881 1952 921 ad

179 954 292 981 arma
324 947 497 995 repente
530 946 589 980 est
623 942 814 981 excitata.
867 941 1013 993 Itaque
1047 940 1155 980 ludis
1178 942 1428 981 intermissis
1452 943 1711 982 instaurativi
1735 944 1953 984 constituti

179 1009 289 1043 sunt.
336 1003 416 1051 Qui
457 1010 552 1044 ante
595 1017 714 1057 quarn
758 1001 904 1043 tierent
936 1016 1115 1057 cumque
1159 1004 1238 1043 iam
1271 1005 1452 1058 populus
1484 1005 1764 1053 consedisset,
1807 1020 1953 1047 servus

179 1079 254 1120 per
285 1066 461 1114 circum,
494 1080 587 1106 eum
618 1067 744 1118 virgis
776 1065 1045 1112 caederetur,
1076 1065 1232 1106 furcam
1266 1066 1404 1106 serens
1437 1067 1586 1108 ductus
1615 1075 1689 1109 est.
1735 1070 1843 1109 Exin
1866 1070 1954 1110 cui-

180 1128 273 1168 dam
311 1130 468 1169 rustico
511 1130 697 1169 Romano
736 1128 957 1168 dormienti
999 1128 1111 1168 visus
1153 1135 1214 1169 est
1252 1130 1391 1170 venire
1425 1131 1495 1183 qui
1529 1130 1686 1171 diceret
1717 1133 1951 1186 praesulem
1966 1144 2001 1175 45

179 1192 257 1231 sibi
290 1205 372 1232 non
404 1192 610 1246 placuisse
643 1191 752 1231 ludis
788 1191 915 1245 idque
948 1191 998 1230 ab
1032 1190 1177 1232 eodem
1211 1192 1370 1232 iussum
1403 1206 1494 1233 esse
1527 1207 1622 1233 eum
1655 1195 1815 1234 senatui
1848 1209 1954 1235 nun-

180 1255 308 1294 tiare:
341 1254 459 1294 illum
491 1268 575 1294 non
609 1267 700 1294 esse
732 1267 893 1294 ausum.
948 1254 1102 1293 Iterum
1135 1268 1226 1294 esse
1259 1255 1368 1294 idem
1403 1256 1560 1295 iussum
1594 1261 1635 1296 et
1665 1259 1867 1298 monitum
1900 1271 1952 1299 ne

178 1319 261 1357 vim
293 1330 408 1357 suam
442 1317 626 1370 experiri
658 1317 807 1356 vellet:
840 1330 891 1356 ne
924 1321 1011 1356 tum
1044 1317 1214 1370 quidem
1248 1330 1339 1357 esse
1361 1331 1520 1358 ausum.
1563 1319 1686 1359 Exim
1709 1320 1838 1360 filium
1862 1321 1953 1361 eius

180 1393 272 1420 esse
313 1386 542 1426 mortuum,
580 1378 754 1419 eandem
798 1379 840 1418 in
886 1379 1042 1419 somnis
1084 1380 1416 1419 admonitionem
1458 1380 1587 1421 fuisse
1619 1382 1795 1421 tertiam.
1847 1385 1952 1424 Tum

179 1442 294 1481 illum
336 1442 459 1482 etiam
503 1441 682 1481 debilem
726 1440 880 1481 sactum
923 1454 1009 1480 rem
1041 1442 1091 1481 ad
1123 1443 1278 1482 amicos
1311 1443 1532 1490 detulisse,
1567 1457 1743 1497 quorum
1776 1445 1827 1484 de
1859 1455 2003 1488 sen-20

180 1507 307 1545 tentia
338 1505 526 1545 lecticula
558 1505 601 1544 in
632 1504 788 1544 curiam
823 1518 913 1544 esse
946 1504 1151 1552 delatum,
1188 1518 1369 1559 cumque
1402 1506 1564 1546 senatui
1595 1507 1803 1546 somnium
1836 1521 1954 1549 enar—

178 1568 373 1615 ravissct,
419 1566 598 1620 pedibus
640 1567 728 1607 suis
769 1567 927 1606 salvum
965 1568 1203 1607 revertisse.
1255 1569 1401 1621 ltaque
1434 1569 1597 1608 somnio
1629 1570 1897 1622 comprobato
1930 1585 1952 1612 a

179 1636 325 1670 senatu
358 1630 480 1670 ludos
511 1630 606 1669 illos
637 1630 785 1669 iterum
818 1631 1069 1670 instauratos
1102 1631 1326 1670 memoriae
1358 1632 1568 1684 proditum
1600 1638 1676 1672 est.
1727 1630 1794 1671 ὃὸ.
1825 1633 1953 1673 Gaius

179 1706 277 1732 vero
310 1692 519 1732 Gracchus
552 1693 693 1732 multis
726 1692 853 1739 dixit,
888 1698 932 1732 ut
963 1693 1164 1745 scriptum
1196 1693 1307 1746 apud
1341 1694 1519 1734 eundem
1553 1695 1738 1738 Caelium
1772 1701 1846 1744 est,
1878 1697 1956 1736 sibi

178 1755 219 1794 in
262 1756 418 1795 somnis
466 1761 735 1808 quaesturam
776 1761 918 1808 petere
976 1753 1183 1795 dubitanti
1225 1756 1438 1796 Tiberium
1478 1757 1647 1797 fratrem
1689 1759 1824 1798 visum
1862 1768 2004 1800 esse25

179 1817 345 1864 dicere,
377 1831 501 1870 quam
533 1818 661 1858 vellet
692 1824 970 1866 cunctaretur,
1003 1825 1139 1858 tamen
1172 1819 1320 1859 eodem
1353 1819 1430 1859 sibi
1464 1820 1559 1867 leto,
1592 1835 1676 1874 quo
1707 1822 1796 1875 ipse
1827 1822 1955 1863 inter-

177 1880 300 1928 isset,
342 1893 433 1920 esse
475 1880 751 1934 pereundum.
820 1880 934 1928 Hoc,
975 1887 1071 1921 ante
1115 1894 1240 1935 quam
1281 1882 1471 1922 tribunus
1513 1881 1625 1936 plebi
1669 1883 1710 1923 C.
1744 1884 1954 1925 Gracchus

177 1942 311 1984 factus
343 1949 476 1990 esset,
521 1949 559 1983 et
591 1956 634 1983 se
665 1943 832 1984 audisse
864 1944 1009 1983 scribit
1042 1944 1206 1984 Caelius
1239 1950 1279 1984 et
1310 1946 1421 1984 illum
1452 1945 1610 1986 dixisse
1642 1947 1796 1987 multis.
1859 1947 1953 1996 Quo

179 2007 340 2046 somnio
373 2005 475 2060 quid
509 2006 688 2045 inveniri
721 2011 859 2058 potest
890 2005 1075 2046 certius?

289 2069 461 2108 XXVII.
504 2069 649 2117 Quid?
688 2069 758 2108 illa
791 2068 873 2108 duo
907 2070 1088 2117 somnia,
1132 2083 1240 2124 quae
1273 2068 1541 2112 creberrume
1574 2078 2002 2120 commemoranturao

177 2145 201 2172 a
222 2131 391 2179 Stoicis,
423 2132 518 2185 quis
550 2131 719 2171 tandem
751 2138 890 2184 potest
921 2135 1218 2173 contemnere?
1250 2133 1386 2174 Unum
1409 2134 1460 2175 de
1484 2134 1723 2175 Simonide:
1755 2135 1825 2188 qui
1857 2149 1951 2175 cum

176 2194 367 2247 ignotum
399 2193 610 2247 quendam
642 2194 876 2247 proiectum
908 2201 1117 2235 mortuum
1148 2196 1324 2236 vidisset
1347 2210 1527 2250 eumque
1546 2197 1804 2238 humavisset
1824 2198 1952 2239 habe-

264 2325 293 2355 4.
321 2324 488 2355 eudemiae
511 2331 649 2363 corpore
672 2321 711 2355 Αι
738 2341 774 2346 -
809 2333 824 2355 e
848 2325 871 2355 B
898 2326 930 2356 in
957 2334 1024 2357 ras.
1055 2342 1089 2347 —
1126 2326 1156 2356 Ξ.
1183 2326 1352 2357 videretur
1375 2326 1513 2357 Ernesti
1548 2342 1581 2347 —
1612 2326 1820 2366 philosophos
1845 2327 1885 2358 Ηι
1912 2344 1947 2349 ——

177 2375 207 2407 3.
235 2375 385 2414 sofoclem
409 2375 484 2409 AV,
510 2375 653 2415 sofoclem
677 2375 704 2406 11
732 2393 767 2397 —
795 2384 867 2407 ex*
893 2376 948 2407 ede
971 2378 996 2406 Α
1026 2394 1059 2397 -
1088 2375 1118 2407 4.
1145 2379 1299 2415 suprepra
1318 2376 1345 2406 H
1372 2392 1407 2397 —
1435 2375 1514 2414 quid
1535 2376 1595 2414 fec.
1616 2376 1680 2407 HV
1707 2394 1740 2398 -
1770 2378 1800 2408 5.
1819 2377 1950 2408 ibiidem

176 2424 204 2455 V
227 2442 269 2448 —-
291 2425 400 2463 sepius
423 2426 466 2459 A,
493 2424 558 2456 sed
581 2433 620 2455 us
643 2425 676 2455 in
701 2433 770 2455 ras.
800 2442 834 2447 —-
871 2425 1014 2456 ascendit
1039 2428 1084 2459 Α,
1113 2425 1175 2456 sed
1201 2434 1237 2455 as
1263 2426 1294 2455 in
1320 2433 1405 2464 ras.,
1431 2426 1553 2456 scendit
1578 2425 1661 2463 IIV;
1693 2427 1833 2457 escendit
1856 2427 1947 2459 coni.

176 2472 276 2505 Halm
300 2492 343 2496 —
367 2474 397 2505 6.
416 2475 617 2515 ariopayum
635 2478 677 2505 A:
706 2483 911 2515 areopagum
929 2475 969 2513 H,
997 2475 1108 2506 arium
1123 2484 1247 2516 pagum
1266 2475 1325 2506 BV
1346 2492 1380 2496 —
1408 2484 1501 2506 reum
1521 2473 1736 2507 Valckenaer
1753 2477 1796 2508 ad
1815 2477 1944 2509 Herod.

175 2524 261 2562 VIII,
280 2524 320 2556 5:7-
348 2543 382 2547 —
410 2525 626 2565 areopagitae
651 2524 694 2555 C:
722 2525 932 2564 ariopayilae
958 2522 1096 2558 ss²x⁷202
1125 2525 1168 2556 de
1194 2525 1418 2556 commutatis
1442 2524 1564 2556 lItteris
1587 2534 1603 2556 e
1619 2527 1680 2556 eti
1704 2525 1780 2558 loco
1798 2536 1947 2567 graecae

179 2572 383 2614 diphthongi
408 2584 438 2605 ει
465 2574 508 2606 cf.
531 2575 555 2610 Ι,
579 2574 630 2613 §8
655 2574 788 2612 liceum,
815 2574 855 2611 11,
876 2575 928 2614 §8
952 2575 1038 2610 licio,
1065 2576 1094 2610 I,
1116 2575 1189 2615 346
1213 2583 1455 2614 scammoneae,
1482 2576 1527 2611 11,
1544 2576 1563 2615 §
1582 2574 1621 2607 47
1645 2578 1894 2617 scammoniam,
1921 2580 1945 2618 Ι,

175 2622 196 2663 S
215 2624 269 2653 ⁴2⁴
300 2624 436 2662 darens,
463 2624 508 2661 ΙΙ,
535 2623 612 2663 §88
636 2624 905 2654 Halicarnassius
939 2643 972 2647 —
1008 2626 1038 2656 7.
1064 2625 1113 2655 his
1137 2625 1190 2656 AB
1217 2642 1251 2646 —
1279 2624 1413 2655 adobila
1437 2626 1488 2664 Αἱ,
1524 2625 1637 2656 habita
1661 2635 1702 2657 ex
1727 2627 1830 2658 codd.
1858 2628 1943 2660 dett.

176 2672 333 2705 Davisius
360 2691 395 2696 —
427 2674 457 2705 8.
483 2674 595 2705 retulit
620 2674 680 2705 CO
708 2691 742 2695 —
771 2674 843 2704 illut
866 2676 891 2705 A
919 2692 953 2696 —
988 2675 1039 2706 40.
1062 2684 1229 2714 pressurae
1255 2674 1304 2713 Ψ,
1330 2676 1477 2706 maoeime
1501 2674 1542 2705 ΥΞ
1568 2693 1602 2696 —
1628 2676 1748 2707 coelius
1771 2677 1879 2708 BHV
1903 2695 1945 2700 —

176 2722 228 2753 42.
254 2725 401 2755 excitata
428 2732 512 2762 quae
534 2723 585 2762 13¹,
618 2723 729 2754 excita
752 2723 866 2762 itaque
890 2723 916 2754 H
942 2742 984 2747 —
1010 2724 1061 2755 43.
1089 2728 1338 2765 quantaequam
1355 2727 1393 2756 Α]
1416 2741 1449 2747 -
1480 2726 1727 2758 eumsedissecA
1746 2744 1780 2750 -—
1810 2729 1861 2759 45.
1888 2737 1945 2759 νο-

173 2781 272 2804 mano
296 2774 468 2805 dormienti
493 2774 615 2804 rustico
640 2774 667 2805 H
696 2791 730 2795 —
767 2774 822 2812 qui
844 2786 858 2801 a:
875 2785 889 2801 t
915 2774 1034 2804 diceret
1058 2775 1082 2804 Α
1112 2791 1146 2795 -
1175 2774 1226 2804 46.
1255 2775 1362 2804 uisum
1388 2774 1412 2805 Η
1441 2791 1475 2797 -
1503 2775 1587 2814 eum]
1612 2784 1686 2806 cum
1709 2778 1752 2810 A:
1779 2780 1943 2818 suspecta

176 2821 262 2853 baec
284 2831 349 2854 vox
367 2823 526 2855 Ernestio
550 2841 585 2845 —
614 2824 665 2855 47.
685 2832 749 2854 non
767 2832 885 2854 ausum
910 2823 1018 2862 BAEO
1046 2841 1079 2845 —
1109 2824 1191 2854 idem
1216 2824 1323 2854 uisum
1342 2824 1365 2855 C
1396 2842 1427 2847 -
1459 2824 1510 2856 48.
1528 2826 1617 2856 exim
1634 2826 1676 2857 B:
1704 2828 1782 2859 eaein
1807 2828 1942 2859 AHVO

175 2870 228 2902 21.
254 2872 287 2902 in
310 2873 405 2903 curia
431 2873 459 2904 Π
493 2891 526 2895 -
560 2873 612 2904 22.
639 2873 769 2904 saluum
794 2874 925 2903 domum
948 2874 1122 2904 reum-cisse
1153 2873 1176 2904 B
1203 2875 1237 2904 et
1262 2883 1336 2905 exe.
1363 2874 1449 2906 Pith.
1487 2892 1517 2896 —
1554 2875 1607 2906 123.
1634 2876 1821 2908 instaurato
1844 2880 1871 2909 A
1905 2895 1939 2900 —

177 2919 278 2952 Gaius
302 2921 344 2953 C:
379 2922 413 2954 C.
435 2924 460 2954 Ο
487 2941 521 2945 -
554 2922 606 2954 24.
633 2923 775 2964 grachus
800 2923 846 2961 ΙΙ,
877 2925 914 2953 ut
946 2923 1017 2954 lere
1049 2932 1208 2964 semper;
1244 2922 1359 2954 locum
1391 2924 1533 2963 respicit
1557 2923 1761 2958 Plutarchus
1792 2928 1824 2959 in
1851 2937 1881 2959 v.
1902 2928 1941 2960 C.

176 2971 321 3003 Gracchi
346 2974 408 3004 c.I
434 2990 468 2994 —
494 2974 653 3012 scriptum
676 2976 722 3005 esc
746 2974 773 3005 II
801 2991 834 2996 —-
861 2973 997 3004 coebum
1016 2973 1039 3004 C
1060 2990 1095 2995 —
1124 2974 1175 3004 25.
1197 2976 1308 3012 petere
1331 2972 1494 3003 dubitanti
1520 2972 1635 3005 Halm:
1657 2978 1780 3015 petenti
1798 2978 1940 3017 ABHO,

177 3027 246 3051 om.
261 3021 306 3058 V3
332 3030 396 3052 non
418 3024 539 3062 pelenti
556 3022 650 3054 Klotz
672 3042 704 3046 —
732 3024 785 3054 ⁶26.
806 3024 928 3054 dicente
946 3023 972 3053 II
995 3039 1028 3044 —
1057 3031 1152 3063 quem
1176 3023 1269 3054 uellet
1286 3023 1309 3053 B
1332 3038 1364 3044 —
1392 3022 1453 3053 sibi
1475 3026 1524 3053 eto
1548 3031 1612 3064 quo
1629 3024 1657 3055 H
1675 3043 1716 3048 —
1739 3026 1824 3058 laeto
1847 3027 1885 3058 13²
1904 3044 1940 3050 —-

176 3069 229 3100 27.
254 3070 315 3102 hac
338 3076 448 3103 autem
472 3076 548 3104 ante
570 3082 671 3114 quam
696 3074 721 3104 H
752 3091 778 3094 —
808 3074 910 3113 plebis
935 3069 1010 3103 B’2V
1038 3089 1073 3094 -—
1099 3072 1258 3103 cracchus
1274 3074 1311 3109 Α,
1339 3073 1478 3102 crachus
1496 3072 1522 3103 H
1550 3090 1584 3094 —
1611 3074 1663 3105 ⁶28.
1689 3076 1808 3108 coelius
1830 3077 1942 3108 Av—

177 3118 268 3150 illum
291 3120 431 3153 addidi:
464 3131 534 3154 om.
562 3124 585 3154 C
602 3124 644 3159 Ο;
672 3122 714 3154 ct.
741 3122 813 3153 Val.
834 3124 920 3154 Max.
948 3123 978 3159 I,
998 3122 1028 3159 7,
1049 3122 1089 3153 6:
1122 3122 1159 3152 Id
1181 3130 1224 3152 ex
1247 3122 1397 3153 Graccho
1417 3122 1513 3161 prius
1537 3132 1635 3162 quam
1658 3125 1882 3165 tribunatum,
1907 3127 1942 3158 in

180 3176 242 3207 quo
263 3169 450 3208 fraternum
473 3173 598 3203 exitum
622 3172 748 3209 habuit,
772 3173 869 3203 iniret
892 3172 986 3202 multi
1009 3172 1187 3202 audierunt
1211 3172 1255 3211 (et
1279 3172 1400 3202 dixisse
1424 3172 1542 3203 multos
1566 3175 1655 3206 coni.
1683 3175 1876 3216 Hottinger)
1903 3193 1939 3198 —

181 3217 233 3248 34.
258 3223 482 3260 contempnere
505 3223 606 3254 AHV
633 3240 666 3244 —
695 3223 746 3255 32.
773 3231 846 3254 eum
870 3222 1071 3254 lzumauisset
1094 3220 1147 3261 Αἱ,
1179 3230 1317 3261 cumque
1342 3223 1521 3254 umauisset
1542 3223 1588 3262 H,
1614 3231 1751 3265 eumque
1773 3225 1941 3257 humana-

179 3267 275 3300 uisset
297 3268 334 3300 B.
363 3287 398 3292 —
