2249 3624
512 134 601 174 Lm.
633 131 701 173 111.
743 132 837 172 Cn».
869 132 1194 172 xxi-xxm.
1231 129 1290 184 §§
1322 129 1511 170 550—57.
1817 124 1898 169 293

132 252 254 280 causa
293 239 344 280 ad
381 240 568 292 captivos
605 240 714 279 cives
753 252 875 278 suos:
924 239 963 278 in
1005 253 1053 278 eo
1093 243 1154 278 est
1194 237 1423 290 disputatio
1465 237 1621 290 scripta
1654 236 1896 283 Carneadis,

130 315 252 354 quam
285 315 329 341 se
361 302 419 342 ait
449 302 489 341 in
522 302 865 341 commentarium
896 302 1118 341 rettulisse.
1170 301 1269 340 Cum
1304 301 1356 340 ita
1389 301 1568 354 positum
1601 305 1728 346 esset,
1768 299 1898 339 videri

129 364 216 404 fore
247 363 288 403 in
319 364 580 416 aegritudine
602 364 833 416 sapientem
865 365 997 417 patria
1020 370 1158 417 capta,
1193 377 1299 417 quae
1324 362 1557 401 Carneades
1582 367 1724 401 contra
1747 361 1900 401 dixerit

130 426 284 478 scripta
316 431 423 465 sunt.
475 427 606 465 Tanta
639 426 765 478 igitur
797 426 1040 465 calamitatis
1075 426 1307 478 praesentis
1338 424 1563 464 adhibetur
1593 437 1616 463 a
1648 424 1898 477 philosopho

130 487 356 534 medicina,
400 493 555 540 quanta
588 488 627 526 in
659 488 883 527 inveterata
918 502 967 526 ne.
1001 487 1263 527 desideratur
1295 487 1486 541 quidem,
1531 500 1628 533 nec,
1670 486 1704 525 si
1737 486 1930 540 aliquot5

128 550 249 591 annis
288 554 381 602 post
420 549 529 589 idem
566 549 635 588 ille
675 549 779 588 liber
809 550 985 601 captivis
1019 551 1168 589 missus
1202 556 1331 597 essct,
1375 550 1613 589 volneribus
1646 547 1897 594 mederetur,

129 612 202 652 sed
243 612 517 652 cicatricibus.
576 611 737 650 Sensim
783 612 892 650 enim
936 618 974 650 et
1017 612 1310 666 pedetemptim
1346 613 1614 666 progrediens
1647 616 1900 651 extenuatur

130 674 268 721 dolor,
309 688 389 713 non
423 687 505 726 quo
537 674 626 725 ipsa
658 687 721 712 res
754 673 961 713 immutari
995 674 1125 714 soleat
1157 681 1227 714 aut
1259 676 1409 727 possit,
1450 674 1523 713 sed
1557 675 1616 721 id,
1649 673 1763 729 quod
1796 673 1899 713 ratio

129 736 349 783 debuerat,
382 749 481 775 usus
513 735 653 781 docet,
687 736 848 774 minora
880 749 971 775 esse
1004 750 1070 783 ea,
1103 750 1209 790 quae
1242 737 1326 776 sint
1359 738 1444 776 visa
1478 737 1649 777 maiora.

244 798 393 838 xxlll.
426 796 492 837 55.
537 797 646 846 Quid
689 811 786 850 ergo
819 811 926 850 opus
957 804 1038 845 est,
1078 798 1187 838 dicct
1221 799 1394 852 aliquis,
1435 800 1596 839 ratione
1629 805 1698 840 aut
1729 800 1950 839 omninoto

130 860 415 902 consolatione
447 860 534 907 illa,
568 873 648 913 qua
679 860 862 899 solemus
897 860 975 906 uti,
1008 874 1101 900 cum
1136 861 1275 900 levare
1299 861 1488 901 dolorem
1522 861 1797 901 maerentium
1830 874 1901 900 vo-

130 924 295 964 lumus?
334 922 420 962 Hoc
453 923 563 962 enim
604 921 690 962 fere
722 928 808 962 tum
842 921 1041 962 habemus
1074 924 1114 962 in
1149 929 1362 977 promptu,
1403 923 1505 963 nihil
1538 931 1734 977 oportere
1766 924 1902 978 inopi-

130 992 269 1026 natum
317 985 462 1025 videri.
514 986 597 1025 Aut
632 985 703 1037 qui
746 982 1004 1024 tolerabilius
1044 985 1149 1025 seret
1189 984 1497 1025 incommodum
1542 988 1612 1040 qui
1658 987 1903 1041 cognoverit

130 1061 300 1089 necesse
342 1061 431 1087 esse
473 1047 630 1087 homini
671 1047 751 1086 tale
790 1047 947 1100 aliquid
987 1048 1205 1087 accidere?
1261 1048 1372 1087 Haec
1416 1050 1525 1089 enim
1559 1050 1692 1089 oratio
1725 1050 1775 1089 de
1813 1051 1902 1102 ipsa

129 1124 288 1152 summa
321 1110 415 1149 mali
448 1110 548 1149 nihil
581 1109 785 1155 detrahit,
818 1115 975 1149 tantum
1011 1111 1131 1149 modo
1154 1110 1310 1157 adfert,
1344 1110 1441 1150 nihil
1466 1113 1655 1151 evenisse
1678 1111 1793 1166 quod
1816 1121 1953 1151 nonl5

130 1173 386 1228 opinandum
426 1173 586 1213 fuisset.
639 1175 784 1227 Neque
817 1179 952 1213 tamen
986 1186 1117 1225 genus
1148 1173 1187 1212 id
1221 1173 1421 1213 orationis
1454 1173 1495 1212 in
1528 1175 1783 1215 consolando
1815 1188 1900 1214 non

130 1237 258 1284 valet,
291 1237 362 1276 sed
396 1236 437 1276 id
468 1236 578 1276 haud
611 1236 738 1275 sciam
771 1249 823 1275 an
856 1236 1092 1288 plurimum.
1134 1236 1243 1288 Ergo
1266 1236 1345 1275 ista
1370 1236 1620 1288 necopinata
1643 1250 1726 1276 non
1748 1237 1902 1277 habent

129 1305 284 1340 tantam
327 1298 430 1346 vim,
473 1304 518 1338 ut
555 1299 773 1351 aegritudo
813 1312 866 1337 ex
905 1298 956 1338 iis
996 1299 1129 1338 omnis
1170 1298 1353 1345 oriatur;
1393 1297 1547 1338 feriunt
1583 1300 1693 1338 enim
1724 1299 1901 1339 fortasse

129 1362 315 1416 gravius,
347 1374 428 1401 non
460 1361 501 1402 id
535 1359 742 1407 efficiunt,
776 1366 820 1400 ut
853 1374 920 1409 ea,
953 1375 1060 1415 quae
1092 1361 1300 1408 accidant,
1334 1361 1494 1400 maiora
1526 1361 1763 1409 videantur3
1803 1362 1903 1414 quia

129 1425 313 1465 recentia
344 1429 462 1471 sunt,
494 1424 652 1463 maiora
676 1423 884 1470 videntur,
916 1437 999 1463 non
1023 1425 1118 1477 quia
1140 1425 1372 1476 repentina.
1416 1422 1481 1463 556.
1504 1424 1668 1478 Duplex
1691 1430 1754 1464 est
1775 1424 1902 1477 igitur
1915 1437 1952 1466 20

130 1488 235 1528 ratio
277 1487 363 1526 veri
404 1485 666 1539 reperiendi,
713 1498 797 1525 non
830 1486 870 1525 in
902 1487 954 1526 iis
985 1487 1141 1533 solum,
1187 1499 1295 1540 quae
1328 1486 1453 1534 mala,
1500 1486 1572 1526 sed
1605 1487 1647 1525 in
1679 1486 1730 1526 iis
1762 1488 1901 1534 etiam,

133 1563 240 1604 quae
272 1550 380 1590 bona
403 1549 618 1595 videntur3
652 1562 745 1588 nam
778 1554 849 1588 aut
880 1549 1009 1602 ipsius
1042 1550 1100 1588 rei
1133 1555 1280 1588 natura
1302 1549 1438 1602 qualis
1462 1555 1501 1589 et
1525 1555 1679 1603 quanta
1701 1550 1754 1589 sit
1776 1562 1903 1603 quae-

131 1613 282 1659 rimus,
314 1618 359 1651 ut
391 1612 441 1651 de
472 1617 717 1665 paupertate
749 1625 832 1650 non
866 1624 1118 1665 numquam,
1151 1612 1270 1651 cuius
1296 1625 1402 1651 onus
1426 1611 1677 1665 disputando
1702 1612 1902 1660 levamus,

132 1675 329 1714 docentes
365 1687 489 1728 quam
532 1688 656 1728 parva
687 1680 727 1714 et
759 1687 881 1727 quam
916 1687 1047 1727 pauca
1080 1675 1161 1714 sint
1192 1687 1302 1728 quae
1335 1680 1481 1714 natura
1514 1674 1747 1722 desideret,
1779 1680 1850 1714 aut
1880 1687 1904 1714 a

131 1737 373 1791 disputandi
414 1735 641 1777 subtilitate
680 1738 909 1777 orationem
949 1737 1000 1776 ad
1044 1737 1238 1789 exempla
1278 1737 1545 1776 traducimus.
1600 1737 1677 1776 Hic
1710 1737 1952 1779 Socrates25

131 1806 498 1847 commemoratur,
531 1800 598 1840 hic
628 1800 856 1853 Diogenes,
887 1799 955 1839 hic
989 1800 1271 1840 Caecilianum
1302 1799 1429 1839 illud:

299 1862 464 1916 Saepe
497 1868 573 1902 est
604 1864 760 1903 etiam
793 1862 881 1901 snb
913 1862 1152 1915 palliolo
1185 1862 1405 1901 sordido
1438 1862 1717 1915 sapientia.

131 1923 233 1964 Cum
266 1924 375 1964 enim
408 1925 665 1978 paupertatis
698 1938 779 1964 una
812 1924 1043 1978 eademque
1077 1924 1129 1964 sit
1159 1924 1242 1972 vis,
1275 1925 1470 1979 quidnam
1503 1925 1584 1965 dici
1616 1930 1757 1978 potest
1777 1939 1902 1980 quam

130 1986 182 2026 ob
223 1999 310 2026 rem
352 1986 393 2026 C.
426 1984 615 2026 Fabricio
662 1987 893 2027 tolerabilis
933 2000 981 2026 ea
1018 1986 1164 2034 fuerit,
1208 1987 1279 2027 alii
1322 1993 1476 2040 negent
1514 2002 1558 2028 se
1600 1988 1706 2027 ferre
1744 1990 1902 2041 posse?

129 2046 195 2088 57.
226 2048 333 2088 Huic
363 2049 490 2102 igitur
520 2049 641 2089 alteri
681 2050 822 2103 generi
854 2050 999 2090 similis
1032 2056 1093 2090 est
1124 2063 1173 2090 ea
1203 2051 1310 2090 ratio
1343 2051 1610 2099 consolandi,
1642 2065 1749 2105 quae
1781 2051 1971 2093 docetao,

218 2260 248 2292 3.
275 2260 416 2291 dicaverit
440 2261 465 2290 G
485 2277 520 2282 —-
548 2260 579 2291 5.
605 2260 639 2291 in
663 2268 732 2291 om.
754 2261 777 2291 C
801 2278 833 2282 —
861 2261 911 2291 ll.
932 2260 1000 2291 ulla
1026 2260 1049 2290 C
1073 2278 1106 2282 —
1134 2260 1262 2291 elevare
1278 2261 1369 2292 Bake
1389 2259 1408 2292 l.
1430 2260 1449 2292 l.
1472 2270 1504 2302 p.
1524 2261 1564 2292 93
1584 2261 1671 2301 (coll.
1694 2262 1793 2302 334),
1817 2264 1902 2295 item

132 2310 220 2351 g5t3.
245 2326 275 2331 —
300 2310 349 2340 11¹2.
373 2314 508 2349 promtu
533 2312 555 2340 G
573 2311 595 2341 R
622 2327 655 2332 -
684 2312 734 2342 13.
753 2312 814 2341 :lul
840 2320 930 2341 corr.
951 2312 983 2341 in
1001 2311 1041 2341 At
1068 2311 1088 2340 iz
1116 2313 1149 2341 et
1175 2311 1225 2342 sic
1250 2311 1340 2341 Bake
1367 2309 1387 2342 l.
1409 2310 1430 2341 l.
1460 2320 1491 2351 p.
1511 2312 1562 2342 03.
1586 2329 1619 2334 —
1643 2313 1858 2352 c(›ynoue1·int
1876 2314 1900 2345 C

131 2360 206 2401 (sed
230 2361 263 2392 in
289 2360 349 2391 RB
377 2359 569 2400 penultima
594 2359 705 2391 littera
733 2362 930 2401 expuncta).
959 2361 1045 2392 Yidc
1072 2361 1114 2392 ad
1141 2362 1158 2399 ξ
1185 2362 1237 2392 31.
1269 2380 1302 2384 -
1331 2362 1381 2392 Π.
1410 2362 1442 2391 id
1466 2360 1609 2393 seclusit
1633 2362 1842 2402 Tregderus.
1864 2380 1900 2386 -·

130 2414 188 2442 aut
207 2419 295 2441 corr.
316 2418 361 2440 m.
383 2418 454 2441 sec.
476 2411 509 2441 in
533 2411 622 2440 haud
647 2412 671 2441 G
692 2428 724 2433 —
755 2411 805 2441 18.
833 2420 875 2442 ea:
898 2412 946 2441 his
971 2412 1035 2441 CO
1058 2428 1092 2432 —
1128 2412 1174 2442 ¹9.
1202 2420 1264 2441 non
1292 2412 1324 2441 id
1347 2412 1492 2450 effic-izvis
1518 2410 1598 2451 cett]
1626 2413 1798 2444 «Pi-axum
1823 2421 1902 2444 esse

130 2470 194 2492 non
218 2459 385 2497 clamant,
413 2468 502 2500 quae
529 2460 546 2499 g
571 2461 611 2490 52
637 2460 763 2499 (omnia
788 2461 891 2491 videri
916 2461 1021 2491 subita
1046 2462 1204 2501 maiora).
1233 2461 1284 2492 28.
1306 2461 1345 2492 30
1368 2460 1540 2500 leguntur.
1568 2461 1647 2492 Mihi
1673 2461 1816 2501 quidem
1841 2471 1904 2493 x‘e-

130 2512 267 2543 rissima
298 2510 437 2541 videtur
468 2510 611 2542 Bentleii
645 2512 847 2542 conlectura
879 2511 1068 2551 legendum
1104 2520 1182 2542 esse
1216 2520 1312 2549 nam,
1346 2511 1440 2550 quod
1466 2519 1551 2542 cum
1571 2519 1636 2541 non
1661 2520 1729 2542 non
1754 2513 1799 2543 ita
1823 2521 1903 2544 raro

131 2562 383 2597 commutatur,
410 2561 445 2591 ut
472 2560 524 2598 lV,
552 2561 604 2591 56.
633 2560 690 2591 ubi
717 2562 739 2591 R
765 2570 829 2592 non
854 2562 955 2592 solum
982 2570 1043 2601 pro
1070 2570 1147 2592 nani
1172 2562 1308 2591 salum.»
1336 2561 1389 2592 W.
1421 2560 1501 2591 Mihi
1526 2559 1671 2600 Bentley
1695 2561 1902 2594 Ciceronem

131 2611 326 2642 correxisse
352 2609 507 2646 videtur,
534 2619 602 2641 non
628 2609 798 2642 librarios.
827 2628 861 2632 ——
889 2612 1079 2642 uideantur.
1108 2612 1185 2650 quia
1210 2611 1353 2642 recentia
1377 2614 1467 2648 smil,
1493 2611 1626 2640 maiora
1649 2612 1812 2650 videntur,
1837 2621 1905 2643 non

131 2662 209 2700 quia
232 2661 275 2692 B:
301 2661 480 2691 uideantur
502 2670 567 2692 non
591 2662 671 2700 quia
697 2662 833 2701 (mediis
851 2662 1004 2699 omissis)
1030 2664 1054 2692 G
1076 2661 1149 2700 (sed
1174 2662 1206 2692 in
1233 2662 1389 2700 margine
1415 2661 1577 2691 interiore
1602 2660 1756 2691 secunda
1782 2670 1902 2700 manu,

132 2710 195 2743 sed
221 2712 304 2742 item
330 2710 430 2741 valde
455 2711 617 2751 antiqua,
653 2711 828 2751 adscripta
855 2711 1018 2751 leguntur
1042 2712 1120 2749 quia
1147 2713 1292 2742 recentia
1315 2714 1391 2741 sunt
1414 2711 1546 2740 maiora
1568 2710 1732 2747 uidentur)
1758 2711 1783 2742 R
1808 2712 1852 2750 (in
1878 2712 1903 2743 R

132 2769 150 2791 a
175 2761 371 2791 recentiore
397 2768 504 2791 manu
529 2760 728 2802 suppletum
755 2764 807 2792 cst
831 2763 909 2799 quia
927 2762 1071 2793 recentia
1087 2760 1413 2801 statitiiiiiiargi11e>2
1442 2759 1575 2791 scilicet
1599 2759 1728 2792 librarii
1745 2761 1866 2793 oculus
1883 2771 1902 2793 a

132 2809 242 2842 verbo
261 2811 437 2842 uideantur
453 2810 495 2841 ad
516 2812 671 2842 uidentur
687 2811 873 2842 aberraxit.
896 2812 1112 2852 «Suspicora
1129 2812 1297 2842 Cicerone
1313 2812 1356 2841 ita
1374 2810 1543 2849 scriptum
1563 2809 1685 2841 luisse:
1706 2811 1902 2848 videanlu7·,·

133 2861 187 2892 sed
209 2861 340 2891 maiora
363 2861 536 2898 videntur,
572 2862 648 2900 quia
674 2862 817 2892 recentia
839 2864 931 2897 sunt,
965 2870 1030 2891 non
1056 2862 1135 2901 quia
1159 2861 1340 2899 repentina.
1371 2859 1420 2890 Cl'.
1449 2858 1467 2898 S
1493 2858 1549 2889 53:
1585 2860 1678 2898 Quod
1694 2877 1740 2882 --
1757 2860 1823 2891 dies
1845 2861 1904 2892 de-

134 2910 241 2942 clarat
256 2928 273 2933 -
288 2927 305 2932 -
322 2910 469 2942 tollatur.
503 2911 520 2950 ἓ
546 2910 605 2942 διἰῑ
633 2912 757 2942 Sensim
775 2929 791 2934 -
807 2929 823 2935 —
838 2912 1052 2952 progrediens
1076 2913 1278 2941 exlenaeeutw·
1302 2909 1411 2946 dolor,
1431 2925 1447 2930 -
1461 2924 1478 2930 -
1494 2916 1571 2938 usus
1587 2909 1677 2939 docet
1692 2910 1825 2941 minora
1840 2919 1905 2941 esse

135 2968 192 2998 ea,
219 2969 302 2999 quae
328 2961 503 2999 (recentia)
529 2961 592 2991 sint
616 2962 687 2992 cisa
709 2962 851 2992 maiora.
885 2964 902 3000 δ’
928 2962 968 2992 59
994 2963 1027 2992 et
1052 2961 1095 2992 de
1121 2961 1270 2991 Zenonis
1288 2958 1513 2998 aegritudinis
1531 2958 1745 2997 definitione,
1773 2967 1840 2999 qua
1858 2959 1904 2990 ad

136 3010 335 3050 opinionem
360 3010 556 3050 praesentis
582 3010 661 3041 mali
687 3011 836 3047 additur,
864 3014 899 3041 ut
924 3020 964 3041 ca
990 3020 1100 3041 recens
1124 3013 1185 3046 sit,
1213 3010 1252 3049 {g
1280 3010 1329 3040 Ξῖ).
1358 3009 1409 3040 75.
1436 3008 1477 3039 ‘⁴26
1501 3008 1560 3049 (est
1583 3009 1767 3049 aegpwtudffi
1792 3013 1827 3040 ut
1844 3010 1904 3040 do-

135 3059 223 3097 cebo,
255 3059 289 3089 in
313 3060 463 3098 opinione
486 3059 566 3089 mali
590 3060 750 3099 ret-ensis).
789 3059 953 3101 Exempla
979 3059 1194 3099 singulorum
1227 3059 1422 3100 pluriumve
1448 3058 1637 3089 verborum
1663 3060 1808 3099 propter
1831 3059 1903 3089 ter—

136 3109 365 3140 minationuin
390 3108 444 3140 vel
469 3109 644 3140 initiorum
670 3109 931 3141 similitudinem
961 3111 992 3141 in
1019 3110 1219 3150 Archetypo
1245 3110 1456 3140 omissorum
1482 3107 1590 3140 multa
1615 3110 1707 3140 sunt.
1745 3109 1795 3140 De
1821 3116 1903 3148 par-

136 3157 248 3189 ticulis
270 3159 412 3197 fortasse
438 3176 471 3180 —
495 3159 549 3189 sed
574 3159 663 3189 inter
687 3167 723 3189 se
750 3160 1045 3199 respondentibus
1075 3160 1115 3190 ct‘.
1144 3161 1172 3196 l,
1199 3159 1250 3190 30.
1278 3160 1333 3197 ΙΙΙ,
1361 3159 1412 3190 43.
1440 3159 1494 3197 lV,
1520 3158 1573 3190 47.
1600 3158 1643 3190 de
1671 3159 1739 3189 Fin.
1766 3158 1820 3195 ΙΙΙ,
1849 3157 1900 3188 49.

138 3206 201 3239 al.»
228 3208 284 3240 W.
312 3225 346 3230 —-
374 3208 425 3239 24.
451 3218 516 3239 non
540 3209 573 3239 in
595 3210 623 3239 is
646 3207 706 3242 G¹;
739 3218 801 3240 non
826 3209 859 3240 in
882 3211 931 3241 liis
955 3208 1048 3247 G²B;
1081 3219 1144 3240 non
1173 3210 1221 3240 his
1245 3210 1269 3240 R
1297 3226 1332 3231 —-
1365 3209 1418 3240 sed
1442 3209 1475 3240 in
1499 3209 1547 3240 his
1572 3209 1596 3241 C
1625 3224 1659 3231 -
1688 3208 1740 3240 2⁴2.
1766 3216 1845 3238 nam
1867 3209 1904 3238 uc

140 3256 164 3288 C
191 3257 264 3297 (sed
287 3258 323 3289 in
346 3259 369 3290 B
395 3261 430 3290 ut
454 3259 488 3290 in
511 3262 571 3290 aut
594 3258 671 3290 ead.
700 3267 745 3291 m.
773 3260 879 3299 corr.)
907 3277 941 3282 —-
968 3261 1022 3292 27.
1049 3268 1107 3300 sup
1133 3260 1175 3290 G.
