2249 3624
492 153 580 193 Lm.
612 153 642 192 I.
683 151 778 191 Cn».
809 151 1257 190 XXXIII—XXXIV.
1296 149 1355 203 §§
1387 148 1580 188 69-76.
1854 146 1933 185 5053

168 266 280 302 ratus
312 264 386 306 est,
418 264 459 298 et
489 263 534 298 ut
564 259 605 297 in
630 258 771 297 Sullae
803 258 1004 310 scriptum
1037 257 1211 296 historia
1246 257 1444 303 videmus,
1477 256 1589 309 quod
1615 262 1651 295 te
1677 256 1933 308 inspectante

169 325 320 365 factum
354 327 439 368 est,
481 327 546 367 ut,
578 334 668 360 cum
702 320 771 359 ille
803 321 843 358 in
877 334 974 371 agro
1007 319 1166 358 Nolano
1199 318 1417 357 inmolaret
1449 324 1541 357 ante
1575 319 1850 370 praetorium,
1885 318 1934 355 ab

168 384 308 428 intima
338 398 408 424 ara
439 383 576 423 subito
608 383 755 433 anguis
788 389 1030 434 emergeret,
1063 396 1155 420 cum
1188 382 1355 434 quidem
1385 382 1427 420 C.
1453 381 1690 420 Postumius
1723 381 1932 431 haruspex

172 453 308 489 oraret
338 447 453 487 illum
487 453 530 486 ut
561 446 600 484 in
626 445 938 496 expeditionem
972 445 1198 483 exercitum
1231 444 1446 482 educi-rit:
1482 444 1519 481 id
1554 457 1644 482 cum
1670 442 1782 481 Sulla
1816 441 1936 479 secis-

167 516 250 557 set,
298 515 383 549 tum
429 514 524 548 ante
571 507 771 559 oppidum
812 506 953 546 Nolam
1002 508 1309 545 florentissuma
1349 506 1594 544 Sanmnitium
1639 512 1770 544 castra
1814 504 1963 556 cepit.5

166 571 233 613 73.
275 573 398 611 Facta
435 571 675 610 coniectura
716 570 838 608 etiam
877 570 917 608 in
955 570 1154 621 Dionysio
1193 574 1275 613 est,
1323 569 1448 620 paulo
1482 574 1575 607 ante
1609 582 1729 621 quam
1764 579 1935 615 regnare

168 635 329 687 coepit:
374 634 445 686 qui
488 646 578 671 cum
622 645 695 684 per
735 644 876 682 agrum
913 632 1160 670 Leontinum
1202 632 1279 670 iter
1310 630 1467 669 sat-iens
1500 645 1652 682 equum
1689 634 1776 682 ipse
1808 629 1937 667 ‹lemi-

167 698 290 738 sisset
319 696 359 735 in
393 697 567 740 tlumen,
600 694 840 733 submersus
873 707 1009 746 equus
1044 693 1308 741 voraginibus
1342 707 1423 731 non
1458 694 1644 731 exstitit:
1688 707 1810 745 quem
1845 704 1935 729 cuin

168 759 347 798 maxima
380 758 648 797 contentione
682 769 762 795 non
797 758 1001 808 potuisset
1034 756 1276 799 extrahere,
1315 755 1527 801 discessit,
1568 762 1609 794 ut
1642 756 1694 794 ait
1730 754 1936 799 Philistus,

166 833 288 873 aegre
320 820 470 859 serens.
524 820 624 858 Cum
657 825 794 858 autem
826 818 1087 871 aliquantum
1123 831 1367 870 progressus
1399 824 1521 863 esset,
1555 818 1690 856 subito
1725 817 1989 856 exaudivit¹0

166 883 370 923 hinnitum
412 882 683 935 respexitque
726 888 765 920 et
807 895 959 934 equum
1002 881 1178 919 alacrem
1220 881 1350 918 laetus
1382 882 1567 932 aspexit,
1616 882 1734 919 cuius
1769 881 1808 918 in
1843 879 1936 918 iuba

170 959 346 986 examen
379 945 520 998 apium
553 943 814 983 consederat.
876 944 998 991 Quod
1033 950 1242 982 ostentum
1277 943 1418 981 hahuit
1451 943 1555 981 hum·
1589 944 1681 989 vim,
1717 950 1759 982 ut
1783 945 1937 994 Diony-

167 1008 255 1049 sius
287 1008 428 1060 paucis
463 1012 555 1059 post
587 1006 732 1045 diebus
764 1019 937 1058 regnare
970 1006 1165 1058 coeperit.

279 1070 471 1109 XXXIV.
503 1067 569 1107 74.
603 1068 744 1117 Quid?
780 1068 1120 1107 Lacedaemoniis
1154 1068 1275 1121 paulo
1309 1074 1404 1108 ante
1438 1070 1691 1108 Leuctricam
1726 1069 1937 1107 calamita-

166 1138 248 1174 tem
291 1145 398 1185 quae
440 1130 687 1184 significatio
726 1131 834 1170 sacta
876 1137 957 1178 est,
1001 1145 1093 1169 cum
1133 1131 1172 1169 in
1208 1131 1394 1170 llerrulis
1436 1130 1529 1170 sano
1561 1145 1672 1170 arma
1707 1134 1988 1170 sonueruntt5

166 1195 446 1247 Herculisque
492 1194 759 1233 simulacrum
810 1194 939 1233 multo
985 1193 1138 1233 sudore
1189 1194 1398 1232 manavit!
1463 1196 1508 1233 At
1559 1195 1707 1233 eodem
1751 1200 1936 1244 tempore

167 1256 341 1303 Thebis,
374 1262 417 1296 ut
447 1258 503 1296 ait
535 1257 831 1303 Callisthenes,
864 1257 905 1295 in
938 1256 1092 1309 templo
1124 1255 1316 1295 Herculis
1349 1256 1493 1296 valvae
1527 1258 1692 1296 clausae
1725 1256 1936 1309 repagulis

168 1320 306 1360 subito
338 1332 381 1359 se
413 1319 527 1372 ipsae
558 1325 814 1372 aperuerunt
844 1331 1056 1371 armaque,
1089 1332 1196 1371 quae
1231 1319 1312 1358 fixa
1347 1318 1386 1358 in
1419 1320 1645 1372 parietibus
1677 1320 1857 1365 fuerant,
1891 1332 1937 1357 ea

169 1388 267 1423 sunt
299 1382 412 1421 humi
444 1382 626 1422 inventa.
689 1382 878 1434 Cumque
911 1381 1057 1421 eodem
1092 1387 1278 1433 tempore
1310 1382 1419 1435 apud
1445 1382 1666 1421 Lebadiam
1692 1382 1936 1435 Trophonio

170 1459 238 1485 res
270 1443 412 1484 divina
443 1443 583 1491 lieret,
625 1444 756 1496 gallos
788 1444 1041 1496 gallinaceos
1082 1445 1123 1483 in
1159 1458 1207 1482 eo
1240 1444 1332 1483 loco
1367 1446 1424 1484 sic
1457 1445 1631 1484 adsidue
1664 1458 1812 1483 cauere
1846 1458 1937 1483 coe·
1952 1446 1989 1474 20

168 1508 296 1561 pisse,
328 1512 373 1546 ut
404 1507 507 1547 nihil
540 1507 887 1546 intermitterent:
920 1512 1005 1545 tum
1029 1520 1207 1557 augures
1231 1506 1388 1546 dixisse
1412 1509 1619 1554 Boeotios,
1643 1508 1936 1547 'l'hebanorum

172 1583 263 1610 esse
295 1570 534 1616 victoriam,
574 1577 790 1622 propterea
823 1569 935 1621 quod
969 1569 1055 1608 avis
1088 1569 1156 1608 illa
1191 1570 1295 1608 victa
1328 1569 1450 1609 silere
1484 1570 1661 1617 soleret,
1703 1583 1872 1615 canere,
1907 1571 1937 1608 si

167 1632 348 1672 vicisset.
408 1630 474 1671 75.
506 1632 749 1684 Eademque
782 1637 1026 1684 tempestate
1060 1632 1203 1671 multis
1235 1633 1363 1684 signis
1388 1633 1731 1672 Lacedaemoniis
1757 1634 1939 1672 Leuctri-

167 1708 241 1735 cae
273 1707 436 1747 pugnae
468 1694 681 1734 calamitas
714 1694 1050 1733 denuntiabatur.
1109 1695 1298 1748 Namque
1331 1701 1370 1734 et
1403 1696 1442 1734 in
1468 1695 1682 1749 Lysandri,
1717 1696 1786 1749 qui
1813 1697 1938 1734 Lace-

168 1758 483 1797 daemoniorum
516 1757 770 1796 clarissimus
802 1756 953 1802 suerat,
993 1763 1151 1803 statua,
1195 1771 1301 1810 quae
1333 1759 1507 1811 Delphis
1540 1759 1691 1805 stabat,
1733 1759 1770 1797 in
1805 1759 1937 1810 capite
1954 1759 1990 1787 25

167 1833 322 1860 corona
354 1820 491 1859 subito
525 1820 685 1859 exstitit
716 1833 768 1857 ex
799 1820 958 1871 asperis
990 1819 1130 1859 herbis
1160 1826 1199 1859 et
1226 1821 1478 1872 agrestibus,
1516 1822 1746 1874 stellaeque
1774 1834 1938 1867 aureae,

170 1897 276 1938 quae
309 1883 479 1936 Delphis
517 1888 634 1922 erant
673 1895 694 1921 a
726 1882 1070 1921 Lacedaemoniis
1112 1884 1272 1936 positae
1314 1889 1409 1935 post
1447 1884 1634 1923 navalem
1664 1885 1776 1923 illam
1811 1885 1939 1923 victo-

169 1947 272 1987 riam
307 1946 529 2000 Lysandri,
561 1958 643 1998 qua
670 1945 946 1984 Athenienses
979 1945 1274 1991 conciderunt,
1307 1960 1389 1999 qua
1422 1947 1459 1986 in
1493 1960 1632 1999 pugna
1665 1947 1763 1999 quia
1797 1946 1941 1986 Castor

169 2016 209 2050 et
248 2010 397 2049 Pollux
441 2023 532 2049 cum
569 2008 996 2047 Lacedaemoniorum
1045 2008 1175 2048 classe
1222 2009 1293 2048 visi
1343 2023 1433 2048 esse
1481 2010 1748 2056 dicebantur,
1797 2023 1938 2049 eorum

167 2072 348 2125 insignia
380 2072 571 2117 deorum,
605 2070 749 2109 stellae
780 2083 954 2117 aureae,
990 2084 1094 2124 quas
1126 2071 1233 2117 dixi,
1265 2071 1439 2124 Delphis
1472 2073 1653 2125 positae,
1689 2073 1812 2125 paulo
1846 2079 1939 2111 ante
1954 2081 1990 2109 30

167 2135 424 2174 Leuctricam
457 2146 635 2187 pugnam
669 2133 916 2172 deciderunt
948 2147 1084 2186 neque
1117 2139 1305 2186 repertae
1333 2140 1439 2173 sunt.
1488 2133 1555 2173 76.
1591 2137 1815 2174 Maximum
1841 2147 1939 2173 vero

167 2197 270 2238 illud
303 2202 539 2249 portentum
572 2196 703 2235 isdem
738 2196 954 2248 Spartiatis
985 2196 1083 2243 fuit,
1117 2196 1243 2249 quod,
1276 2210 1365 2236 cum
1401 2198 1615 2236 oraculum
1650 2198 1700 2236 ab
1732 2198 1828 2236 Iove
1861 2198 1941 2236 Do-

169 2259 330 2299 donaeo
362 2259 609 2312 petivissent
641 2258 690 2296 de
725 2258 897 2297 victoria
929 2259 1210 2306 sciscitantes,
1252 2259 1461 2312 legatique
1500 2274 1567 2298 ras
1605 2260 1733 2306 illud,
1776 2261 1813 2299 in
1856 2272 1939 2312 quo

168 2322 334 2363 inerant
363 2327 516 2368 sortes,
555 2321 895 2368 collocavissent‚
939 2322 1078 2368 simia,
1119 2335 1240 2375 quam
1274 2336 1345 2361 rex
1380 2323 1656 2361 Molossorum
1703 2324 1743 2361 in
1778 2322 1940 2361 deliciis

168 2384 369 2430 habebat,
403 2390 443 2424 et
474 2390 608 2423 sortes
640 2383 750 2437 ipsas
782 2390 823 2423 et
853 2390 1010 2430 cetera,
1043 2399 1152 2436 quae
1185 2391 1303 2424 erant
1333 2384 1384 2424 ad
1418 2391 1571 2424 sortem
1607 2391 1756 2438 parata,
1791 2385 1939 2423 distur-
1954 2395 1991 2423 35

171 2447 285 2487 bavit
329 2452 369 2486 et
405 2447 517 2486 aliud
563 2447 645 2486 alio
690 2447 934 2499 dissupavit.
1015 2449 1118 2487 Tum
1162 2461 1209 2487 ea
1252 2461 1357 2501 quae
1400 2448 1633 2502 praeposita
1673 2454 1760 2487 erat
1801 2447 1940 2486 oraclo

170 2509 365 2550 sacerdos
396 2510 554 2549 dixisse
587 2509 757 2556 dicitur,
799 2509 849 2549 de
881 2510 1014 2550 salute
1047 2511 1389 2550 Lacedaemoniis
1423 2525 1536 2558 esse,
1570 2524 1649 2549 non
1683 2510 1733 2549 de
1768 2509 1940 2549 victoria

171 2572 452 2625 cogitandum.

256 2684 286 2714 l.
312 2683 345 2713 in
369 2683 470 2714 sullae
495 2682 623 2714 13211V:
650 2685 778 2715 insulae
802 2684 850 2721 B¹‚
878 2685 908 2714 in
935 2685 1027 2715 sillae
1050 2686 1088 2722 A,
1117 2685 1145 2714 in
1165 2685 1321 2715 Sisennae
1346 2685 1480 2714 Marsus
1500 2686 1530 2714 et
1550 2684 1573 2711 (⁷)
1594 2701 1629 2706 -
1659 2684 1686 2713 ²2.
1708 2684 1758 2713 illc·
1777 2685 1818 2713 C.
1847 2684 1939 2713 Sulla

170 2733 304 2764 Marsus
329 2736 363 2764 el
387 2734 411 2764 O
439 2750 472 2754 —
500 2734 627 2764 nolanii
653 2735 678 2764 H
719 2752 748 2757 —
791 2734 820 2765 3.
848 2736 981 2774 infirma
1010 2735 1035 2765 H
1074 2752 1108 2756 —
1149 2736 1186 2764 (i.
1215 2736 1238 2765 (ἶ
1279 2752 1311 2756 —
1350 2734 1367 2764 v'i
1408 2735 1613 2772 espmialimne
1640 2734 1662 2763 ΙΙ
1703 2751 1735 2754 w
1775 2734 1876 2769 scylla
1902 2734 1937 2770 Β,

170 2784 244 2814 silla
268 2784 292 2814 H
327 2801 361 2806 —
397 2784 428 2814 5.
453 2785 720 2823 florentissimam
755 2786 799 2819 H.
833 2785 1015 2824 for-tissone
1047 2785 1242 2823 Hottinger,
1279 2787 1311 2814 ut
1344 2787 1394 2814 est
1428 2784 1518 2824 apud
1553 2783 1723 2814 Valerium
1752 2784 1939 2813 Maximum

170 2833 202 2869 Ι,
229 2833 266 2870 6,
287 2833 305 2864 4
333 2850 367 2855 —
394 2834 574 2864 samnitum
599 2835 624 2864 H
658 2851 692 2856 —
733 2835 762 2865 6.
790 2835 822 2865 in
848 2835 880 2865 iu
910 2835 930 2864 B
958 2843 1097 2865 erasum
1135 2852 1165 2855 —
1201 2835 1231 2864 7.
1259 2835 1431 2864 dinzisa'sxet
1457 2836 1479 2863 t]
1514 2851 1545 2854 ’-
1583 2834 1613 2863 8,
1641 2834 1814 2863 suham-sus
1839 2831 1873 2863 w
1904 2850 1935 2854 —

171 2882 202 2913 9.
227 2891 352 2922 mayna
378 2883 404 2914 H
432 2901 473 2905 —
505 2884 556 2914 40.
584 2884 831 2923 aliquantulum
866 2884 956 2915 codd
997 2884 1082 2915 dett.
1111 2887 1144 2915 et
1169 2885 1193 2915 O
1226 2902 1258 2905 —
1302 2886 1351 2915 ll.
1380 2884 1511 2915 tumbae
1540 2882 1640 2919 A¹V¹,
1677 2885 1706 2914 in
1734 2883 1809 2913 (aba
1836 2882 1875 2913 A‘-'
1901 2900 1939 2904 ’-

172 2932 223 2963 42.
250 2941 351 2971 apum
376 2933 485 2972 V(‘?)()
514 2950 548 2955 —-
575 2933 651 2973 cim]
672 2943 741 2965 rem
769 2935 793 2965 H
822 2935 853 2965 in
879 2943 947 2965 ras.
978 2953 1012 2957 —
1041 2935 1091 2966 tl..
1119 2936 1292 2966 lemme-(1111
1311 2938 1348 2968 A,
1377 2936 1459 2965 item
1485 2935 1571 2964 intra
1600 2952 1634 2955 —
1669 2934 1714 2964 15.
1743 2936 1787 2962 es!
1814 2933 1835 2962 B
1862 2940 1937 2972 sup.

171 2979 248 3019 lin.‚
281 2985 326 3013 est
347 2983 438 3021 facta
463 2983 488 3013 ll
524 3000 558 3004 —
594 2984 644 3014 Π.
672 2984 860 3015 calisthenes
884 2987 909 3015 A
943 3002 976 3007 —
1011 2985 1134 3015 arculis
1158 2986 1180 3015 B
1212 3003 1253 3007 —-
1288 2986 1336 3014 lo.
1365 2985 1454 3022 apud
1478 2985 1661 3014 thebaidam
1687 2984 1730 3018 (ἶ,
1763 2983 1820 3021 qui
1847 2982 1939 3012 idem

173 3039 272 3062 error
297 3033 334 3066 ll.
360 3032 380 3071 S
397 3032 438 3062 56
465 3034 612 3064 recurrit
639 3051 673 3055 —
708 3035 760 3065 ²21.
787 3034 906 3065 boelios
931 3035 976 3071 H,
1003 3035 1126 3066 boeotia
1151 3038 1194 3068 A.
1231 3035 1333 3065 boelio
1359 3035 1381 3064 B
1398 3034 1441 3065 V:
1477 3034 1511 3064 cs
1541 3035 1578 3069 ll,
1598 3034 1668 3071 §.²56
1689 3051 1721 3054 —
1753 3032 1801 3063 24.
1826 3040 1940 3070 JWJJ'W

172 3080 200 3111 H
227 3098 261 3102 —-
288 3086 316 3112 et
340 3083 504 3120 Lysandri
521 3101 570 3106 --
587 3087 718 3114 statuae
745 3084 864 3115 Lamb.
893 3086 926 3114 et
951 3086 976 3115 O
1005 3103 1037 3107 —-
1074 3086 1125 3115 25.
1153 3089 1264 3114 statua
1290 3087 1312 3115 A
1326 3082 1447 3116 ss2uv.
1470 3084 1593 3114 'slalue
1620 3084 1654 3114 13¹
1684 3101 1717 3104 —
1747 3083 1796 3113 ³28.
1825 3091 1888 3120 quo
1908 3082 1939 3111 m

169 3139 283 3171 pugna
307 3140 376 3164 om.
406 3133 431 3163 H
461 3150 490 3156 -
522 3133 574 3164 32.
600 3134 672 3164 illuc
695 3135 722 3164 A
751 3152 783 3156 —-
811 3135 923 3164 iisdem
948 3135 1007 3165 Bo
1036 3152 1069 3156 —
1098 3135 1313 3165 oraculumt)
1343 3152 1374 3155 —-
1403 3133 1443 3163 ab
1468 3143 1533 3163 ww
1558 3134 1701 3163 dodones>
1724 3132 1887 3171 peliuissel
1915 3133 1937 3162 ll

175 3196 209 3202 -
237 3180 276 3212 33
316 3191 373 3212 vas
395 3182 476 3212 illud
500 3182 658 3214 Ernesti:
691 3192 750 3213 vas
774 3191 843 3214 om.
872 3184 929 3214 CO
957 3200 992 3207 -
1021 3185 1053 3214 in
1080 3194 1142 3223 quo
1160 3201 1209 3207 --
1227 3183 1322 3213 simia
1358 3192 1426 3213 om.
1458 3183 1505 3213 H:
1540 3183 1704 3222 legatique
1727 3182 1881 3214 sitellam,
1909 3183 1938 3211 in

175 3238 241 3269 qua
263 3233 394 3263 inerant
417 3236 537 3269 sortes,
567 3234 604 3264 in
629 3233 695 3264 solo
719 3233 830 3264 colloc.
863 3233 953 3266 coni.
981 3232 1083 3265 Orelli
1116 3252 1149 3256 -
1192 3233 1243 3266 34.
1270 3233 1468 3264 molosorum
1494 3233 1552 3264 1311
1589 3251 1621 3254 -
1658 3233 1710 3264 336.
1738 3233 1819 3263 aliu!
1844 3234 1866 3264 A
1904 3251 1936 3255 —

173 3283 268 3311 erant
291 3281 318 3313 H
344 3297 377 3303 —
406 3282 543 3313 oraculo
567 3282 605 3313 Ο.

249 3368 261 3383 0
