2249 3624
647 172 735 211 Lm.
767 172 814 211 V.
858 170 954 211 Cn».
985 170 1091 210 XLI.
1130 168 1189 223 §§
1222 167 1471 210 419-121.
1867 168 1947 209 365

182 286 223 322 et
259 280 430 320 Platone
470 276 668 331 profectis
708 277 971 330 philosophis
1014 275 1250 316 faciendum
1283 279 1434 329 putas?
1477 289 1656 329 quorum
1689 276 1759 315 alii
1791 282 1946 317 tantam

178 341 476 395 praestantiam
513 339 554 379 in
592 337 712 379 bonis
743 340 869 379 animi
901 353 992 379 esse
1025 339 1191 385 dicunt,
1233 345 1277 378 ut
1308 340 1358 378 ab
1392 340 1456 379 his
1489 340 1673 392 corporis
1706 345 1745 378 et
1776 346 1949 380 externa

178 405 474 451 obscurentur,
505 403 577 442 alii
608 409 744 443 autem
777 402 880 442 baec
908 416 960 442 ue
982 402 1091 441 bona
1115 401 1283 455 quidem
1308 402 1484 448 ducunt,
1517 402 1557 440 in
1581 402 1719 441 animo
1742 409 1949 456 reponunt

178 467 328 507 omnia.
376 462 472 505 1¹20.
508 465 695 513 Quorum
728 465 1056 504 controversiam
1090 464 1252 504 solebat
1284 470 1494 518 tamquam
1522 464 1773 505 honorarius
1794 466 1952 505 arbiter

174 529 358 568 iudicare
397 526 646 567 Carneades.
697 528 801 566 Nam
841 541 933 566 cum
976 539 1266 580 quaecumque
1307 527 1417 566 bona
1454 527 1760 580 Peripateticis,
1804 528 1982 569 eadem5

175 591 325 631 Stoicis
367 589 585 631 commoda
626 589 890 637 viderentur,
933 603 1071 642 neque
1114 595 1251 628 tamen
1294 590 1558 643 Peripatetici
1594 590 1687 644 plus
1720 591 1952 632 tribuerent

175 652 348 699 divitiis,
389 652 520 692 bonae
564 652 812 700 valetudini,
857 653 1006 692 ceteris
1044 652 1168 692 rebus
1210 653 1372 703 generis
1410 652 1599 693 eiusdem
1641 667 1766 706 quam
1809 655 1952 702 Stoici,

175 729 268 755 cum
300 728 348 754 ea
378 730 442 763 re,
485 729 566 756 non
598 715 735 754 verbis
769 714 1122 767 ponderarentur,
1165 727 1332 754 musam
1373 729 1463 754 esse
1496 716 1728 756 dissidendi
1760 718 1950 770 negabat.

176 778 270 826 Qua
299 790 346 818 re
377 778 487 818 hunc
518 776 654 818 locum
687 783 917 817 ceterarum
943 777 1258 829 disciplinarum
1292 777 1533 830 philosophi
1557 792 1683 832 quem
1705 779 1756 819 ad
1780 780 1952 820 modum

174 841 364 894 optinere
397 841 557 894 possint
587 840 666 893 ipsi
702 840 907 887 viderint;
941 840 1042 879 mihi
1076 844 1212 879 tamen
1245 846 1406 892 gratum
1441 847 1524 888 est,
1557 842 1670 894 quod
1703 842 1753 881 de
1785 843 2003 895 sapien-⁴0

174 905 276 944 tium
302 910 503 957 perpetua
523 904 629 942 bene
652 903 818 942 vivendi
840 902 1039 942 facultate
1062 902 1234 955 dignum
1259 902 1457 956 quiddam
1481 904 1825 958 philosophorum
1849 919 1952 945 voce

174 965 435 1020 profitentur.

286 1025 380 1068 Δ121.
422 1028 502 1068 Sed
542 1028 744 1082 quoniam
787 1041 908 1067 mane
941 1033 1001 1067 est
1042 1026 1246 1075 eundum,
1287 1027 1361 1068 has
1394 1029 1584 1083 quinque
1616 1030 1777 1071 dierum
1809 1032 1953 1085 dispu-

175 1094 350 1134 tationes
390 1093 589 1132 memoria
629 1091 1047 1144 comprehendamus.
1103 1090 1310 1144 Equidem
1354 1105 1418 1131 me
1460 1093 1582 1132 etiam
1621 1095 1954 1147 conscripturum

173 1156 353 1196 arbitror
382 1176 434 1183 —
467 1155 537 1195 ubi
578 1155 686 1194 enim
729 1155 876 1194 melius
915 1154 974 1193 uti
1007 1167 1231 1206 possumus
1262 1153 1342 1194 hoc
1373 1154 1627 1195 cuicuimodi
1660 1163 1721 1197 est
1753 1158 1869 1198 otio‘l
1901 1162 2006 1190 -45

172 1218 224 1259 ad
256 1220 517 1272 Brutumque
549 1223 735 1257 nostrum
768 1218 845 1257 hos
878 1217 1006 1256 libros
1039 1216 1194 1256 alteros
1227 1217 1416 1270 quinque
1449 1219 1678 1268 mittemus,
1711 1233 1733 1259 a
1756 1234 1839 1274 quo
1869 1234 1954 1260 non

172 1281 299 1321 modo
341 1281 495 1334 inpulsi
539 1294 682 1320 sumus
723 1280 774 1319 ad
817 1279 1092 1334 philosophas
1129 1279 1397 1333 scriptiones,
1429 1294 1571 1322 verum
1604 1283 1726 1322 etiam
1758 1283 1955 1323 lacessiti.

173 1344 220 1383 In
254 1357 339 1397 quo
372 1348 574 1397 quantum
609 1343 759 1383 ceteris
793 1343 1000 1396 profuturi
1034 1343 1164 1382 simus
1189 1355 1273 1382 non
1304 1342 1427 1382 facile
1456 1344 1656 1393 dixerim,
1688 1346 1842 1385 nostris
1865 1347 1956 1399 qui-

175 1406 268 1446 dem
302 1407 584 1446 acerbissimis
617 1406 831 1446 doloribus
854 1406 1067 1459 variisque
1095 1411 1136 1445 et
1157 1404 1344 1459 undique
1368 1405 1626 1447 circumfusis
1648 1409 1854 1449 molestiis
1875 1410 1958 1449 alia

173 1468 290 1508 nulla
322 1468 459 1522 potuit
489 1469 669 1508 inveniri
701 1468 868 1509 levatio.
1969 1476 2006 1505 20

264 1676 276 1706 ⁴
317 1675 470 1715 perfeclis
492 1675 517 1706 R
546 1692 581 1696 —
604 1678 705 1715 putas
731 1674 947 1715 Tregderus:
976 1676 1067 1707 uides
1084 1676 1129 1713 C;
1152 1678 1249 1715 putes
1266 1676 1309 1707 O:
1336 1684 1444 1707 censes
1461 1675 1612 1708 Klotzius
1630 1677 1671 1717 (a.
1692 1678 1805 1719 4856);
1830 1679 1959 1711 iudicas

174 1725 345 1757 Baiterus.
380 1725 429 1757 Cf.
457 1724 593 1765 Madvig
618 1726 660 1757 ad
687 1726 758 1757 Cic.
787 1725 831 1756 de
858 1725 967 1757 Finib.
996 1736 1028 1767 p.
1056 1726 1130 1757 273.
1160 1743 1195 1748 —
1224 1726 1254 1757 3.
1282 1726 1506 1767 obscurentur]
1539 1727 1715 1759 obseruant
1738 1730 1820 1767 GR;
1847 1729 1959 1761 obser-

173 1779 251 1807 vent
274 1776 298 1806 B
319 1792 352 1797 -
381 1775 412 1806 8.
432 1775 640 1806 desiderandi
666 1776 710 1806 C:
737 1775 948 1814 discrepandi
965 1775 1130 1807 klotzius.
1151 1792 1193 1797 —
1220 1777 1271 1806 «Μ.
1295 1779 1418 1816 pertua
1440 1776 1478 1807 R¹
1499 1794 1533 1798 —
1553 1777 1690 1817 quidam
1707 1778 1731 1809 C
1753 1795 1788 1801 —
1817 1779 1869 1810 45.
1888 1788 1957 1811 me-

174 1826 237 1856 lius
267 1826 315 1857 uti
347 1826 380 1856 in
413 1833 523 1864 marg.
552 1825 631 1857 ead.
659 1834 705 1856 m.
733 1825 850 1856 addita
885 1825 993 1857 habet
1025 1827 1049 1856 G
1087 1844 1121 1848 —
1161 1827 1385 1858 cui'cui'modi
1410 1827 1448 1866 (i.
1476 1836 1507 1858 e.
1534 1827 1825 1867 cuiuscuiusmodi)
1854 1826 1894 1859 R2
1919 1847 1954 1851 —

174 1876 226 1907 47.
252 1875 374 1915 inpulsi
396 1883 509 1905 sumus
532 1876 576 1906 ad
595 1875 819 1915 philosophiae
842 1877 1074 1915 scriptionem,
1099 1885 1214 1907 verum
1238 1878 1338 1908 eliam
1361 1878 1503 1908 lacessiti
1521 1878 1650 1909 Nonius
1675 1887 1709 1917 p.
1730 1877 1809 1915 434;
1835 1878 1959 1918 inpulsi

173 1935 285 1957 sumus
308 1927 352 1957 ad
373 1926 592 1966 philosophiae
615 1927 810 1966 scriptiones
835 1926 927 1958 idem
947 1935 981 1966 p.
1002 1926 1076 1958 474.
1097 1944 1132 1948 —
1156 1928 1368 1967 philosophas
1385 1929 1408 1959 G
1420 1928 1510 1959 R1B:
1535 1928 1776 1967 philosophicas
1799 1926 1856 1967 R23
1879 1929 1957 1968 phi-

174 1976 342 2015 losophiae
365 1977 508 2007 Nonius.
544 1976 593 2008 Cf.
621 1985 653 2017 p.
674 1976 727 2013 59,
749 1978 800 2007 lt.
828 1976 983 2008 Macrob.
1011 1977 1149 2008 Saturn.
1180 1978 1247 2016 vll,
1275 1979 1306 2015 4,
1329 1979 1364 2009 4:
1389 1978 1591 2017 philosophis
1614 1978 1821 2009 tractatibus.
1849 1979 1867 2019 g
1895 1979 1953 2010 43:

174 2026 308 2058 verbum
330 2026 568 2066 philosophum.
607 2025 742 2057 Laberii
776 2026 898 2065 fragm.
935 2026 1080 2066 (Comic.
1107 2027 1217 2059 Latin.
1245 2027 1355 2068 Beliq.
1383 2027 1439 2058 ed.
1467 2028 1690 2069 Ribbeckap.
1717 2027 1811 2067 zm:
1841 2029 1957 2068 physi-

174 2085 231 2107 cus
250 2076 470 2116 philosophus.
501 2094 535 2097 —
565 2075 614 2108 48.
635 2077 735 2107 simus
752 2076 963 2108 Beroaldus:
991 2085 1103 2107 sumus
1121 2078 1158 2109 C.
1186 2078 1272 2109 Vide
1299 2078 1340 2109 ad
1368 2079 1379 2108 1
1404 2079 1424 2118 ἕ
1449 2079 1502 2109 55.
1525 2096 1560 2100 —
1588 2079 1732 2110 cli-verim
1753 2080 1797 2109 G:
1827 2078 1957 2109 αἰωνί-

174 2135 247 2157 mus
271 2127 295 2157 R
309 2126 333 2157 B
348 2126 373 2157 O
400 2126 473 2165 (sed
498 2127 531 2157 in
550 2127 573 2157 R
594 2125 727 2157 litterae
751 2135 790 2157 us
814 2127 953 2167 punctis
972 2128 1111 2158 notatae
1131 2129 1222 2166 sunt)
1244 2145 1278 2150 —
1307 2128 1360 2159 49.
1380 2128 1451 2159 alia
1467 2146 1516 2151 --
1531 2128 1654 2160 levatio
1677 2129 1808 2161 Nonius
1825 2138 1859 2170 p.
1879 2128 1953 2161 336.

177 2193 212 2197 —
239 2176 291 2207 20.
318 2185 354 2207 M.
373 2184 481 2208 Τιίιιι
503 2184 676 2209 cmmoms
701 2184 956 2209 rescenixtfflcu
979 2186 1075 2209 Lmen
1100 2185 1241 2215 omncs
1261 2186 1417 2210 Expmcn
1429 2187 1607 2211 JOELJCHER
1624 2179 1667 2217 B;
1694 2179 1956 2220 subscriptione

177 2228 299 2257 carent
323 2227 346 2257 G
361 2226 405 2258 R.
