2249 3624
328 147 410 188 286
767 149 1194 189 TUSCULANARUM
1224 149 1662 190 DISPUTATIONUM

328 253 538 300 dolorem,
571 254 652 293 sint
683 267 847 307 semper
876 254 1015 293 omnia
1045 255 1207 294 homini
1240 255 1421 295 humana
1444 253 1652 295 meditata.
1700 256 1751 294 Et
1776 256 1968 297 nimirum
1993 258 2095 298 haec

326 323 388 355 est
420 316 491 355 illa
522 322 736 369 praestans
769 322 809 354 et
839 316 978 355 divina
1011 317 1217 369 sapientia
1248 323 1288 357 et
1320 323 1535 370 perceptas
1569 319 1733 369 penitus
1758 323 1799 357 et
1827 325 2095 371 pertractatas

326 392 390 418 res
421 379 623 417 humanas
654 377 830 424 habere,
863 378 965 417 nihil
989 379 1183 418 admirari
1207 393 1299 419 cum
1323 380 1543 425 acciderit,
1578 379 1680 418 nihil
1703 386 1821 427 ante,
1854 395 1977 434 quam
2002 396 2097 422 eve-

325 441 453 486 nerit,
487 454 568 479 non
603 439 768 478 evenire
801 452 924 492 posse
956 440 1160 479 arbitrari.

292 513 310 540 5
439 502 596 550 Quam
636 501 696 541 ob
736 515 839 541 rem
881 503 1075 549 omnis,
1108 516 1216 542 cum
1257 503 1523 543 secundae
1564 517 1644 543 res
1687 509 1808 543 sunt
1838 518 2097 553 maxume,

1070 571 1178 604 tum
1211 579 1248 603 m
1268 579 1328 605 ax
1346 580 1369 604 u
1387 579 1460 603 me

437 625 679 665 Meditari
713 639 887 665 secum
920 631 1160 678 oportet,
1193 640 1292 679 quo
1323 633 1478 678 pacto
1501 627 1777 667 adversam
1801 641 2097 667 aerumnam

1071 688 1264 728 ferant.

438 749 670 797 pericla,
704 749 884 789 damna
916 764 1135 803 peregre
1167 751 1383 791 rediens
1417 765 1625 803 semper
1665 765 1844 791 secum
1885 752 2097 803 cogitet,

435 814 527 851 Aut
558 812 640 851 fili
672 818 942 864 peccatum
975 819 1061 852 aut
1093 814 1266 852 uxoris
1299 819 1516 853 mortem
1550 820 1636 853 aut
1669 814 1899 853 morbum
1932 814 2097 861 filiae,

436 874 730 914 Communia
772 889 884 914 esse
924 876 1067 922 haec,
1105 889 1161 915 ne
1200 877 1323 929 quid
1371 877 1552 915 horum
1598 890 1837 929 umquam
1881 877 2099 916 accidat

1068 938 1235 977 animo
1268 952 1478 977 novum:

270 1013 306 1041 4ο
435 998 712 1052 Quicquid
744 1005 955 1053 praeter
985 1014 1124 1052 spem
1159 1000 1398 1046 eveniat,
1431 1013 1572 1039 omne
1607 1000 1653 1038 id
1688 999 1952 1053 deputare
1985 1014 2095 1040 esse

1066 1062 1117 1101 in
1150 1062 1320 1101 lucro.

432 1123 520 1161 XV.
552 1119 619 1161 3l.
651 1123 760 1175 Ergo
791 1123 871 1163 hoc
894 1125 1114 1163 Terentius
1146 1137 1168 1162 a
1201 1123 1470 1176 philosophia
1501 1128 1709 1176 sumptum
1744 1137 1836 1163 cum
1870 1130 1952 1163 tam
1985 1139 2096 1164 com-

319 1185 440 1225 mode
472 1185 641 1232 dixerit,
680 1199 776 1232 nos,
817 1200 838 1225 e
871 1200 1049 1239 quorum
1084 1186 1269 1225 fontibus
1302 1185 1342 1224 id
1377 1186 1568 1225 haustum
1601 1191 1688 1231 est,
1722 1199 1805 1224 non
1840 1192 1878 1225 et
1910 1186 2095 1226 dicemus

316 1248 396 1287 hoc
440 1247 587 1286 melius
624 1253 664 1287 et
704 1249 962 1288 constantius
1004 1249 1261 1287 sentiemus?
1304 1249 1379 1287 liic
1413 1254 1476 1286 est
1507 1247 1618 1287 enim
1654 1248 1725 1287 ille
1757 1248 1895 1287 voltus
1927 1261 2094 1300 semper

316 1311 446 1356 idem,
480 1323 602 1362 quem
641 1310 791 1350 dicitur
824 1311 1062 1364 Xanthippe
1094 1310 1338 1363 praedicare
1371 1310 1493 1349 solita
1531 1310 1572 1349 in
1606 1310 1692 1349 viro
1725 1324 1802 1349 suo
1835 1310 1963 1350 fuisse
1999 1308 2094 1363 [So-

268 1370 466 1426 t5crate],
511 1373 659 1412 eodem
699 1386 865 1425 semper
896 1387 939 1412 se
972 1373 1125 1412 vidisse
1165 1379 1388 1412 exeuntem
1422 1373 1537 1412 illum
1572 1372 1697 1411 domo
1732 1379 1772 1411 et
1803 1374 2104 1412 revertentem?

315 1437 398 1474 Nec
433 1449 532 1475 vero
567 1449 613 1474 ea
657 1434 769 1474 frons
803 1441 912 1482 erat,
954 1449 1061 1488 quae
1094 1437 1147 1475 M.
1182 1436 1316 1475 Crassi
1350 1435 1463 1474 illius
1496 1435 1670 1481 veteris,
1715 1448 1840 1487 quem
1873 1434 2003 1473 semel
2035 1434 2094 1474 ait

314 1499 354 1537 in
387 1498 499 1537 omni
534 1499 614 1537 vita
647 1498 787 1536 risisse
822 1497 1029 1544 Lucilius,
1062 1497 1134 1537 sed
1167 1498 1390 1549 tranquilla
1415 1503 1456 1537 et
1487 1511 1659 1544 serena3
1694 1498 1753 1536 sic
1785 1497 1896 1537 enim
1929 1497 2093 1549 accepi-

316 1575 420 1600 mus.
473 1562 562 1600 lure
594 1567 733 1599 autem
768 1566 856 1599 erat
878 1573 1041 1613 semper
1062 1560 1170 1599 idem
1197 1560 1353 1606 voltus,
1387 1573 1479 1599 cum
1504 1561 1668 1606 mentis,
1702 1575 1721 1599 a
1747 1573 1830 1613 qua
1851 1560 1885 1598 is
1910 1558 2092 1612 tingitur,

314 1624 428 1662 nulla
468 1623 587 1662 fieret
629 1623 816 1661 mutatio.
872 1622 965 1669 Qua
1005 1636 1048 1661 re
1085 1623 1247 1675 accipio
1284 1622 1480 1675 equidem
1513 1635 1535 1662 a
1569 1622 1809 1675 Cyrenaicis
1842 1623 1945 1662 haec
1977 1635 2091 1662 arma

262 1691 458 1726 20c0ntra
501 1698 621 1724 casus
667 1690 706 1723 et
752 1690 947 1731 eventus,
992 1684 1145 1737 quibus
1187 1697 1330 1724 eorum
1371 1685 1644 1724 advenientes
1684 1685 1862 1738 impetus
1894 1685 2091 1724 diuturna

313 1747 685 1801 praemeditatione
718 1746 976 1799 frangantur,
1009 1746 1220 1798 simulque
1251 1745 1391 1785 iudico
1425 1747 1576 1786 maium
1608 1747 1712 1785 illud
1743 1747 1952 1800 opinionis
1985 1760 2090 1797 esse,

311 1823 396 1849 non
429 1816 627 1857 naturae;
662 1809 695 1848 si
728 1810 838 1848 enim
872 1809 912 1848 in
945 1822 988 1847 re
1021 1814 1152 1855 esset,
1186 1822 1259 1847 cur
1290 1806 1436 1847 fierent
1467 1809 1632 1861 provisa
1664 1808 1853 1849 leviora?
1905 1808 1969 1848 32.
2005 1809 2086 1849 Sed

397 2021 429 2052 ⁶2.
456 2024 484 2051 et
509 2021 588 2050 ante
609 2022 783 2058 perceptas
808 2027 877 2050 om.
903 2018 1089 2049 Manutius.
1111 2035 1143 2040 —
1173 2017 1203 2048 3,
1230 2018 1395 2048 humanas
1418 2026 1468 2048 res
1493 2018 1517 2049 Ο
1547 2036 1580 2041 -
1609 2019 1788 2049 ammirari
1812 2019 1875 2049 GR
1905 2036 1939 2040 —
1968 2018 1998 2049 6.
2027 2019 2090 2049 ad-

309 2079 441 2102 uersum
467 2069 489 2099 R
519 2087 550 2091 ——
580 2078 755 2099 erumnam
780 2068 804 2099 C
833 2084 867 2090 —
897 2069 927 2099 7.
949 2069 1103 2107 pericula
1128 2068 1151 2099 C
1183 2086 1215 2090 —
1251 2069 1282 2099 8.
1307 2068 1368 2108 filii
1394 2068 1418 2098 C
1449 2085 1481 2091 -
1511 2068 1561 2098 lt.
1590 2069 1669 2098 haec
1694 2066 1731 2099 <3¹
1763 2087 1791 2091 -
1821 2067 1906 2108 cum]
1932 2077 2003 2099 eom
2028 2077 2090 2099 su-

308 2129 442 2161 perscr.
469 2129 490 2150 u
515 2121 558 2150 G.-
593 2117 660 2150 del.
689 2118 843 2150 Ursinus.
873 2135 906 2139 —
944 2118 995 2148 44.
1021 2120 1189 2148 socratam
1220 2115 1274 2153 (5¹,
1308 2120 1457 2147 socraten
1492 2114 1531 2147 G²
1557 2120 1615 2154 (ni.
1642 2117 1813 2156 antiqua),
1847 2121 2014 2149 socratem-
2042 2119 2085 2153 R;

306 2174 433 2201 socrate
458 2178 557 2200 erasa
584 2170 662 2208 post
685 2177 701 2199 e
725 2167 837 2198 littera
864 2168 906 2199 B:
934 2167 1063 2198 delevit
1088 2167 1178 2198 Bake
1205 2165 1225 2197 l.
1253 2165 1273 2197 l.
1301 2175 1334 2206 p.
1361 2166 1413 2195 92.
1441 2168 1611 2196 Socratem
1636 2166 1773 2197 ridetur
1797 2167 1910 2206 glossa
1930 2167 1972 2198 ad
1994 2168 2088 2199 illam

309 2220 445 2251 addita:
475 2220 589 2257 itaque
617 2226 744 2249 nomen
771 2216 992 2249 seclusimus.
1023 2235 1057 2239 —
1088 2217 1138 2247 ⁴6.
1166 2217 1210 2248 M.
1239 2225 1308 2247 om.
1337 2212 1413 2246 (3¹13
1441 2234 1474 2238 —
1504 2216 1552 2247 19.
1579 2218 1651 2255 fieri
1677 2215 1714 2247 G¹
1733 2219 1765 2247 et
1790 2225 1968 2256 superscr.
1986 2217 2087 2254 fuerit

307 2271 330 2301 B
358 2286 392 2292 —
422 2270 551 2308 quidem
576 2268 613 2299 G¹
641 2285 674 2289 -
704 2269 754 2298 ⁴21.
781 2268 963 2307 franyalur
988 2264 1024 2298 ΙΙι
1053 2285 1085 2289 -
1113 2267 1238 2297 malum
1262 2266 1344 2295 illud
1371 2265 1608 2305 (aegritudinis
1634 2265 1686 2296 vel
1712 2266 1806 2306 quod
1830 2264 2086 2306 aegritudinem

307 2319 417 2356 aflei-t)
444 2319 606 2357 opinionis
630 2327 711 2355 esse,
740 2327 803 2347 non
827 2317 981 2357 nalurae]
1010 2318 1080 2347 ntis.
1109 2316 1205 2356 §241
1234 2317 1288 2347 Est
1313 2324 1440 2346 causa
1463 2316 1568 2346 omnis
1593 2316 1839 2356 (aega-ituaim's)
1864 2317 1898 2347 in
1922 2317 2084 2355 opinione.

307 2369 346 2408 δὲ
373 2370 423 2399 51.
452 2370 509 2399 65:
543 2369 631 2399 Vides
655 2369 818 2406 opinionis
842 2376 924 2405 esse,
961 2377 1020 2397 non
1049 2371 1191 2397 naturae
1214 2366 1374 2396 malum.
1418 2366 1435 2405 ξς
1461 2365 1517 2396 74:
1553 2376 1615 2395 non
1643 2367 1676 2396 in
1704 2371 1848 2404 namra,
1877 2366 1931 2396 sed
1954 2367 1989 2397 in
2012 2366 2086 2405 opi-

306 2419 400 2448 nione
428 2426 493 2449 esse
525 2419 776 2457 aeyricudinem.
816 2417 834 2456 ἐ
859 2417 915 2448 8οτ
945 2417 1101 2455 quicquid
1125 2420 1202 2446 esse!
1236 2416 1268 2445 in
1293 2415 1501 2455 aeyrz'ludine
1524 2416 1640 2453 mali,
1676 2416 1715 2446 id
1741 2425 1803 2447 non
1828 2415 1983 2447 naturale
2007 2424 2082 2453 esse,

304 2469 357 2499 sect
375 2469 601 2508 --opinionis
625 2477 738 2498 errore
761 2470 980 2497 contractum.
1018 2467 1034 2506 g
1061 2467 1101 2497 82
1122 2479 1136 2492 n
1165 2466 1217 2495 W.
1248 2482 1282 2486 —
1318 2465 1370 2494 Ἠ.
1398 2467 1502 2495 essent
1526 2465 1563 2496 C.
1599 2465 1695 2505 «Ego
1721 2474 1761 2496 ex
1787 2466 1969 2501 Bernensi,
1996 2464 2081 2507 aliis,

304 2518 439 2549 scribo:
466 2519 492 2548 si
517 2519 601 2548 enim
624 2518 658 2547 in
684 2527 719 2547 re
743 2521 845 2547 esset
871 2520 930 2547 (sc.
959 2516 1040 2546 illud
1063 2516 1189 2546 mallon
1213 2523 1251 2536 Ξ
1274 2516 1301 2545 si
1326 2518 1469 2545 naturae
1492 2518 1585 2545 esset:
1614 2514 1655 2546 cs.
1684 2515 1725 2555 ,ςὲ
1751 2514 1804 2546 54.
1825 2516 1885 2547 67:
1911 2525 1977 2546 non
2000 2524 2084 2546 rem

303 2569 433 2607 ipsam
457 2577 594 2599 eausam
619 2572 717 2606 alque
737 2567 861 2605 fontem
885 2575 949 2597 esse
971 2566 1182 2597 maeroris
1208 2566 1226 2595 i.
1255 2574 1285 2595 e.
1313 2565 1615 2603 aegritudinis.
1651 2564 1668 2604 g
1694 2565 1752 2596 74:
1781 2566 1863 2596 nihil
1885 2574 1952 2596 esse
1975 2565 2015 2596 in
2037 2573 2084 2596 re

303 2618 432 2657 mali),
459 2627 518 2647 cm·
540 2620 653 2657 fieren!
676 2617 812 2656 provisa
836 2617 984 2655 (prot-isa
1009 2615 1230 2646 substantive
1257 2615 1407 2654 positum
1427 2616 1459 2644 et
1478 2614 1688 2653 generaliter
1705 2614 1837 2646 dictum
1855 2626 1893 2639 Ξ
1909 2625 1971 2649 ea,
1999 2623 2083 2654 quae

300 2668 437 2706 provisa
461 2671 579 2701 essent,
607 2676 697 2707 quae
723 2667 813 2696 mala
837 2674 916 2697 esse
942 2673 1021 2695 vum
1048 2674 1089 2695 ex
1115 2667 1184 2695 tota
1211 2664 1445 2703 disputatione
1479 2666 1551 2694 tuin
1586 2673 1623 2694 ex
1651 2665 1732 2694 illud
1755 2665 1880 2695 malurn
1905 2664 2002 2696 facile
2028 2665 2081 2696 in—

305 2715 484 2755 telligit11r2
513 2716 554 2747 cf.
583 2716 601 2756 g
626 2716 684 2747 ⁹28:
716 2716 870 2745 videntur
894 2715 1005 2745 onznia
1037 2714 1258 2753 repentina
1282 2713 1455 2752 yraviora.
1491 2713 1530 2753 gg
1557 2714 1609 2744 30.
1636 2714 1696 2744 52:
1732 2715 1836 2753 quod
1865 2714 2081 2753 provisum

302 2769 378 2796 ante
401 2775 465 2796 non
489 2766 560 2803 sit,
587 2766 621 2796 id
643 2765 744 2803 ferire
766 2764 994 2795 vehementius.
1033 2762 1131 2794 ibid.:
1159 2763 1271 2793 omnia¹
1294 2763 1400 2792 videri
1423 2762 1563 2794 subita
1586 2765 1730 2794 maiora.
1769 2763 1786 2803 ἓ
1811 2765 1870 2795 55:
1897 2764 1961 2794 isla
1984 2771 2081 2794 nec—

302 2817 471 2856 opinata
496 2815 579 2856 cet.)
610 2814 764 2845 leviora?
800 2816 835 2845 ln
870 2815 1002 2844 ratione
1035 2812 1234 2849 afferenda,
1268 2821 1331 2843 cur
1356 2811 1525 2843 iudicaret
1555 2814 1681 2843 malam
1710 2813 1791 2843 illud
1815 2812 1978 2851 opinionis
2001 2819 2079 2850 esse,

301 2876 367 2896 non
390 2870 550 2902 naturae,
579 2863 659 2895 nihil
686 2864 747 2895 fuit
772 2873 834 2895 cur
859 2864 984 2895 Cicero
1010 2865 1042 2894 in
1067 2862 1293 2902 hxpothetica
1319 2863 1493 2893 sententia
1521 2863 1601 2902 (qua
1628 2862 1720 2893 idem
1747 2861 1956 2902 tingebatur,
1984 2859 2079 2899 quod

301 2918 381 2947 ante
408 2917 608 2954 negaverat)
636 2916 768 2945 mutato
794 2913 942 2945 subiecti
972 2921 1119 2943 numero
1146 2921 1187 2943 ex
1210 2912 1338 2942 malum
1361 2911 1472 2942 audiri
1497 2913 1589 2943 mala
1613 2911 1727 2943 senet.
1766 2913 1852 2943 Nan]
1878 2910 1996 2941 Klotzii
2020 2918 2079 2940 ra-

301 2967 451 3001 tionem,
478 2965 535 3004 qui
561 2964 597 2994 Si
620 2964 706 2994 enim
723 2981 740 2986 -
753 2981 769 2986 -
787 2964 912 2994 leviora
926 2962 942 2993 ἶ)
966 2972 982 2993 a
1010 2963 1117 2993 iudico
1134 2979 1152 2984 -
1166 2979 1182 2984 -
1200 2965 1343 2992 naturae
1367 2960 1528 2991 distrahit
1552 2964 1722 3000 essentque
1742 2959 1784 2990 ad
1804 2967 1918 2989 «casus
1934 2962 1963 2989 ει
1979 2966 2079 2990 even-

300 3019 370 3046 lus»
398 3014 519 3050 refert,
546 3013 630 3045 satis
655 3014 718 3043 erit
745 3020 1065 3044 commemorasse:
1093 3013 1150 3052 qui
1169 3011 1262 3052 quod
1288 3012 1415 3042 malum
1438 3011 1583 3051 propius
1601 3020 1679 3042 esse
1698 3011 1765 3047 ait,
1792 3018 1897 3050 quam
1915 3010 1951 3039 ut
1968 3007 2076 3039 libra-

301 3065 371 3096 rius
401 3064 587 3104 quisquam
619 3067 719 3094 essent
745 3072 806 3103 pro
832 3067 909 3094 esset
934 3062 1092 3094 scribere
1123 3062 1292 3103 potuerit,
1320 3059 1423 3091 velini
1450 3060 1563 3091 videat
1590 3061 1634 3098 li,
1662 3061 1700 3091 67
1726 3061 1805 3099 (quo
1829 3060 1911 3090 sint
1935 3058 2079 3097 confu-

299 3113 520 3155 yiendum).
560 3114 613 3149 ΙΙΙ,
640 3113 680 3144 34
706 3113 855 3153 (fruatur
872 3130 918 3135 --
935 3112 1165 3151 sanentur).
1207 3112 1247 3142 55
1273 3110 1366 3150 (feret
1389 3109 1649 3147 incommodum,
1683 3111 1739 3148 qui
1763 3107 2076 3148 aequaverint).

302 3164 355 3200 lv,
374 3164 415 3194 39
440 3164 504 3203 (res
530 3163 642 3193 eadem
665 3163 888 3202 maneant).
916 3163 956 3193 65
978 3162 1026 3202 (in
1049 3164 1119 3192 tota
1143 3161 1271 3191 ratione
1295 3168 1352 3197 ea,
1379 3168 1462 3198 quae
1483 3159 1730 3198 pertinent).
1757 3159 1797 3195 V,
1816 3159 1835 3189 8
1860 3159 2077 3197 (cognitio—-

301 3212 629 3251 traduxissent).
664 3212 702 3242 37
729 3213 844 3251 (neque
867 3215 912 3243 est
936 3212 1050 3249 ullum,
1078 3210 1165 3250 quod
1188 3218 1253 3239 non
1276 3209 1322 3239 ita
1346 3208 1556 3249 viyeant),
1583 3208 1720 3248 aliaque
1746 3205 1920 3239 eiusmodi
1947 3205 2077 3237 menda

301 3272 320 3294 a
345 3262 522 3303 Tregdero
546 3270 581 3302 p.
600 3261 628 3292 X
653 3260 818 3300 collecta,
845 3263 882 3292 ut
906 3261 1025 3292 nostro
1050 3259 1127 3291 loco
1150 3258 1334 3299 frangatur
1359 3258 1454 3298 (R¹J.»
1481 3257 1537 3289 W.
