2249 3624
623 190 712 230 Lm.
735 189 804 230 VI.
845 190 943 231 CAP.
966 188 1247 230 XVII-xx.
1287 187 1346 242 §§
1370 186 1559 229 ’17-21.
1891 189 1972 231 849

211 296 357 340 efficit:
400 309 477 337 nec
520 295 630 335 enim
670 295 837 335 silentio
869 296 971 336 tanti
1005 301 1139 336 motus
1172 296 1333 337 incitari
1366 302 1543 350 possunt
1574 302 1613 336 et
1644 301 1791 336 natura
1822 296 1899 338 fert
1930 304 1972 339 ut

211 366 391 402 extrema
422 371 474 398 ex
505 358 634 398 altera
664 364 780 412 parte
805 360 1006 411 graviter,
1048 372 1100 398 ex
1131 359 1261 398 altera
1292 364 1429 398 autem
1463 365 1581 399 acute
1613 365 1775 399 sonent.
1837 360 1970 409 Quam

212 424 262 464 ob
293 434 459 462 causam
492 434 679 460 summus
720 421 790 460 ille
831 421 932 461 cacli
966 421 1142 461 stellifer
1173 435 1339 469 cursuS‚
1381 422 1499 461 cuius
1532 423 1749 462 conversio
1782 428 1844 462 cst
1875 438 1972 463 con-

209 485 391 530 citatior,
428 489 550 522 acuto
582 489 622 523 et
655 484 840 523 excitato
874 490 1065 523 movetur
1096 498 1224 530 sono,
1268 485 1515 535 gravissimo
1547 492 1683 525 autem
1715 485 1782 525 hic
1815 486 1971 527 lunaris

207 554 330 601 atque
360 545 549 585 intimus:
580 559 675 584 nam
708 551 815 584 terra
847 559 957 585 nona
987 546 1200 585 inmobilis
1233 560 1404 587 manens
1437 561 1517 586 una
1549 548 1648 587 sede
1679 563 1845 602 semper
1874 550 1997 593 hae-5

207 615 282 657 ret,
313 608 534 662 complexa
566 608 750 648 medium
782 607 924 647 muudi
956 608 1109 647 locum.
1162 609 1225 647 Illi
1259 615 1395 649 autem
1429 616 1522 649 octo
1555 625 1713 657 cursus,
1746 613 1785 651 iu
1819 613 1971 666 quibus

207 673 349 712 eadem
382 671 444 710 vis
476 676 538 710 est
569 669 771 716 duorum,
803 676 963 722 septem
995 669 1186 710 efficiunt
1217 671 1434 711 distinctos
1467 673 1694 714 intervallis
1727 688 1868 722 sonos,
1901 676 1970 728 qui

205 747 404 774 numerus
445 746 581 772 rerum
624 733 811 771 oninium
855 731 941 771 fere
982 733 1119 771 nodus
1161 739 1251 781 est,
1296 734 1410 787 quod
1453 735 1561 774 docti
1603 736 1793 777 homines
1834 739 1971 777 nervis

206 796 354 837 imitati
393 800 520 848 atque
564 794 755 834 cantibus
796 800 1054 847 aperuerunt
1091 795 1169 834 sibi
1211 796 1390 836 reditum
1433 795 1474 836 in
1514 797 1624 837 hunc
1666 799 1826 847 locum,
1865 801 1972 840 sicut

204 859 297 907 alii,
335 858 406 911 qui
439 857 746 909 praestantibus
778 857 957 910 ingeniis
998 858 1040 896 in
1071 858 1155 897 vita
1185 857 1367 898 humana
1399 859 1539 899 divina
1570 861 1707 901 studia
1739 863 2020 904 coluerunt.io

206 919 270 960 ⁴9.
313 921 402 960 Hoc
442 920 583 960 sonitu
625 919 820 972 oppletae
859 932 981 959 aures
1022 920 1237 959 hominum
1275 920 1609 962 obsurduerunt:
1656 937 1731 963 nec
1770 931 1831 964 est
1862 926 1970 965 ullus

205 984 399 1024 hebetior
430 996 579 1023 sensus
610 982 651 1021 in
685 982 821 1029 vobis,
855 982 974 1029 sicut,
1007 982 1076 1021 ubi
1104 982 1223 1022 Nilus
1255 983 1307 1022 ad
1339 983 1431 1031 illa,
1464 998 1568 1037 quae
1592 985 1806 1039 Catadupa
1837 989 1972 1027 nonii-

204 1052 369 1093 nantur,
401 1045 704 1099 praecipitatur
734 1057 783 1083 ex
817 1044 1031 1084 altissimis
1063 1045 1287 1093 montibus,
1320 1059 1368 1085 ea
1399 1060 1514 1098 gens,
1547 1061 1654 1100 quae
1685 1049 1800 1088 illum
1834 1049 1970 1090 locum

204 1109 381 1157 adcolit,
422 1114 594 1162 propter
637 1107 965 1160 magnitudinem
997 1108 1161 1147 sonitus
1193 1121 1318 1148 sensu
1350 1108 1548 1149 audiendi
1581 1116 1705 1150 caret.
1766 1112 1842 1151 llic
1872 1126 1969 1152 vero

205 1177 343 1212 tantus
375 1177 438 1211 est
468 1171 598 1211 totius
630 1170 775 1210 mundi
806 1170 1097 1210 incitatissima
1127 1172 1400 1211 conversione
1432 1172 1615 1219 sonitus,
1646 1178 1692 1212 ut
1723 1187 1815 1214 eum
1847 1188 1970 1214 aures
1985 1187 2020 1215 45

203 1234 420 1274 hominum
461 1245 609 1286 capere
654 1246 737 1272 non
779 1233 967 1286 possint,
1015 1232 1121 1272 sicut
1160 1233 1313 1273 intueri
1355 1234 1485 1274 solem
1527 1234 1747 1275 adversum
1790 1238 1970 1291 nequitis

205 1298 382 1350 eiusque
419 1295 547 1335 radiis
586 1295 698 1335 acies
729 1300 866 1334 vestra
897 1308 1130 1347 sensusque
1162 1295 1355 1336 vincitur.
1414 1296 1527 1336 Haec
1558 1310 1635 1349 ego
1667 1297 1876 1339 admirans
1907 1313 1971 1340 re-

204 1360 386 1400 ferebam
418 1365 555 1398 tamen
588 1358 734 1398 oculos
765 1356 815 1397 ad
848 1363 999 1398 terram
1031 1357 1272 1398 identidem.

316 1421 430 1461 xlx.
461 1419 557 1474 (Vl.)
590 1418 656 1459 ΞΟ.
689 1421 795 1460 Tum
816 1419 1061 1460 Africanus:
1095 1421 1250 1469 Sentio,
1281 1422 1432 1476 inquit,
1464 1428 1504 1464 te
1535 1424 1676 1464 sedem
1709 1424 1833 1464 etiam
1862 1439 1971 1465 nunc

204 1485 419 1526 hominum
449 1498 497 1524 ac
529 1484 696 1523 domum
729 1483 1032 1536 contemplari:
1068 1497 1173 1538 quae
1206 1485 1239 1524 si
1272 1484 1347 1524 tibi
1379 1499 1520 1538 parva,
1551 1492 1597 1525 ut
1627 1492 1703 1533 est,
1736 1483 1823 1540 [ita]
1856 1487 2020 1526 vide-‘20

206 1553 293 1596 tur,
325 1548 428 1587 haec
460 1547 655 1587 caelestia
686 1559 852 1599 semper
882 1551 1090 1600 spectato,
1122 1546 1195 1586 illa
1225 1546 1408 1587 humana
1438 1549 1709 1588 contemnito.
1769 1551 1831 1589 Tu
1863 1552 1970 1591 enim

207 1623 332 1665 quam
370 1609 655 1650 celebritatem
704 1609 906 1648 sermonis
955 1608 1175 1648 hominum
1221 1615 1292 1649 aut
1329 1623 1453 1663 quam
1491 1612 1767 1664 expetendam
1799 1613 1970 1666 gloriam

206 1673 411 1727 consequi
441 1673 588 1725 potes?
644 1671 767 1711 Vides
799 1671 977 1711 habitari
1010 1671 1053 1710 in
1084 1676 1194 1711 terra
1223 1672 1327 1711 raris
1359 1678 1399 1712 et
1430 1673 1617 1726 angustis
1649 1674 1692 1712 in
1724 1674 1827 1715 locis
1859 1682 1900 1715 et
1929 1677 1972 1716 in

206 1735 308 1788 ipsis
341 1734 461 1789 quasi
494 1733 681 1780 maculis,
713 1734 785 1773 ubi
816 1733 1038 1780 habitatur,
1070 1739 1210 1774 vastas
1243 1735 1488 1775 solitudines
1519 1737 1769 1785 interiectas,
1801 1751 1974 1792 eosque,

209 1797 281 1850 qui
312 1797 501 1836 incolunt
531 1803 695 1843 terram,
726 1809 811 1835 non
843 1795 968 1835 modo
1000 1795 1257 1848 interruptos
1288 1797 1344 1836 ita
1376 1811 1482 1844 esse,
1512 1804 1559 1837 ut
1588 1798 1691 1837 nihil
1723 1800 1831 1840 inter
1860 1802 1973 1854 ipsos
1986 1810 2022 1839 25

205 1858 257 1898 ab
287 1858 381 1898 aliis
411 1858 463 1898 ad
495 1859 597 1898 alios
630 1871 797 1898 manare
829 1858 975 1912 possit,
1007 1857 1081 1897 sed
1112 1859 1257 1911 partim
1290 1858 1498 1913 obliquos,
1529 1863 1675 1915 partim
1700 1867 1973 1910 transversos,

205 1921 356 1974 partim
399 1922 524 1961 etiam
564 1920 762 1961 adversos
803 1927 913 1961 stare
954 1920 1092 1968 vobis,
1132 1934 1156 1961 a
1187 1922 1340 1975 quibus
1382 1929 1626 1977 exspectare
1658 1924 1830 1976 gloriam
1863 1932 1973 1966 certe

206 1982 364 2023 nullam
396 1984 587 2037 potestis.

320 2047 414 2086 XX.
455 2044 522 2085 21.
565 2045 710 2086 Cernis
742 2050 879 2086 autem
912 2045 1089 2086 eandem
1121 2050 1271 2086 terram
1305 2048 1425 2100 quasi
1458 2048 1707 2101 quibusdam
1739 2049 1974 2091 redimitam

208 2114 249 2149 et
278 2109 576 2150 circumdatam
616 2108 822 2161 cingulis,
863 2122 884 2148 e
925 2109 1078 2162 quibus
1116 2108 1219 2148 duos
1259 2110 1438 2150 maxime
1479 2111 1585 2150 inter
1625 2125 1669 2151 se
1707 2111 1895 2153 diversos
1934 2120 2025 2153 et30

208 2172 313 2212 caeli
343 2171 569 2212 verticibus
601 2171 702 2224 ipsis
735 2183 787 2210 ex
819 2176 998 2224 utraque
1030 2176 1147 2223 parte
1179 2172 1384 2212 subnixos
1417 2172 1650 2226 obriguisse
1672 2175 1820 2227 pruina
1843 2175 1974 2223 vides,

208 2233 391 2274 medium
422 2240 561 2274 autem
593 2233 711 2273 illum
742 2238 784 2273 et
814 2234 1043 2274 maximum
1073 2234 1173 2274 solis
1204 2234 1353 2274 ardore
1386 2236 1546 2275 torreri.
1605 2236 1698 2276 Duo
1730 2243 1827 2277 sunt
1856 2237 1977 2278 habi-

306 2426 337 2457 l.
364 2424 449 2456 enim
479 2433 549 2456 om.
576 2423 615 2455 R¹
659 2441 694 2447 —
738 2423 770 2456 Ξ.
796 2427 948 2455 eoetrema
972 2433 1121 2464 quaeque
1144 2425 1168 2456 T
1207 2442 1241 2448 —-
1286 2434 1329 2458 esc
1353 2426 1410 2457 all.
1434 2435 1470 2466 p.
1495 2427 1647 2466 qrauiter
1675 2427 1755 2459 add.
1784 2429 1815 2459 in
1842 2429 1866 2459 T
1891 2438 1936 2460 m.
1958 2430 1976 2461 2

208 2472 242 2505 in
267 2482 376 2515 marg.
405 2491 439 2496 —
467 2473 498 2505 3.
525 2473 659 2513 stellifer
682 2473 764 2504 caeli
788 2474 821 2505 M
847 2491 882 2496 —
915 2483 1030 2505 cursus
1055 2483 1124 2506 om.
1145 2476 1188 2506 Μ1
1227 2492 1262 2498 -—
1300 2475 1331 2507 4.
1358 2480 1455 2507 acuto
1479 2480 1508 2507 el
1531 2485 1601 2508 exc.
1630 2477 1707 2508 EF:
1733 2482 1828 2509 acute
1851 2482 1880 2509 el
1903 2488 1975 2511 exc.

207 2523 354 2561 MRPT,
380 2527 475 2555 acute
497 2532 570 2555 exc.
597 2524 701 2555 Macr.
735 2523 836 2554 codd.
864 2523 938 2555 sere
963 2532 1088 2555 omnes
1116 2542 1150 2546 —
1177 2526 1207 2556 5.
1234 2534 1304 2556 una
1328 2526 1372 2557 C:
1399 2526 1468 2557 ima
1493 2526 1518 2558 Ο
1545 2528 1579 2557 et
1603 2526 1701 2558 multi
1725 2528 1829 2559 codd.
1856 2530 1976 2568 Macr.;

207 2573 293 2604 Lud.
320 2573 364 2605 de
390 2574 448 2605 Ian
473 2573 609 2605 confert
632 2574 740 2605 Macr.
766 2574 807 2611 ΙΙ,
834 2572 865 2611 4,
891 2574 927 2604 7:
965 2577 1000 2605 ul
1023 2583 1128 2605 causa
1150 2575 1192 2606 sit
1215 2578 1325 2606 terrae
1347 2577 1380 2606 in
1404 2585 1473 2607 una
1496 2576 1568 2607 sede
1590 2585 1717 2616 semper
1739 2578 1896 2609 haerendi
1920 2589 1977 2611 nec

206 2622 242 2653 in
264 2623 442 2662 quamlibet
460 2626 594 2662 partem
611 2623 828 2662 permittatur
851 2624 987 2654 moveri.
1018 2640 1052 2645 —
1086 2624 1117 2654 6.
1144 2624 1251 2655 locum
1273 2625 1387 2655 mundi
1411 2626 1441 2656 M
1468 2642 1502 2646 —
1529 2625 1582 2656 ille
1608 2624 1641 2656 F¹
1669 2644 1702 2648 —
1731 2630 1841 2658 autem
1864 2637 1933 2660 om.
1955 2631 1977 2661 Ρ

210 2688 247 2696 ·-
273 2673 303 2704 7.
329 2677 375 2704 esl
398 2674 540 2704 duorum
563 2674 668 2704 Macr.
697 2672 801 2704 codd.
828 2672 1007 2714 plerique,
1040 2673 1086 2705 Μ2
1109 2676 1143 2705 et
1168 2676 1192 2706 T
1215 2683 1292 2715 sup.
1312 2674 1370 2706 lin.
1398 2684 1444 2706 111.
1464 2676 1502 2706 ‘21
1540 2678 1586 2706 est
1608 2677 1781 2707 modorum
1806 2677 1977 2718 EM¹PT¹‚

207 2723 259 2753 uis
281 2726 327 2754 εει
350 2723 491 2754 duorum
514 2723 688 2753 modorum
713 2724 734 2754 F
762 2722 816 2762 (de
843 2723 910 2754 hoc
935 2723 1065 2754 erravit
1090 2725 1173 2763 Ian),
1200 2725 1252 2755 uis
1274 2725 1448 2755 modorum
1471 2729 1516 2756 est
1540 2726 1563 2756 R
1593 2743 1627 2748 —
1655 2726 1684 2756 9.
1707 2735 1867 2766 aperuere
1891 2731 1914 2760 P
1941 2746 1976 2750 —

209 2773 262 2804 Η.
286 2773 355 2804 Hoc
371 2790 421 2796 --
437 2772 679 2803 obsurduerunt
704 2780 772 2803 om.
794 2773 818 2803 P
853 2789 896 2794 —
931 2774 983 2804 ⁴2.
1010 2774 1044 2804 in
1068 2774 1160 2805 nobis
1185 2775 1219 2805 F¹
1248 2793 1281 2796 —
1318 2775 1373 2805 ubi
1397 2776 1481 2805 sicul
1505 2776 1538 2813 F,
1565 2775 1627 2806 sed
1653 2775 1734 2806 add.
1762 2785 1808 2808 m.
1828 2777 1847 2807 ⁰2
1873 2778 1978 2818 signis

210 2822 461 2863 transponendi
500 2839 534 2844 —
572 2822 741 2861 catadupa
767 2820 800 2852 1³¹
827 2822 921 2861 (satis
946 2822 1119 2862 distincte)
1152 2825 1186 2854 ct
1216 2824 1298 2856 MP:
1336 2825 1527 2864 cataduppa
1552 2825 1689 2857 [ΞΡ-’ΒΤ
1727 2844 1761 2848 ——
1801 2826 1853 2857 «¹3.
1876 2837 1980 2866 prae-

209 2872 370 2910 cipitatur
393 2872 512 2903 EFR‘2:
537 2871 738 2911 praecipitat
762 2870 984 2909 21P(5>)R¹To
1022 2890 1057 2895 -
1094 2873 1201 2903 locum
1232 2882 1301 2904 om.
1325 2874 1375 2910 M,
1410 2875 1433 2904 R
1461 2873 1567 2904 habet
1591 2875 1623 2905 in
1649 2883 1759 2915 marg.
1788 2877 1799 2905 ⁴
1824 2884 1869 2907 m.
1897 2879 1978 2908 ante

209 2920 303 2951 illum
339 2938 373 2943 -—
411 2922 464 2952 47.
489 2922 644 2960 uisusque
668 2922 704 2952 F2
727 2922 761 2952 et
786 2922 810 2952 R
835 2921 868 2951 in
894 2930 1019 2961 marg,
1046 2923 1129 2953 item
1155 2923 1179 2953 1⁴:
1206 2931 1250 2953 m.
1270 2932 1323 2963 pr.
1350 2932 1426 2964 sup.
1447 2923 1506 2954 lin.
1532 2941 1574 2946 —
1599 2933 1676 2964 erqo
1701 2923 1738 2956 R¹
1766 2942 1799 2948 —
1826 2926 1980 2958 reuerbe-

210 2974 310 3001 ratur
331 2978 402 3002 var.
425 2970 505 3002 lect.
532 2972 565 3002 in
590 2972 611 3002 F
637 2980 715 3011 sup.
735 2970 793 3001 lin.
824 2986 858 2992 —
887 2974 997 3002 lamen
1020 2972 1201 3011 referebam
1226 2973 1250 3004 E
1276 2989 1310 2994 —
1340 2974 1391 3003 49.
1418 2974 1524 3014 inquil
1547 2975 1648 3005 sentio
1673 2975 1694 3005 F
1721 2992 1755 2996 —
1783 2977 1883 3007 eciam
1907 2986 1977 3009 om.

212 3019 237 3050 P
262 3036 298 3042 —
323 3020 378 3051 20.
404 3023 502 3060 alque
526 3021 551 3052 E
588 3036 623 3043 -
662 3021 715 3051 2¹.
742 3028 867 3059 semper
890 3021 1043 3052 caelestia
1067 3022 1103 3059 R,
1130 3021 1193 3053 sed
1219 3021 1301 3052 add.
1328 3022 1433 3061 signis
1458 3024 1739 3063 transpositionis
1766 3043 1801 3048 —
1835 3030 1981 3057 conlem-

211 3068 280 3099 nito
304 3069 328 3100 T
352 3077 444 3101 corr.
471 3078 513 3101 ex
536 3070 754 3108 contemplato
783 3086 816 3090 —
843 3072 912 3100 tum
934 3070 1021 3101 enim
1044 3072 1070 3102 R
1107 3087 1144 3093 —
1182 3072 1235 3102 22.
1263 3080 1364 3110 quam
1390 3074 1480 3112 (post
1496 3073 1591 3111 enim)
1617 3082 1686 3104 om.
1707 3074 1731 3104 E
1759 3091 1794 3097 -
1820 3075 1873 3106 23.
1901 3084 1980 3106 con-

212 3118 302 3156 sequi
325 3118 467 3158 gloriam
492 3119 558 3150 MR
595 3136 630 3140 —
672 3119 764 3149 Vides
781 3135 797 3140 —
813 3136 830 3140 -
846 3118 935 3149 vides
960 3120 1011 3159 (p.
1026 3119 1100 3158 850,
1121 3120 1157 3157 7)
1184 3120 1291 3152 Macr.
1318 3121 1364 3159 11,
1392 3122 1423 3159 5,
1451 3123 1462 3152 4
1493 3130 1571 3162 sqq.
1612 3140 1647 3145 -—
1685 3123 1719 3153 in
1743 3127 1833 3155 terra
1858 3133 1927 3156 om.
1948 3125 1980 3157 M

217 3183 252 3189 —
278 3167 311 3198 in
335 3167 412 3199 locis
436 3169 480 3200 C:
508 3168 586 3200 locis
609 3170 634 3200 O
659 3177 739 3200 cuin
765 3168 870 3199 Macr.
900 3185 935 3190 —-
961 3169 996 3198 in
1020 3177 1096 3208 sup.
1115 3167 1173 3199 lin.
1201 3170 1226 3199 R
1254 3186 1288 3191 —
1323 3169 1376 3200 ⁶24.
1403 3178 1519 3208 eosque
1543 3172 1619 3202 EP:
1645 3172 1764 3211 hosque
1788 3174 1879 3204 FMR
1891 3174 1915 3204 T
1943 3191 1977 3196 —-

213 3215 268 3247 25.
292 3215 437 3248 incolunt
460 3216 565 3249 codd.
591 3218 711 3249 Macr.:
738 3217 882 3247 incolant
908 3216 931 3248 C
967 3235 1010 3239 —
1044 3218 1098 3249 26.
1123 3226 1264 3248 manare
1288 3218 1329 3255 R,
1362 3218 1425 3249 scd
1449 3227 1525 3259 sup.
1553 3219 1610 3251 lin.
1636 3230 1749 3253 meare
1787 3240 1820 3244 —
1856 3223 1981 3261 partim

215 3267 422 3297 transuersos
445 3267 485 3298 F:
511 3275 582 3298 om.
600 3266 766 3298 EMPRT
792 3283 828 3288 —
855 3266 908 3297 27.
935 3270 1111 3306 expectare
1134 3267 1304 3298 EPF²R2¹1
1331 3271 1479 3306 spectare
1502 3269 1660 3302 F¹MR¹T
1685 3287 1720 3292 —
1748 3271 1800 3303 32.
1819 3271 1883 3302 duo
1907 3274 1982 3303 sunl

216 3312 319 3345 codd.
346 3315 440 3354 (item
456 3316 596 3357 Macr.):
628 3316 708 3348 duos
732 3316 757 3347 Ο
783 3332 819 3338 -

271 3379 390 3411 ormo
415 3381 451 3411 r.
469 3381 521 3413 iv.
1586 3379 1640 3422 54
