2249 3624
288 221 368 264 664-
1007 223 1076 263 DE
1110 223 1335 263 OFFICIIS

288 335 433 371 nostra
465 344 506 370 re
537 329 704 382 publica
735 343 819 369 non
852 329 987 369 solum
1018 328 1260 376 seditiones,
1293 329 1365 369 sed
1398 329 1517 369 etiam
1539 329 1738 382 pestifera
1758 330 1869 371 bella
1891 332 2050 373 civilia:

291 407 398 449 quae
430 393 565 446 gravis
599 397 639 432 et
669 391 788 431 fortis
820 392 921 431 civis
961 396 1001 431 et
1036 392 1078 430 in
1109 404 1153 430 re
1185 391 1352 444 publica
1384 391 1533 444 dignus
1564 392 1802 446 principatu
1832 393 1963 447 fugiet
1992 401 2053 436 at-

291 471 373 511 que
415 455 549 496 oderit
588 454 811 506 tradetque
855 467 897 493 se
936 459 1067 494 totum
1108 455 1167 494 rei
1199 454 1391 507 publicae
1422 468 1558 508 neque
1592 468 1693 508 opes
1723 461 1795 496 aut
1824 458 2053 509 potentiam

291 518 602 559 consectabitur
632 522 844 570 totamque
877 530 968 557 eam
1000 517 1058 556 sic
1088 517 1286 564 tuebitur,
1317 523 1363 557 ut
1384 517 1579 557 omnibus
1601 518 1805 558 consulat.
1847 520 1933 559 Nec
1954 533 2052 561 vero

259 580 532 626 5criminibus
571 579 688 619 falsis
724 580 767 619 in
808 579 951 620 odium
985 586 1057 620 aut
1086 580 1287 620 invidiam
1320 593 1570 634 quemquam
1603 581 1766 621 vocabit
1796 582 2053 635 omninoque

288 643 343 682 ita
375 642 554 682 iustitiae
594 640 889 696 honestatique
926 642 1215 689 adhaerescet,
1261 648 1326 690 ut,
1371 642 1469 683 dum
1501 656 1548 683 ea
1579 649 1820 692 conservet,
1863 645 2053 698 quamvis

288 705 468 757 graviter
498 705 682 744 offendat
713 711 974 759 mortemque
1008 711 1180 758 oppetat
1210 706 1348 759 potius
1380 719 1503 760 quam
1529 706 1692 746 deserat
1714 707 1798 755 illa,
1821 721 1928 761 quae
1951 707 2052 748 dixi.

287 766 352 806 87.
385 767 615 807 Miserrima
647 769 816 807 omniuo
849 774 912 808 est
942 769 1112 808 ambitio
1142 768 1433 822 honorumque
1466 770 1700 816 contentio,
1741 769 1792 809 de
1823 784 1904 824 qua
1935 784 2054 825 prae-

288 831 396 870 clare
437 830 546 883 apud
589 830 766 870 eundem
810 837 872 871 est
910 831 1156 878 Platonem,
1205 832 1431 871 «similiter
1462 831 1600 871 facere
1632 845 1724 880 eos,
1767 834 1837 886 qui
1870 834 1977 873 inter
2008 847 2053 874 se

239 912 273 940 40
288 894 609 940 contenderent,
642 899 732 933 uter
762 895 901 946 potius
934 908 1018 933 rem
1052 894 1259 947 publicam
1291 895 1612 941 administraret,
1643 900 1688 934 ut
1719 895 1752 934 si
1785 901 1933 936 nautae
1965 909 2053 936 cer-

288 960 434 1002 tarent,
467 956 558 1008 quis
591 969 734 995 eorum
758 957 1018 1008 potissimum
1043 957 1330 1009 gubernaret.»
1394 957 1597 1010 Idemque
1628 958 1833 1012 praecipit
1868 963 1914 998 ut
1954 972 2052 999 «eos

286 1016 547 1057 adversarios
588 1019 901 1066 existimemus,
948 1020 1018 1072 qui
1059 1033 1173 1059 arma
1214 1025 1356 1058 contra
1396 1019 1553 1065 ferant,
1599 1032 1680 1059 non
1725 1033 1819 1068 eos,
1860 1020 1931 1074 qui
1976 1035 2052 1063 suo

287 1080 441 1120 iudicio
474 1081 579 1120 tueri
613 1094 699 1120 rem
733 1082 939 1133 publicam
973 1082 1147 1129 velint,›)
1182 1082 1316 1136 qualis
1347 1081 1428 1121 fuit
1457 1082 1566 1121 inter
1594 1082 1636 1121 P.
1655 1081 1897 1123 Africanum
1929 1088 1970 1124 et
2002 1084 2052 1132 Q.

286 1143 499 1183 Metellum
533 1144 621 1182 sine
653 1144 874 1183 acerbitate
907 1145 1129 1184 dissensio.

238 1223 272 1251 45
399 1204 465 1245 88.
506 1207 590 1245 Nec
634 1220 731 1246 vero
775 1207 974 1247 audiendi
1018 1208 1089 1259 qui
1128 1205 1307 1254 graviter
1345 1207 1522 1246 inimicis
1553 1208 1816 1248 irascendum
1849 1208 2055 1262 putabunt

286 1269 412 1322 idque
445 1269 696 1319 magnanimi
740 1276 779 1309 et
819 1270 938 1309 fortis
979 1271 1056 1310 viri
1088 1284 1179 1310 esse
1211 1270 1463 1316 censebunt;
1508 1270 1615 1310 nihil
1647 1273 1756 1311 enim
1788 1269 2051 1317 laudabilius,

287 1331 390 1371 nihil
425 1345 571 1384 magno
604 1338 644 1372 et
676 1332 888 1385 praeclaro
920 1334 1006 1373 viro
1042 1333 1208 1385 dignius
1240 1333 1521 1385 placabilitate
1552 1339 1680 1387 atque
1712 1334 1948 1374 clementia.
2006 1334 2055 1375 In

286 1395 427 1434 liberis
458 1408 556 1435 vero
589 1396 755 1449 populis
799 1401 839 1435 et
870 1396 911 1435 in
943 1397 1044 1435 iuris
1076 1396 1372 1449 aequabilitate
1406 1396 1642 1435 exercenda
1673 1397 1796 1437 etiam
1829 1401 1891 1436 est
1920 1395 2055 1436 facili-

286 1462 348 1496 tas
387 1463 428 1497 et
467 1458 643 1498 altitudo
685 1460 811 1498 animi
852 1472 959 1512 quae
999 1458 1172 1505 dicitur,
1214 1472 1288 1505 ne,
1330 1458 1364 1497 si
1395 1458 1624 1497 irascamur
1663 1464 1732 1498 aut
1761 1458 2054 1511 intempestive

237 1537 273 1564 -20
287 1520 582 1560 accedentibus
614 1526 684 1561 aut
715 1522 971 1575 inpudenter
1001 1521 1262 1573 rogantibus,
1285 1521 1326 1560 in
1351 1520 1637 1560 morositatem
1658 1520 1852 1560 inutilem
1875 1525 1916 1560 et
1937 1519 2055 1561 odio-

287 1596 373 1622 sam
405 1583 648 1623 incidamus.
707 1585 760 1624 Et
791 1591 929 1624 tamen
961 1586 1017 1624 ita
1050 1583 1264 1637 probanda
1290 1589 1352 1623 est
1375 1584 1648 1624 mansuetudo
1671 1590 1798 1638 atque
1820 1584 2054 1631 clementia,

288 1652 332 1686 ut
363 1646 610 1686 adhibeatur
641 1648 700 1686 rei
734 1648 926 1700 publicae
958 1661 1082 1687 causa
1115 1647 1329 1693 severitas,
1362 1648 1451 1687 sine
1486 1660 1568 1700 qua
1601 1647 1884 1687 administrari
1907 1647 2053 1687 civitas

287 1722 371 1747 non
406 1713 553 1760 potest.
615 1709 760 1749 Omnis
792 1717 929 1750 autem
963 1716 1003 1749 et
1034 1709 1339 1750 animadversio
1382 1715 1421 1749 et
1453 1710 1668 1763 castigatio
1702 1710 1953 1750 contumelia
1983 1723 2054 1750 va-

288 1785 380 1810 care
413 1771 536 1810 debet
569 1785 702 1824 neque
735 1773 784 1812 ad
818 1774 921 1820 eius,
954 1774 1026 1827 qui
1059 1773 1231 1826 punitur
1262 1772 1446 1825 aliquem
1480 1778 1550 1812 aut
1583 1773 1718 1812 verbis
1750 1772 1947 1825 castigat,
1979 1771 2054 1812 sed

237 1833 338 1877 25ad
380 1833 438 1872 rei
480 1834 673 1887 publicae
711 1836 930 1875 utilitatem
973 1835 1132 1876 referri.
1201 1833 1267 1874 89.
1309 1834 1548 1875 Cavendum
1589 1840 1653 1874 est
1684 1835 1807 1875 etiam
1838 1848 1890 1874 ne
1922 1835 2054 1874 maior

288 1909 425 1948 poena
467 1910 592 1949 quam
635 1899 757 1951 culpa
798 1899 851 1938 sit
892 1905 931 1938 et
971 1913 1022 1938 ne
1065 1898 1198 1937 isdem
1242 1897 1292 1936 de
1324 1898 1463 1937 causis
1495 1897 1566 1937 alii
1598 1897 1856 1950 plectantur,
1898 1897 2054 1937 aliine

287 1959 552 2010 appellentur
594 1960 777 2013 quidem.
846 1961 1111 2000 Prohibenda
1150 1966 1289 1999 autem
1333 1961 1513 2000 maxime
1553 1966 1617 1999 est
1655 1961 1717 1999 ira
1747 1960 1790 1999 in
1823 1959 2053 2013 puniendo.

286 2022 522 2074 Numquam
555 2024 664 2062 enim
698 2024 826 2063 iratus
860 2025 930 2077 qui
963 2023 1134 2063 accedet
1165 2022 1217 2062 ad
1249 2036 1424 2075 poenam
1451 2022 1781 2062 mediocritatem
1803 2021 1916 2062 illam
1937 2027 2055 2062 tene-

286 2084 366 2131 bit,
399 2099 505 2137 quae
538 2092 600 2125 est
631 2088 738 2126 inter
769 2087 943 2127 nimium
978 2094 1018 2126 et
1049 2099 1213 2139 parum,
1246 2098 1352 2137 quae
1384 2085 1519 2138 placet
1549 2084 1837 2138 Peripateticis
1870 2089 1911 2124 et
1941 2089 2054 2125 recte

237 2163 273 2191 30
288 2147 437 2200 placet,
470 2148 594 2188 modo
629 2162 679 2188 ne
711 2148 930 2189 laudarent
960 2149 1217 2189 iracundiam
1241 2153 1280 2187 et
1303 2148 1489 2188 dicerent
1513 2148 1668 2188 utiliter
1689 2161 1712 2187 a
1733 2152 1880 2187 natura
1901 2148 2052 2188 datam.

286 2211 361 2249 Illa
394 2225 490 2250 vero
523 2212 715 2251 omnibus
747 2212 788 2250 in
820 2212 944 2251 rebus
976 2211 1238 2264 repudianda
1270 2217 1332 2251 est
1363 2211 1680 2265 optandumque
1707 2216 1754 2250 ut
1774 2211 1817 2258 ii,
1839 2211 1910 2264 qui
1934 2223 2054 2264 prae-

288 2279 383 2313 sunt
414 2274 473 2312 rei
506 2273 719 2328 publicae,
767 2274 905 2325 legum
937 2274 1094 2314 similes
1127 2274 1230 2321 sint,
1264 2286 1370 2327 quae
1402 2274 1453 2313 ad
1486 2273 1745 2328 puniendum
1775 2287 1860 2314 non
1889 2275 2053 2315 iracun-

288 2336 373 2384 dia,
408 2336 479 2376 sed
512 2337 722 2390 aequitate
755 2336 975 2376 ducuntur.

374 2512 402 2541 1.
430 2511 607 2542 sediciones
630 2519 691 2541 non
717 2510 819 2541 sotum
845 2518 863 2540 c
899 2528 932 2532 —
966 2510 1122 2548 pestifera
1146 2510 1245 2540 etiam
1270 2517 1288 2540 o
1324 2526 1357 2531 —-
1395 2509 1426 2539 Ξ.
1454 2516 1540 2548 quae
1563 2508 1677 2548 qravis
1699 2511 1728 2539 el
1750 2508 1846 2548 fortis
1868 2507 1942 2547 quis
1964 2510 1995 2539 et
2016 2507 2052 2538 in

283 2569 319 2591 re
340 2561 473 2599 publica
497 2562 615 2601 dignas
635 2561 860 2599 principatum
882 2559 985 2598 fugiet
1001 2563 1099 2597 atque
1115 2559 1218 2589 oder-tc
1235 2558 1364 2589 Nonius
1382 2566 1415 2598 p.
1432 2557 1506 2588 315.
1532 2573 1563 2579 -
1592 2558 1623 2589 3.
1644 2566 1680 2589 re
1697 2567 1740 2596 .p.
1762 2559 1785 2589 Β
1807 2575 1842 2580 -
1868 2559 1899 2588 5.
1920 2557 2052 2589 omnino

284 2611 330 2641 ito
357 2619 374 2641 c
413 2629 446 2634 —
489 2612 519 2642 6.
546 2610 733 2642 adhaerebit
758 2618 775 2640 c
809 2626 844 2631 —-
884 2612 1053 2639 conseruet
1077 2617 1171 2647 quem
1196 2608 1244 2638 uis
1269 2617 1289 2640 a
1329 2626 1358 2632 —
1400 2609 1431 2640 7.
1458 2612 1595 2639 mortem
1617 2612 1748 2647 oppetat
1771 2617 1812 2648 p3
1850 2612 2052 2647 mortemque

284 2664 417 2699 appetat
442 2670 459 2692 c
487 2678 521 2683 —
555 2661 585 2692 8.
612 2660 799 2691 miserrima
825 2659 955 2690 omnino
979 2659 1113 2689 ambitio
1138 2661 1181 2688 est
1205 2657 1430 2699 bonorumque
1453 2658 1613 2689 contentio
1637 2659 1769 2689 Nonius
1793 2666 1826 2698 p.
1846 2657 1920 2689 259.
1950 2675 1984 2680 —
2017 2657 2048 2689 9.

280 2710 447 2749 platonem
473 2714 517 2741 est
541 2719 557 2741 c
596 2727 630 2732 -—
671 2710 722 2742 40.
748 2709 831 2750 uter]
858 2713 892 2739 ¹at
916 2717 934 2740 c
971 2725 1005 2730 —
1046 2709 1096 2739 44.
1121 2709 1287 2747 potissime
1312 2716 1329 2739 c
1372 2726 1401 2732 —
1439 2708 1609 2748 praecepit
1633 2715 1651 2738 c
1676 2726 1718 2730 —
1754 2708 1804 2738 ⁴⁵2.
1830 2707 1941 2747 ferunt
1965 2714 1984 2738 c
2007 2725 2050 2731 —

285 2760 337 2791 43.
365 2763 387 2791 A
408 2760 528 2792 litteris
554 2769 571 2791 ο
589 2762 672 2792 tueri
696 2769 818 2791 rursus
844 2760 983 2800 antiqua
1011 2766 1136 2789 manus
1162 2757 1278 2798 incipit
1304 2757 1336 2788 in
1362 2766 1380 2788 ο
1408 2775 1443 2779 -
1471 2758 1523 2788 45.
1541 2765 1600 2787 nec
1622 2766 1700 2788 vero
1724 2758 1878 2788 audiendi
1902 2757 2052 2798 yraviter

285 2812 340 2849 qui
365 2812 503 2841 inimicis
528 2811 735 2841 irascendum
754 2813 875 2849 putant
899 2810 1085 2848 Nonius—p.
1103 2805 1176 2838 314.
1207 2824 1241 2828 —-
1269 2808 1424 2838 audiendi
1447 2810 1521 2837 sunt
1545 2807 1599 2846 qui
1624 2815 1642 2838 c
1671 2825 1704 2829 -
1739 2807 1881 2839 inimicis
1903 2808 2052 2839 irascen-

285 2860 359 2889 dum
386 2861 409 2890 C
438 2861 551 2899 (etiam
578 2860 625 2897 al:
663 2860 871 2890 irascendum
896 2859 1036 2889 inimicis
1061 2866 1079 2889 o
1118 2874 1153 2879 -
1195 2857 1246 2887 47.
1274 2856 1384 2897 atque]
1410 2861 1438 2889 et
1464 2865 1481 2888 0
1520 2875 1555 2879 —
1595 2857 1645 2888 48.
1674 2857 1859 2888 exercenda
1883 2858 1982 2888 etiam
2005 2859 2051 2888 est

282 2909 428 2947 facilitas
451 2913 479 2939 et
504 2909 642 2939 altitudo
666 2908 770 2939 anirm‘
794 2909 925 2939 Nonius
951 2917 983 2948 p.
1000 2906 1074 2938 ⁵294.
1104 2923 1136 2927 —
1169 2906 1219 2937 ⁴9.
1247 2906 1384 2937 altitudo
1410 2906 1585 2938 ABHab:
1615 2907 1758 2937 lenitudo
1783 2914 1846 2938 co.
1885 2906 1956 2938 «Cf.
1977 2907 2048 2938 Cic.

284 2957 327 2988 ad
355 2957 459 2989 famil.
487 2959 547 2994 Ill,
568 2959 618 2995 110,
641 2959 690 2990 40.
733 2958 952 2995 significatur
975 2958 1093 2987 autem
1118 2965 1187 2987 non
1213 2964 1361 2995 magnus
1387 2957 1542 2994 animus,
1569 2956 1632 2988 sed
1657 2956 1870 2997 profundus,
1897 2956 1955 2997 qui
1980 2965 2049 2988 non

285 3006 382 3038 facile
409 3010 571 3038 mouetur
599 3010 657 3039 aut
682 3009 730 3039 ira
763 3008 1016 3039 effervescente
1049 3007 1240 3037 exaestuat.
1290 3007 1378 3037 Part⁴
1408 3008 1494 3038 orat.
1523 3006 1618 3047 573:
1657 3006 1796 3036 altitudo
1820 3006 1925 3036 animi
1947 3006 2050 3036 estin

283 3057 449 3094 capiendis
474 3057 685 3089 incommodis
708 3061 736 3088 et
759 3058 907 3088 maxime
931 3057 1073 3087 iniuriis.
1122 3055 1257 3087 Sallust.
1284 3056 1359 3095 Jug.
1387 3056 1447 3087 95:
1474 3057 1612 3088 altitudo
1635 3057 1757 3097 ingeni.
1806 3056 1878 3087 Liv.
1903 3055 1990 3093 XXI,
2008 3055 2046 3090 2:

284 3107 353 3137 alta
380 3106 510 3136 indoles,
559 3107 638 3137 Tac.
666 3108 751 3139 llist.
779 3108 834 3147 IV,
853 3108 928 3139 86.»
966 3108 1068 3138 ern.
1104 3123 1138 3127 —
1177 3106 1230 3136 6ΖΟ.
1258 3105 1482 3144 imprudente-r
1506 3114 1524 3137 c
1563 3123 1594 3127 —
1636 3106 1688 3136 2⁴2.
1715 3112 1836 3136 causae
1858 3105 1885 3136 A
1920 3121 1956 3127 —
1993 3102 2046 3135 24.

282 3164 385 3194 neque
409 3156 451 3185 ad
475 3157 560 3193 eins,
594 3158 650 3194 qai
676 3158 816 3196 punitur·
845 3158 988 3198 aliquem
1016 3155 1122 3186 verbis
1151 3154 1290 3195 fatigat,
1325 3156 1378 3185 sed
1409 3156 1452 3185 ad
1484 3156 1531 3187 rei
1559 3154 1710 3194 publicae
1733 3155 1908 3185 utilitatem
1931 3152 2050 3193 referri

284 3205 413 3236 Nouius
439 3214 470 3244 p.
487 3204 560 3235 47¹.
584 3223 616 3227 —
641 3208 780 3245 pvmitw·
804 3209 955 3239 Nonius:
979 3206 1074 3245 punit
1098 3214 1136 3236 a:
1161 3206 1274 3243 puniet
1297 3204 1354 3235 AB
1369 3204 1451 3235 Hbc
1479 3222 1513 3226 —-
1539 3205 1681 3244 castiqac
1705 3204 1749 3235 C:
1776 3204 1896 3244 fatigat
1920 3211 1938 3234 0
1964 3210 2047 3233 cum

284 3254 406 3288 Nonio,
436 3252 511 3283 coll.
541 3255 580 3284 Ill
607 3255 695 3293 ,Ξῖ-3.
725 3274 758 3278 -
793 3257 844 3288 ⁵26.
874 3257 972 3287 isdem
998 3256 1109 3287 Assb:
1136 3255 1255 3285 hisdem
1283 3254 1348 3290 Ha.
1376 3255 1489 3293 ijsdem
1515 3262 1545 3290 c.
1572 3254 1683 3284 iisdem
1707 3261 1726 3285 ο
1758 3271 1792 3275 -
1828 3254 1882 3284 ⁵27.
1907 3253 1962 3283 ira
1981 3260 2048 3290 pu-

284 3304 400 3334 niendo
426 3303 512 3334 B¹az
540 3304 591 3333 ira
617 3314 638 3334 α
660 3307 822 3343 puniendo
847 3306 886 3338 Β2
912 3322 947 3329 -
976 3306 1028 3338 30.
1047 3305 1172 3337 utiliter
1195 3312 1264 3335 om.
1284 3311 1302 3335 c
1329 3321 1363 3326 —
1392 3305 1444 3335 31.
1463 3307 1500 3335 ut
1515 3304 1547 3335 hi
1565 3304 1699 3343 ΑΒΜ),
1724 3303 1819 3334 uthis·
1844 3303 1883 3340 H,
1909 3300 2004 3340 uthij
2027 3307 2046 3333 ο

287 3371 320 3376 --
350 3353 400 3384 33.
429 3354 583 3383 <licuntur
607 3354 646 3387 ΙΙ.

2160 2054 2161 2058 ’
2166 2064 2169 2082 )

2162 2252 2166 2265 c

2154 2334 2165 2352 ,t

2159 2366 2164 2450 ἓ

2152 2464 2161 2487 u
