2249 3624
381 155 462 196 360
821 154 1246 196 TUSCULANARUM
1275 153 1717 195 DISPUTATIONUM

382 262 502 309 dent,
544 275 637 302 cum
676 262 719 300 in
758 274 834 300 sua
864 273 961 300 rura
990 264 1216 300 venerunt:
1259 273 1363 312 quos
1394 265 1532 300 tamen
1562 259 1711 312 pungit
1739 259 1918 312 aliquid,
1951 272 2044 299 cum
2073 260 2148 300 illa

380 324 492 363 unde
532 324 713 363 habeant
750 323 1038 363 recordantur.
1090 322 1188 361 Dies
1231 320 1416 368 deficiat,
1459 321 1493 360 si
1524 321 1650 360 velim
1689 321 1946 374 paupertatis
1977 333 2145 360 causam

382 385 630 432 defendere;
662 392 805 438 aperta
835 385 946 424 enim
978 397 1043 424 res
1075 389 1137 423 est
1168 389 1208 422 et
1233 383 1383 422 cotidie
1406 396 1482 422 nos
1502 383 1593 435 ipsa
1613 388 1761 422 natura
1781 382 1989 429 admonet,
2020 395 2145 436 quam

381 447 519 500 parvis
548 447 673 487 rebus
705 452 841 499 egeat,
873 460 999 498 quam
1029 446 1196 485 vilibus.

349 521 367 548 5
493 509 685 549 XXXVI.
718 507 810 548 103.
849 510 957 548 Num
987 508 1114 560 igitur
1143 507 1383 559 ignobilitas
1414 511 1485 546 aut
1514 506 1725 546 humilitas
1756 511 1827 546 aut
1857 506 1977 546 etiam
2010 519 2145 558 popu-

380 569 477 611 laris
510 572 686 610 offensio
718 572 951 624 sapientem
981 571 1149 610 beatum
1181 583 1271 608 esse
1303 569 1570 621 prohibebit?
1602 569 1706 608 Vide
1738 582 1790 608 ne
1820 569 1914 622 plus
1936 581 2146 607 commen-

381 635 492 674 datio
534 633 577 671 in
617 634 766 685 vulgus
807 639 849 672 et
887 633 991 672 haec
1032 645 1140 685 quae
1182 632 1391 684 expetitur
1426 631 1559 683 gloria
1591 631 1806 670 molestiae
1837 630 1989 670 habeat
2019 643 2145 682 quam

379 697 621 748 voluptatis.
669 695 891 735 Leviculus
923 707 1021 734 sane
1049 699 1192 733 noster
1212 693 1537 740 Demosthenes,
1568 693 1638 746 qui
1660 693 1733 732 illo
1757 705 1926 732 susurro
1948 691 2146 732 delectari

380 773 424 799 se
457 758 623 798 dicebat
652 770 803 811 aquam
832 757 1006 796 ferentis
1035 756 1326 802 mulierculae,
1366 761 1412 795 ut
1442 768 1530 795 mos
1562 756 1604 794 in
1636 755 1810 795 Graecia
1841 760 1920 802 est,
1961 755 2147 794 insusur-

330 834 365 863 40
380 820 591 873 ramisque
620 819 762 858 alteri:
799 819 908 858 «Hic
930 823 993 858 est
1023 818 1093 857 ille
1114 817 1444 858 Demosthenes!
1464 832 1482 853 ))
1518 817 1628 865 Quid
1657 817 1738 857 hoc
1761 816 1921 857 levius?
1952 821 1993 857 at
2014 830 2147 869 quan-

379 888 443 922 tus
481 882 643 922 orator!
699 880 780 920 Sed
819 879 929 933 apud
969 880 1072 920 alios
1104 880 1220 932 loqui
1251 878 1447 919 videlicet
1478 879 1700 926 didicerat,
1736 892 1822 919 non
1852 879 2027 918 multum
2056 878 2146 930 ipse

379 959 534 985 secum.
588 940 679 982 ¹104.
709 942 1043 995 Intellegendum
1075 948 1137 982 est
1166 943 1291 994 igitur
1322 956 1398 981 nec
1429 942 1604 994 gloriam
1634 942 1878 994 popularem
1910 940 2042 994 ipsam
2072 952 2148 992 per

379 1020 470 1046 sese
501 1005 778 1058 expetendam
811 1019 888 1045 nec
918 1005 1223 1057 ignobilitatem
1245 1004 1612 1043 extimescendam.
1663 1004 1792 1043 «Veni
1822 1003 2052 1049 Athenas,»
2086 1003 2148 1041 in-

378 1071 467 1124 quit
496 1069 776 1115 Democritus,
810 1080 979 1121 «neque
1012 1081 1076 1106 me
1101 1068 1323 1120 quisquam
1351 1066 1408 1105 ihi
1431 1066 1673 1117 adgnovit.»
1711 1065 1980 1105 Constantem
2011 1065 2149 1104 homi-

327 1145 362 1172 ⁴5
379 1145 474 1170 nem
514 1135 555 1170 et
593 1143 780 1182 gravem,
828 1130 900 1183 qui
941 1130 1143 1182 glorietur
1173 1142 1195 1168 a
1227 1129 1358 1180 gloria
1389 1141 1433 1167 se
1463 1127 1635 1167 afuisse.
1697 1128 1761 1167 An
1792 1127 1986 1168 tibicines
2017 1128 2147 1181 iique,

379 1193 451 1247 qui
490 1190 639 1232 fidibus
671 1198 863 1240 utuntur,
895 1206 990 1240 suo,
1022 1205 1107 1231 non
1139 1190 1418 1230 multitudinis
1449 1190 1643 1237 arbitrio,
1685 1195 1831 1229 cantus
1869 1202 2148 1243 numerosque

378 1256 668 1302 moderantur,
700 1256 761 1294 vir
792 1255 958 1308 sapiens
991 1254 1121 1293 multo
1152 1259 1239 1293 arte
1271 1253 1432 1292 maiore
1461 1253 1699 1305 praeditus,
1731 1266 1816 1291 non
1848 1252 1950 1304 quid
1980 1252 2149 1292 verissi-

378 1332 491 1358 mum
522 1317 595 1365 sit,
627 1317 699 1357 sed
731 1318 831 1369 quid
862 1316 961 1357 velit
990 1316 1162 1368 vulgus,
1195 1316 1416 1368 exquiret?
1455 1316 1518 1353 An
1551 1315 1777 1368 quicquam
1807 1314 1975 1354 stultius
2008 1327 2148 1366 quam,

378 1394 483 1433 quos
515 1380 701 1432 singulos
733 1380 841 1419 sicut
871 1378 1086 1431 operarios
1118 1378 1407 1430 barbarosque
1429 1383 1687 1422 contemnas,
1719 1389 1792 1416 eos
1813 1376 1973 1430 aliquid
2003 1382 2149 1430 putare

326 1455 362 1484 20
378 1457 470 1482 esse
502 1442 750 1481 universos?
783 1442 857 1481 Ille
888 1454 987 1481 vero
1019 1446 1182 1480 nostras
1215 1440 1462 1480 ambitiones
1499 1439 1772 1492 levitatesque
1804 1444 2045 1479 contemnet
2073 1440 2150 1480 ho-

376 1517 586 1557 noresque
617 1504 765 1557 populi
799 1505 923 1543 etiam
955 1504 1064 1543 ultro
1098 1503 1258 1541 delatos
1288 1502 1548 1555 repudiabit:
1580 1515 1657 1541 nos
1682 1507 1821 1541 autem
1844 1514 1916 1541 eos
1938 1502 2150 1542 nescimus

375 1573 471 1607 ante
504 1580 629 1620 quam
661 1567 876 1619 paenitere
907 1566 1044 1618 coepit
1075 1572 1354 1605 contemnere.
1406 1562 1498 1603 2105.
1530 1565 1603 1603 Est
1626 1564 1739 1616 apud
1762 1564 2021 1604 Heraclitum
2044 1565 2149 1619 phy-

375 1630 505 1670 sicum
537 1629 588 1669 de
620 1629 807 1682 principe
837 1629 1117 1682 Ephesiorum
1148 1628 1433 1666 Hermodoro:
1475 1627 1692 1666 universos
1729 1627 1784 1666 ait
1816 1626 2024 1679 Ephesios
2055 1641 2147 1668 esse

375 1698 507 1732 morte
538 1691 797 1738 multandos,
831 1691 962 1744 quod,
995 1704 1089 1730 cum
1111 1691 1273 1730 civitate
1299 1689 1561 1742 expellerent
1582 1689 1912 1735 Hermodorum,
1944 1689 2002 1728 ita
2024 1689 2150 1730 locuti

324 1769 360 1796 25
375 1755 479 1794 sint:
523 1756 685 1793 «Nemo
718 1753 769 1793 de
802 1753 922 1792 nobis
955 1766 1062 1792 unus
1094 1752 1299 1799 excellat3
1339 1753 1399 1791 sin
1435 1752 1527 1804 quis
1559 1751 1766 1798 extiterit,
1799 1751 1881 1791 alio
1914 1752 1955 1790 in
1987 1750 2075 1791 loco
2109 1757 2150 1792 et

373 1817 485 1869 apud
516 1816 620 1855 alios
653 1817 740 1855 sit.»
789 1817 853 1854 An
884 1815 964 1854 hoc
994 1829 1080 1854 non
1111 1815 1169 1854 ita
1201 1813 1245 1853 lit
1267 1814 1380 1853 omni
1408 1814 1451 1852 iu
1482 1813 1667 1866 populo?
1700 1826 1840 1852 nonne
1873 1826 2041 1853 omnem
2074 1827 2148 1853 ex-

374 1878 655 1931 superantiam
687 1878 851 1918 virtutis
883 1878 1094 1917 oderunt?
1129 1877 1269 1925 Quid?
1301 1876 1506 1916 Aristides
1538 1899 1590 1904 —-
1614 1874 1720 1914 malo
1753 1876 1863 1914 enim
1893 1875 2148 1915 Graecorum

373 1954 497 1994 quam
528 1946 670 1980 nostra
700 1940 886 1993 proferre
917 1964 969 1969 —-
992 1953 1132 1979 nonne
1164 1940 1215 1978 ob
1248 1952 1338 1978 eam
1362 1951 1528 1977 causam
1552 1938 1752 1990 expulsus
1775 1943 1838 1977 est
1863 1939 2008 1991 patria,
2033 1938 2150 1992 quod

372 2010 536 2057 praeter
576 2004 746 2042 modum
787 2003 920 2042 iustus
961 2004 1101 2042 esset?
1150 2002 1325 2050 Quantis
1366 2001 1491 2052 igitur
1521 2001 1724 2040 molestiis
1755 2006 1904 2040 vacant
1936 2001 2008 2053 qui
2040 2000 2147 2040 nihil

322 2080 358 2108 30
373 2067 543 2106 omnino
581 2080 674 2105 cum
716 2066 873 2118 populo
916 2065 1195 2105 contrahunt!
1242 2064 1341 2117 quid
1374 2069 1436 2103 est
1466 2063 1576 2102 enim
1609 2064 1772 2103 dulcius
1805 2063 1890 2103 otio
1935 2063 2149 2103 litterato?

372 2129 422 2169 iis
453 2129 547 2168 dico
590 2129 757 2175 litteris,
800 2128 950 2180 quibus
988 2128 1235 2167 infinitatem
1266 2140 1404 2166 rerum
1436 2130 1560 2178 atque
1594 2131 1768 2165 naturae
1802 2131 1842 2165 et
1871 2125 1914 2164 in
1945 2125 2025 2165 hoc
2054 2126 2148 2178 ipso

373 2192 528 2231 mundo
562 2191 742 2237 caelum,
774 2196 926 2236 terras,
960 2191 1089 2229 maria
1121 2189 1427 2242 cognoscimus.

484 2253 697 2292 XXXVII.
738 2250 823 2291 ¹06.
858 2252 1107 2304 Contempto
1151 2252 1276 2304 igitur
1317 2251 1500 2297 honore,
1543 2256 1783 2303 contempta
1815 2252 1938 2291 etiam
1969 2251 2150 2304 pecunia

373 2316 473 2369 quid
504 2315 754 2368 relinquitur
786 2316 898 2369 quod
930 2314 1289 2354 extimescendum
1321 2314 1404 2353 sit?
1436 2313 1640 2361 Exilium,
1671 2313 1810 2360 credo,
1844 2314 1959 2367 quod
1989 2314 2034 2353 in
2064 2327 2151 2354 ma-

322 2392 357 2420 35
374 2376 511 2417 xumis
545 2377 662 2417 malis
696 2377 874 2417 ducitur.
922 2377 967 2416 Id
1000 2378 1035 2417 si
1066 2382 1235 2431 propter
1265 2376 1445 2416 alienam
1478 2381 1519 2416 et
1550 2376 1752 2416 offensam
1783 2375 1928 2430 populi
1957 2376 2149 2416 volunta-

462 2621 490 2651 2.
518 2620 647 2660 deficiat
672 2621 696 2651 G
712 2620 754 2650 B:
783 2619 906 2659 deficiet
928 2619 1011 2656 ΒΟ,
1048 2618 1111 2649 «de
1137 2627 1205 2658 qua
1231 2617 1359 2649 laxiore
1386 2620 1420 2649 et
1444 2616 1607 2649 liberiore
1634 2617 1930 2649 condicionalium
1953 2618 2149 2649 sententia-

374 2678 452 2701 rum
477 2669 587 2700 formu
614 2669 656 2700 cs.
683 2669 819 2708 Madvig
844 2668 889 2699 ad
914 2669 982 2700 Fin.
1009 2669 1134 2706 111,70.
1170 2669 1321 2699 Granun.
1350 2668 1367 2707 g
1393 2668 1467 2706 348,
1495 2668 1517 2699 (Ι
1543 2668 1613 2706 (ubi
1637 2668 1705 2699 hoc
1730 2669 1804 2708 ipso
1831 2666 1991 2707 exemplo
2018 2668 2146 2707 utitur).

373 2721 474 2751 Tusc.
503 2720 596 2759 Disp.
624 2720 648 2756 1,
675 2720 716 2750 29
741 2720 994 2756 b'l-—concr>⁸
1022 2719 1082 2757 ipsi
1107 2718 1152 2748 illi
1170 2718 1514 2756 --rcpcrientuzz
1549 2718 1649 2748 Vcrr.
1676 2718 1720 2755 ΙΙ,
1751 2717 1810 2747 1¹67
1836 2726 1912 2756 nec,
1941 2719 1967 2749 si
1992 2719 2148 2758 cupias,

373 2770 527 2800 licebit.
565 2770 632 2809 Ego
658 2770 731 2810 pari
757 2769 919 2800 codicum
944 2769 1149 2799 auctoritate
1175 2766 1281 2798 scribi
1308 2766 1424 2798 malim
1450 2768 1644 2807 deficiat,
1677 2776 1756 2798 cun]
1789 2769 1999 2807 praesertim
2026 2769 2150 2800 Cicero

374 2818 555 2851 simillimis
581 2819 691 2850 tribus
715 2818 800 2849 locis
825 2819 874 2849 sic
899 2818 1098 2858 scripserit:
1133 2818 1268 2848 verrin.
1296 2818 1342 2855 ll,
1368 2818 1408 2847 52
1434 2827 1483 2848 me
1507 2818 1593 2855 dies,
1623 2827 1709 2851 voa),
1736 2818 1843 2848 latera
1867 2818 2092 2856 deficiant,
2124 2819 2152 2849 si

373 2870 431 2899 hoc
463 2878 548 2899 nunc
576 2869 755 2907 vociferari
780 2868 886 2900 velim.
926 2868 969 2899 de
1000 2869 1075 2898 Nat.
1104 2869 1207 2898 Deos.
1235 2868 1295 2904 ΙΙΙ,
1321 2867 1356 2897 81
1386 2868 1465 2898 Dies
1488 2868 1682 2906 deficiat,
1715 2868 1741 2897 si
1766 2867 1862 2898 velim
1886 2876 2075 2899 numerare.
2109 2876 2144 2908 p.

376 2917 492 2950 Caelio
517 2921 535 2957 δ’
563 2918 600 2948 29
624 2919 702 2948 Dies
727 2918 792 2948 iam
815 2927 866 2948 me
889 2918 1080 2957 deficiat,
1106 2916 1132 2947 si
1149 2934 1195 2938 -—
1211 2925 1516 2955 corzc›·e„tp1·0mere
1538 2919 1671 2956 (contra
1689 2917 1731 2948 de
1754 2918 1822 2949 Fin.
1843 2918 1883 2956 ll,
1903 2918 1939 2947 6:
1965 2918 1992 2948 si
2015 2920 2146 2949 nostros

375 2967 528 3006 εοΙίὶῃω-(ῑ
551 2976 719 3005 coepero
736 2985 802 3005 —-,
830 2968 896 2998 dies
920 2977 968 2999 me
993 2966 1187 3007 desiciet).
1215 2964 1284 2995 Tali
1311 2966 1343 2996 in
1369 2975 1405 2996 re
1429 2976 1535 3006 quam
1562 2976 1667 3007 parva
1693 2967 1734 2998 sit
1760 2966 1920 2997 codicum
1946 2967 2148 3006 auctoritas,

378 3018 499 3047 notum
523 3017 594 3053 cst;
622 3017 663 3046 ct.
692 3018 745 3055 ΙΙΙ,
773 3016 813 3048 34
838 3016 1047 3057 (optundet
1070 3015 1258 3056 eleuetque).
1286 3016 1339 3053 ΙΙΙ,
1367 3016 1406 3046 36
1431 3016 1622 3057 (patiatur).
1661 3017 1716 3055 IV,
1744 3017 1783 3049 43
1809 3016 1965 3057 (nesciet).
1991 3016 2148 3056 Tregder

378 3075 411 3106 p.
437 3066 514 3096 XI.»
540 3066 594 3096 W.
628 3066 713 3096 Vide
739 3067 843 3097 etiam
869 3067 914 3097 ad
936 3068 966 3105 Ι,
994 3067 1046 3097 80.
1076 3083 1110 3087 —-
1146 3066 1176 3097 9.
1203 3065 1338 3105 aquam]
1370 3074 1470 3103 quam
1495 3068 1518 3098 C
1547 3084 1581 3089 —-
1618 3066 1669 3098 44.
1697 3067 1739 3097 ibi
1772 3067 1871 3097 uncis
1896 3065 2035 3097 inclusit
2059 3067 2084 3097 O
2110 3083 2145 3088 —

379 3117 430 3147 45.
457 3115 599 3153 abfuisse
623 3115 696 3146 1³2ss
723 3133 756 3137 —
784 3118 880 3155 hique
905 3118 929 3148 C
958 3134 992 3138 -
1020 3117 1072 3147 47.
1098 3126 1163 3147 mm
1187 3125 1277 3147 corr.
1298 3117 1329 3146 in
1356 3113 1399 3146 m}
1424 3117 1449 3147 R
1477 3134 1507 3138 —
1538 3117 1591 3147 2⁴.
1617 3117 1772 3156 repudiat
1796 3117 1821 3147 G
1847 3133 1881 3137 -
1908 3116 1961 3147 02¹2.
1986 3115 2150 3154 poenitere

379 3166 412 3197 h.
440 3163 460 3196 l.
489 3165 552 3195 GR
580 3182 614 3188 —-
641 3168 866 3205 contempnere
891 3168 917 3197 G
945 3183 979 3188 —-
1012 3167 1064 3197 25.
1090 3169 1166 3197 sunt
1189 3166 1212 3197 B
1239 3167 1271 3196 et
1299 3172 1399 3205 (corr.
1428 3166 1505 3197 ead.
1533 3175 1578 3198 m.
1607 3167 1638 3197 in
1663 3167 1736 3204 sint)
1762 3166 1788 3197 G
1815 3183 1850 3187 -
1878 3165 1930 3196 30.
1956 3164 2085 3195 literato
2110 3165 2148 3195 G²

381 3214 455 3255 (sed
482 3224 561 3246 mox
585 3216 709 3255 litteris)
737 3233 771 3237 —
805 3216 857 3248 31.
883 3217 932 3248 his
956 3217 980 3248 C
1008 3233 1044 3239 -—
1079 3216 1132 3248 33.
1159 3216 1345 3255 Contempto
1361 3232 1410 3238 ·-
1427 3217 1701 3249 extimescendum
1724 3217 1765 3248 sit
1791 3216 1825 3248 in
1850 3223 1961 3255 marg.
1987 3212 2147 3255 suppleta

382 3265 489 3297 habet
514 3266 550 3296 G.
