2249 3624
825 217 1170 260 FRAGMENTA.
1769 208 1877 254 4057

119 325 212 364 dem
241 330 424 376 tempore
451 322 771 372 ingravesceret,
803 319 948 359 eodem
976 320 1201 371 levaretur,
1232 324 1416 373 geminos
1446 322 1711 372 suspicatum.
1759 321 1811 368 (A
1827 333 1875 358 u-

118 387 350 438 gustinus
379 384 430 423 de
459 384 503 423 C.
531 384 576 421 D.
619 381 643 420 l.
682 382 727 420 V.
766 394 799 420 c.
841 384 875 420 2.
915 384 958 420 T.
1001 384 1042 421 V.
1073 396 1113 435 p.
1157 385 1242 424 282.
1299 386 1432 432 (Hunc
1460 385 1592 423 locum
1625 384 1809 422 Bromius
1854 395 1875 420 e

117 448 316 501 principio
353 460 387 486 c,
417 447 451 485 2.
484 445 534 484 de
562 446 657 485 Fato
686 444 876 483 haustum
907 456 1000 483 esse
1030 448 1274 497 suspicatur.
1332 447 1387 485 lll.
1421 453 1555 486 autem
1587 446 1771 485 Clarus
1804 457 1876 496 per

117 511 271 550 litteras
308 509 400 548 mihi
439 508 622 560 aperuit,
667 508 906 547 Ciceronem
947 508 1023 545 sibi
1052 509 1179 547 videri
1208 510 1447 548 festinanter
1473 508 1678 547 rettulisse
1706 514 1875 546 senten-

118 575 214 613 tiam
240 571 520 625 Hippocratis,
566 572 634 622 qui
665 568 715 608 de
745 568 864 607 simili
893 568 1058 619 quidem
1088 571 1258 610 duorum
1289 573 1454 610 fratrum
1484 571 1624 610 morbo
1657 571 1875 609 memoriae
1908 577 1926 605 5

116 636 277 688 prodat⁷
318 646 453 685 neque
482 645 578 672 vero
607 645 628 671 e
656 631 786 671 morbi
817 632 1081 671 similitudine
1111 634 1340 684 concludat,
1372 634 1540 673 eosdem
1569 646 1661 672 esse
1692 633 1876 683 geminos

116 722 161 727 -—
191 697 247 737 de
273 696 464 736 Morbis
491 694 802 745 vulgaribus
828 693 853 731 l.
884 695 913 731 Ι.
942 694 1050 733 Sect.
1077 697 1154 734 VII.
1179 710 1215 747 p.
1238 697 1296 735 31.
1319 697 1362 735 C.
1388 698 1434 735 D.
1454 697 1651 735 e‹l.Foes.
1704 697 1874 743 Nonne.)

215 761 254 798 4.
309 761 476 799 Romam
515 757 718 798 conditam
757 756 1012 809 Olympiadis
1048 765 1190 797 sextae
1228 771 1333 798 anno
1363 760 1479 797 tertio
1509 781 1554 787 -
1584 758 1805 806 (Solinus
1839 770 1874 796 0.

118 825 150 862 1.
180 835 220 874 p.
251 822 286 860 2.
319 822 383 860 ed.
415 821 538 861 Salm.
570 821 618 858 cf.
651 822 748 872 Rep.
778 820 804 858 l.
835 823 883 859 II.
915 834 949 859 0.
991 822 1071 869 10.)

213 886 248 925 5.
305 886 413 923 Haec
454 890 517 922 est
556 883 623 922 illa
664 882 728 921 lex
772 882 860 932 dei,
901 891 939 921 ut
980 897 1002 920 α
1037 886 1202 921 Cicerone
1241 887 1374 921 (lictum
1402 891 1450 920 est
1479 887 1532 930 (in
1560 885 1624 921 IV.
1654 887 1805 929 sortasse
1836 887 1928 920 (leto

115 951 199 996 Rep.
230 951 344 990 libro,
375 951 436 985 sed
463 951 535 985 rid,
567 948 660 984 Mai.
691 960 727 994 p.
759 947 886 996 271.),
929 946 1142 997 praeclara
1171 952 1210 985 et
1251 946 1409 990 divina,
1441 959 1606 998 semper
1633 958 1738 997 quae
1766 952 1877 985 recta

116 1017 155 1050 et
182 1011 351 1050 honesta
379 1010 515 1059 iubet,
545 1015 655 1049 vetat
683 1021 809 1059 prava
838 1015 877 1048 et
905 1010 1059 1060 turpia:
1091 1010 1154 1048 cui
1183 1015 1396 1060 parentem
1417 1010 1699 1048 sanctissimae
1719 1021 1765 1047 ac
1785 1021 1877 1047 cer-

117 1075 296 1113 tissimae
336 1073 414 1123 legi
442 1074 549 1111 iuste
578 1085 625 1112 ac
652 1071 832 1123 legitime
861 1084 1035 1111 neccsse
1065 1078 1127 1111 est
1153 1073 1307 1110 vivere.
1364 1072 1689 1115 (Lactantius
1718 1072 1815 1109 Inst.
1848 1070 1873 1108 l.

116 1137 177 1175 VI.
207 1149 241 1174 0.
272 1137 332 1176 24.
364 1136 398 1186 ξ.
430 1135 501 1184 29.)

215 1201 253 1239 6.
307 1198 607 1250 Philosophiam
643 1195 697 1235 dii
738 1195 986 1248 quibusdam
1026 1197 1170 1247 paucis
1199 1208 1334 1235 veram
1365 1196 1582 1235 dederunt.
1627 1198 1877 1247 (Augusti—
1895 1204 1928 1232 15

116 1273 219 1301 nus
249 1262 294 1301 C.
323 1262 369 1300 D.
400 1260 424 1299 I.
457 1260 579 1299 XXII.
611 1272 648 1300 0.
675 1259 735 1298 22.
768 1260 811 1297 Τ.
842 1259 890 1299 V.
919 1271 959 1310 p.
993 1260 1102 1298 1575.
1131 1260 1193 1298 An
1221 1271 1271 1297 ex
1303 1260 1516 1297 Hortensio
1530 1259 1562 1308 9)

213 1327 250 1362 7.
281 1346 326 1351 -
355 1322 540 1362 infelices
569 1333 662 1360 esse
691 1334 782 1370 eos,
815 1322 883 1372 qui
910 1321 1045 1360 onmia
1074 1321 1150 1360 sibi
1171 1320 1293 1360 licere
1317 1322 1612 1360 existimarent.
1653 1323 1878 1371 (Ammia—

115 1399 209 1427 nus
237 1385 566 1426 Marcellinus
594 1384 618 1423 l.
649 1385 788 1423 XXVI.
821 1397 855 1423 c.
891 1386 948 1424 10.
982 1385 1016 1434 ξ.
1061 1385 1133 1434 12.)

213 1450 247 1489 8.
305 1448 338 1487 Ο
378 1448 597 1495 miserum,
637 1448 702 1486 cui
743 1459 918 1498 peccare
952 1446 1120 1486 licebat!
1161 1447 1502 1497 (Augustinus
1544 1445 1594 1485 de
1624 1447 1668 1486 C.
1700 1448 1744 1486 D.
1775 1447 1800 1485 l.
1831 1448 1876 1486 V.

114 1525 148 1552 c.
190 1513 252 1551 27.
294 1512 338 1550 Τ.
380 1511 427 1549 V.
468 1523 509 1562 p.
550 1511 636 1549 334.
691 1511 988 1549 Marcianus
1029 1510 1250 1562 Capella
1289 1523 1328 1561 p.
1363 1511 1448 1549 426.
1481 1511 1529 1548 cf.
1561 1511 1680 1550 Tusc.
1710 1509 1735 1548 l.
1767 1510 1811 1548 V.
1843 1516 1929 1549 c.20

115 1577 197 1624 19.;
227 1586 250 1613 e
275 1578 421 1625 poeta,
450 1578 494 1611 ut
521 1572 722 1620 videtur.)

211 1638 247 1676 9.
304 1635 467 1676 Nullum
494 1647 690 1686 umquam
718 1635 913 1684 verbum,
942 1636 1051 1686 quod
1081 1648 1275 1675 revocare
1296 1634 1437 1686 vellet,
1467 1636 1600 1674 emisit
1619 1636 1754 1683 (Cato,
1778 1647 1879 1687 sup-

114 1699 255 1752 plente
283 1699 454 1738 Patricio
483 1720 528 1726 -—
556 1698 904 1748 Augustinus
933 1710 999 1749 ep.
1027 1699 1105 1737 VII.
1132 1699 1175 1736 T.
1205 1699 1250 1737 Il.
1279 1711 1319 1750 p.
1358 1700 1440 1748 32.)

215 1764 276 1801 10.
335 1758 474 1814 [Cicero
501 1764 540 1798 in
567 1763 747 1809 Dialoyo:
785 1761 933 1810 Fanni,
964 1773 1088 1800 causa
1123 1760 1320 1806 difficilis,
1362 1760 1531 1799 laudare
1560 1773 1748 1812 puerum.
1793 1761 1880 1799 Non

120 1825 230 1864 enim
257 1831 324 1863 res
352 1822 581 1874 laudanda,
611 1823 686 1862 sed
715 1835 813 1875 spes
841 1830 917 1863 est.
949 1824 1180 1872 (Servius
1209 1823 1260 1862 ad
1288 1826 1390 1862 Aen.
1419 1824 1482 1862 VI.
1512 1836 1549 1861 v.
1578 1825 1684 1871 877.)
1726 1824 1879 1870 Quin·
1894 1820 1931 1849 25

118 1887 258 1926 tilian
272 1899 322 1925 us
343 1888 380 1933 9,
402 1888 437 1934 3,
457 1890 517 1926 76.
536 1886 661 1926 habet
677 1888 775 1926 ista:
798 1889 878 1924 Non
895 1890 990 1924 enim
1006 1894 1080 1925 cam
1095 1901 1172 1935 spes
1193 1890 1382 1925 laudanda
1400 1900 1510 1935 quam
1528 1900 1584 1924 res
1610 1893 1672 1933 est,
1695 1886 1879 1925 subiecta

114 1950 200 1997 his,
231 1962 282 1988 ex
310 1949 492 1988 oratione
521 1948 678 2000 aliqua,
708 1955 752 1988 ut
779 1948 961 1998 videtur,
1004 1951 1161 2002 petitis:
1206 1951 1294 1988 «Sic
1321 1950 1360 1988 in
1389 1950 1464 1988 hac
1492 1948 1726 1988 calamitosa
1760 1949 1878 1996 sama,

117 2012 235 2063 quasi
274 2012 318 2050 in
356 2010 493 2063 aliqua
527 2012 875 2063 perniciosissima
914 2013 1117 2052 flamma.»
1172 2012 1389 2052 Probabile
1423 2018 1487 2051 est
1514 2013 1645 2061 enim,
1685 2025 1776 2051 cum
1813 2011 1881 2051 illa

114 2076 196 2112 Non
221 2097 238 2103 -
264 2078 290 2102 -’
307 2082 356 2112 est
385 2075 595 2113 Ciceronis
624 2075 732 2124 sint,
761 2076 946 2127 proxime
976 2075 1267 2127 praecedentia
1297 2088 1347 2114 ex
1368 2074 1513 2113 eodem
1534 2075 1752 2126 desumpta
1772 2086 1878 2113 esse.

113 2136 183 2177 Illa
221 2142 358 2177 autem
396 2139 518 2175 Fanni
546 2161 562 2166 -
588 2161 605 2166 -
631 2145 682 2175 est
719 2139 846 2178 Maius
875 2138 991 2178 dedit
1018 2135 1126 2179 inter
1154 2140 1378 2190 fragmenta
1406 2138 1602 2177 librorum
1630 2138 1879 2176 incertorum
1895 2145 1932 2175 30

114 2198 165 2238 de
191 2200 248 2238 Re
277 2198 474 2253 publica.]

215 2264 272 2301 11.
332 2260 489 2315 [Fatum
535 2267 598 2301 est
639 2264 810 2302 conexio
853 2276 990 2303 rerum
1026 2276 1102 2315 per
1131 2264 1414 2304 aeternitatem
1444 2274 1488 2301 se
1515 2262 1689 2301 invicem
1717 2266 1878 2311 tenens,

113 2337 219 2376 quae
248 2337 321 2364 suo
350 2324 493 2364 ordine
521 2331 561 2364 et
586 2325 677 2377 Iege
710 2324 790 2380 [sic]
824 2328 1024 2378 variatur,
1068 2329 1126 2367 ita
1153 2333 1304 2376 tamen,
1343 2332 1385 2365 ut
1411 2328 1500 2377 ipsa
1527 2326 1704 2364 varietas
1731 2324 1881 2364 habeat

113 2385 428 2441 aeternitatem]
485 2388 732 2437 (Servius
760 2389 810 2428 ad
836 2391 937 2428 Aen.
968 2392 1004 2441 3,
1035 2392 1120 2430 376.
1177 2392 1264 2429 Non
1292 2396 1428 2428 tamen
1455 2389 1544 2439 ipsa
1581 2388 1791 2427 Ciceronis
1823 2388 1881 2426 vi-

115 2448 263 2489 dentur
289 2449 435 2499 verba,
466 2449 541 2488 sed
568 2452 779 2491 immutata
808 2464 859 2490 ex
885 2452 972 2492 Lib.
1002 2455 1031 2491 Ι.
1063 2453 1114 2491 de
1143 2454 1274 2491 Divin.
1307 2464 1340 2490 c.
1370 2452 1452 2500 55.)
1894 2457 1930 2487 35

216 2513 272 2552 12.
328 2512 529 2552 Animalia
555 2513 695 2552 biuros
723 2513 796 2562 (al.
827 2514 1016 2566 byturos)
1044 2516 1198 2564 vocari,
1239 2514 1307 2565 qui
1336 2515 1439 2551 vites
1464 2513 1505 2550 in
1533 2512 1755 2563 Campania
1784 2524 1878 2551 ero-

113 2574 212 2614 dant
251 2597 296 2603 —
337 2574 476 2621 (Plin.
516 2576 561 2614 H.
599 2577 645 2615 N.
676 2576 702 2614 l.
733 2578 858 2617 XXX.
892 2590 926 2616 c.
957 2579 1018 2617 25.
1051 2583 1152 2617 sect.
1181 2579 1240 2617 52.
1270 2577 1453 2616 fortassis
1482 2588 1503 2614 e
1540 2576 1877 2627 Chorographia.)

213 2638 271 2676 13.
326 2637 551 2689 Erythraeo
581 2638 732 2689 oppido
763 2640 1069 2691 superpositum
1097 2646 1274 2678 montem
1315 2639 1517 2678 Mimanta.
1574 2638 1878 2687 (Ammianus

111 2698 449 2738 Marcellinus
484 2699 510 2738 l.
547 2701 691 2740 XXXI.
731 2713 765 2739 c.
808 2703 865 2741 14.
905 2704 940 2753 ξ.
985 2704 1019 2741 8.
1051 2716 1102 2741 ex
1132 2702 1277 2741 eodem
1305 2702 1477 2740 fortasse
1506 2702 1715 2740 Ciceronis
1744 2700 1876 2752 libro.)

213 2763 271 2801 14.
305 2784 350 2792 -
378 2761 459 2801 duo
488 2775 613 2812 axes,
657 2765 833 2814 Boreus,
877 2777 1000 2816 quem
1028 2766 1310 2817 Aquilonalem
1338 2776 1547 2804 vocamus.
1602 2764 1700 2802 Hinc
1729 2766 1876 2803 Arctoe
1893 2769 1930 2799 40

111 2829 221 2874 sunt,
248 2823 292 2862 id
319 2830 382 2864 est
409 2827 750 2877 septemtriones,
782 2840 888 2879 quae
916 2829 1035 2868 nobis
1065 2841 1230 2880 semper
1257 2833 1470 2878 apparent,
1501 2826 1615 2865 cuius
1649 2828 1876 2866 contrarius

112 2891 176 2924 est
202 2887 370 2938 Notius,
401 2888 469 2938 qui
496 2888 697 2927 Australis
727 2889 886 2928 dicitur.
938 2892 1009 2930 Hic
1037 2897 1123 2940 est,
1154 2890 1222 2942 qui
1251 2895 1358 2928 terra
1388 2890 1560 2939 tegitur,
1594 2896 1630 2926 ιιι
1658 2893 1710 2927 ait
1740 2891 1873 2935 Cicero,

113 2953 154 2986 et
187 2949 326 2988 fanera
359 2951 562 3002 (φανερός,
588 2951 710 2989 immo
741 2954 969 3004 ἀντί-χθων)
999 2967 1021 2993 a
1051 2954 1216 2992 Graecis
1252 2952 1495 2991 nominatur.
1549 2952 1677 3000 (Haec
1715 2953 1874 2992 Grono—

111 3009 216 3060 vius,
245 3023 337 3051 cum
363 3012 472 3053 med.
503 3025 587 3052 sec.
615 3015 734 3054 XVII.
766 3016 912 3055 Oxonii
941 3022 1081 3066 esset,
1114 3028 1134 3054 0
1162 3016 1234 3053 Ms.
1255 3013 1501 3064 Bodleiano,
1529 3015 1570 3054 in
1591 3026 1670 3065 quo
1692 3021 1873 3055 extremo

198 3243 251 3274 23.
285 3243 338 3276 Ad
372 3244 574 3278 Africanum
609 3247 782 3280 minorem
815 3250 929 3290 potius
953 3249 1060 3281 refert
1084 3249 1184 3280 Beier
1206 3247 1353 3281 laudans
1379 3247 1550 3281 Velleium
1574 3251 1644 3282 Pat.
1673 3250 1702 3288 l,
1731 3250 1782 3289 42,
1816 3250 1868 3282 3.:

113 3292 170 3333 qui
190 3293 271 3325 nihil
293 3294 328 3326 in
349 3295 420 3326 vita
441 3296 505 3327 nisi
527 3296 732 3330 laudandum
755 3303 815 3331 aut
835 3299 922 3339 fecit,
949 3303 1007 3330 auc
1031 3299 1116 3330 dixit
1141 3307 1181 3330 ac
1204 3299 1311 3330 sensit.
1334 3317 1367 3322 —
1395 3299 1448 3331 40.
1467 3300 1593 3341 Arctoe]
1611 3301 1722 3332 ardua
1739 3299 1868 3332 Codex.

223 3385 342 3416 Clcssno
368 3387 402 3418 Τ.
422 3387 472 3420 IV.
1503 3391 1555 3433 67
