2249 3624
235 94 317 137 552
894 95 965 134 DE
994 92 1349 135 DIVINATIONE

235 206 294 245 ita
325 205 524 251 sensisse,
556 206 603 242 ut
635 202 685 242 de
718 201 867 241 ceteris
890 200 1104 240 divinandi
1128 200 1350 252 generibus
1371 198 1605 247 dubitares,
1626 199 1706 240 ista
1728 200 1829 248 duo,
1850 201 2003 245 furoris

239 273 279 308 et
310 266 476 313 somnii,
510 278 617 319 quae
649 278 673 304 a
702 264 833 303 libera
864 267 1003 303 mente
1034 260 1161 302 fluere
1184 261 1444 308 viderentur,
1467 261 1680 314 probares.
1717 262 1859 303 Dicam
1881 264 2005 317 igitur

239 330 289 369 de
320 330 411 370 istis
442 329 543 382 ipsis
575 327 738 366 duobus
770 325 994 378 generibus
1025 325 1127 364 mihi
1158 323 1258 378 quid
1280 323 1491 370 videatur,
1513 323 1548 362 si
1569 325 1684 377 prius
1707 330 1746 364 et
1767 325 2003 369 Stoicorum

240 392 454 432 conclusio
483 390 657 430 rationis
688 393 728 427 et
750 388 936 441 Cratippi
966 387 1098 427 nostri
1131 386 1231 440 quid
1262 385 1400 426 valeat
1428 385 1588 425 videro.
1640 386 1792 426 Dixisti
1822 389 1932 430 enim
1964 397 2006 432 et

206 454 517 507 5Chrysippum
544 457 583 491 et
603 450 837 503 Diogenem
869 455 910 490 et
930 450 1195 503 Antipatrum
1227 448 1475 488 concludere
1504 448 1585 488 hoc
1616 450 1767 489 modo:
1800 450 1852 490 Si
1885 458 2005 493 sunt

238 516 285 555 di
346 528 515 569 neque
570 518 688 553 ante
744 512 1025 552 declarant
1084 511 1389 551 hominibus
1451 523 1585 564 quae
1638 510 1820 552 futura
1874 514 2005 564 sint,

236 584 320 618 aut
365 591 460 617 non
507 577 746 628 diligunt
785 576 1051 622 homines,
1098 580 1187 614 aut
1228 572 1354 627 quid
1398 578 1702 613 eventurum
1748 575 1818 615 sit
1856 576 2005 629 igno-

235 647 378 688 rant,
427 645 519 680 aut
559 640 894 678 existumant
925 638 1058 678 nihil
1100 637 1360 677 interesse
1402 636 1664 676 hominum
1707 638 1844 678 scire
1883 639 2005 693 quid

235 704 305 745 sit
342 703 605 749 futurum,
648 707 880 742 autnon
922 706 1150 741 censent
1189 713 1308 740 esse
1351 713 1476 740 suae
1518 700 1817 741 maiestatis
1857 715 2006 755 prae-

184 765 549 819 iosignificare
590 765 900 805 hominibus
945 777 1075 818 quae
1107 764 1208 803 sint
1238 763 1433 809 futura,
1467 767 1550 802 aut
1580 775 1637 802 ea
1668 775 1728 802 ne
1760 762 1861 816 ipsi
1895 765 2007 817 qui-

234 829 349 868 dem
391 827 441 867 di
483 827 798 880 significare
851 830 1092 880 possunt.
1168 822 1278 865 40⁶2.
1320 826 1377 864 At
1416 838 1584 878 neque
1624 838 1723 864 non
1765 825 2008 880 diligunt

234 905 351 938 nos,
395 895 518 930 sunt
559 890 688 929 enim
729 890 953 930 benefici
986 889 1276 942 generique
1308 887 1575 928 hominum
1607 888 1788 935 amici;
1832 902 2004 942 neque

234 955 491 1007 ignorant
531 966 607 1000 ea,
651 967 787 1006 quae
830 954 890 993 ab
934 953 1080 1006 ipsis
1123 952 1428 991 constituta
1459 955 1506 990 et
1537 951 1825 1003 designata
1858 958 2006 1002 sunt3

234 1027 415 1068 neque
459 1021 654 1055 nostra
695 1015 838 1055 nihil
879 1016 1114 1055 interest
1156 1015 1290 1054 scire
1334 1027 1416 1062 ea,
1464 1027 1602 1067 quae
1644 1014 1828 1053 futura
1873 1015 2006 1063 sint,

184 1079 432 1120 i5e1·imus
480 1078 613 1116 enim
661 1078 952 1125 cautiores,
1001 1079 1040 1118 si
1087 1078 1347 1125 sciemus;
1401 1090 1571 1130 neque
1617 1077 1715 1117 hoc
1760 1077 2008 1118 alienum

236 1142 441 1181 ducunt
483 1140 758 1181 maiestate
802 1154 914 1188 sua,
957 1140 1097 1179 nihil
1139 1145 1215 1179 est
1254 1139 1391 1180 enim
1433 1139 1814 1180 beneficentia
1856 1153 2008 1193 prae-

235 1207 491 1251 stantius3
534 1217 702 1258 neque
742 1218 843 1243 non
886 1208 1100 1256 possunt
1140 1203 1317 1242 futura
1349 1215 1714 1255 praenoscere.
1774 1203 1880 1242 Non
1911 1202 2008 1257 igi-

235 1268 317 1317 tufr
355 1267 404 1306 di
446 1273 567 1307 sunt
607 1281 694 1307 nec
735 1266 1062 1320 significant
1102 1266 1257 1305 nobis
1302 1264 1510 1313 futura3
1563 1269 1682 1304 sunt
1719 1269 1890 1305 autem
1931 1265 2006 1306 di:

235 1328 557 1383 significant
601 1344 742 1383 ergo.
816 1330 876 1368 Et
918 1342 1052 1376 non,
1100 1328 1142 1368 si
1189 1327 1524 1381 significant
1568 1327 1776 1375 futura,
1822 1328 2007 1371 nullas

184 1393 356 1434 eodant
392 1393 500 1432 vias
537 1393 690 1432 nobis
726 1393 782 1432 ad
820 1391 1287 1445 significationum
1320 1390 1628 1437 scientiam,
1659 1389 1846 1430 frustra
1877 1391 2008 1432 enim

236 1455 634 1508 significarent3
676 1469 793 1502 nec,
827 1458 867 1494 si
900 1455 1021 1493 dant
1053 1454 1187 1500 vias,
1220 1467 1319 1494 non
1351 1458 1434 1494 est
1465 1452 1767 1492 divinatio:
1809 1459 1883 1493 est
1913 1454 2009 1509 igi-

234 1524 315 1558 tur
347 1517 613 1557 divinatio.
675 1515 769 1557 403.
802 1517 835 1556 O
868 1522 1013 1556 acutos
1044 1517 1260 1556 homines1
1294 1530 1418 1570 quam
1446 1516 1590 1569 paucis
1612 1515 1748 1554 verbis
1772 1516 2008 1558 confectum

235 1580 448 1633 negotium
481 1582 651 1633 putanti
701 1593 748 1620 ea
786 1585 956 1619 sumunt
992 1579 1042 1619 ad
1076 1579 1436 1626 concludendum,
1480 1592 1657 1632 quorum
1690 1577 1741 1617 iis
1774 1579 1878 1618 nihil
1910 1594 2009 1620 con-

235 1643 408 1683 ceditur.
472 1643 693 1682 Conclusio
736 1649 876 1682 autem
918 1642 1094 1681 rationis
1137 1655 1185 1681 ea
1226 1642 1441 1695 probanda
1482 1646 1562 1688 est,
1603 1641 1645 1680 in
1679 1653 1763 1694 qua
1800 1654 1852 1680 ex
1883 1642 2008 1683 rebus

183 1717 219 1746 25
235 1719 318 1745 non
352 1704 490 1744 dubiis
522 1704 586 1752 id,
620 1705 731 1758 quod
765 1706 1000 1752 dubitatur,
1033 1705 1225 1745 efficitur.

347 1769 391 1807 L.
426 1768 606 1807 Videsne
628 1769 874 1821 Epicurum,
908 1782 1030 1821 quem
1063 1768 1256 1807 hebetem
1290 1770 1329 1806 et
1359 1764 1504 1805 rudem
1537 1765 1675 1805 dicere
1707 1765 1844 1805 solent
1866 1766 2008 1814 Stoici,

234 1845 359 1885 quem
381 1831 431 1870 ad
455 1831 625 1870 modum
656 1831 769 1884 quod
801 1831 842 1870 in
871 1837 1016 1870 natura
1048 1843 1185 1870 rerum
1211 1842 1332 1869 omne
1357 1825 1480 1882 [esse]
1504 1827 1704 1875 dicimus,
1735 1827 1777 1868 id
1799 1826 2009 1869 infinitum

235 1907 325 1934 esse
357 1894 635 1933 concluserit?
698 1894 848 1942 Quod
891 1893 1107 1933 finitum
1153 1898 1259 1939 est,
1300 1892 1460 1945 inquit,
1492 1891 1657 1930 habet
1696 1896 2007 1931 extremum.

235 1957 338 2005 Quis
369 1956 449 1995 hoc
481 1970 564 1996 non
597 1956 792 1996 dederit?
855 1956 1002 2005 Quod
1046 1961 1218 1995 autem
1259 1955 1414 1995 habet
1445 1958 1776 2001 extremum,
1818 1953 1863 1992 id
1897 1967 2009 1994 cer-

182 2021 374 2062 3onitur
406 2033 464 2059 ex
494 2020 599 2059 alio
633 2021 969 2060 extrinsecus.
1003 2020 1092 2059 Hoc
1125 2032 1295 2072 quoque
1328 2023 1390 2057 est
1421 2016 1750 2057 concedendum.
1781 2017 1839 2056 At
1871 2016 2008 2070 quod

234 2095 375 2122 omne
409 2088 505 2129 est,
540 2083 587 2122 id
621 2098 718 2122 non
752 2085 986 2124 cernitur
1018 2097 1075 2122 ex
1107 2082 1204 2122 alio
1238 2081 1578 2121 extrinsecus.
1637 2080 1697 2119 Ne
1729 2080 1808 2119 hoc
1840 2078 2007 2132 quidem

234 2146 375 2197 negari
408 2151 557 2198 potest.
617 2147 762 2186 Nihil
803 2147 974 2199 igitur
1014 2159 1124 2185 cum
1163 2144 1355 2183 habeat
1386 2148 1695 2188 extremum,
1738 2141 2009 2181 infinitum

234 2208 301 2246 sit
344 2222 563 2248 necesse
606 2214 701 2249 est.
764 2207 857 2248 2104.
900 2208 1084 2248 Videsne
1124 2213 1168 2246 ut
1205 2206 1256 2245 ad
1296 2218 1383 2244 rem
1427 2204 1595 2243 dubiam
1634 2204 1846 2243 concessis
1884 2203 2008 2243 rebus

233 2270 497 2324 pervenerit?
538 2272 627 2311 Hoc
659 2286 732 2311 vos
766 2271 970 2311 dialectici
1004 2284 1087 2309 non
1119 2269 1276 2315 facitis,
1308 2281 1384 2307 nec
1417 2267 1551 2306 solum
1584 2279 1631 2305 ea
1662 2279 1747 2305 non
1770 2265 1934 2305 sumitis
1956 2265 2008 2304 ad

182 2345 218 2374 35
234 2333 594 2379 concludendum,
636 2346 744 2386 quae
783 2334 833 2373 ab
866 2333 1059 2372 omnibus
1092 2332 1399 2377 concedantur,
1441 2329 1515 2369 sed
1547 2342 1596 2368 ea
1627 2329 1813 2376 sumitis,
1856 2328 2007 2382 quibus

234 2396 443 2435 concessis
476 2395 605 2434 nihilo
639 2396 770 2447 magis
802 2393 1006 2434 efficiatur
1038 2394 1149 2448 quod
1183 2394 1334 2433 velitis.
1386 2393 1570 2432 Primum
1595 2392 1703 2431 enim
1725 2392 1804 2430 hoc
1826 2390 2006 2430 sumitis:

235 2458 282 2497 Si
324 2463 444 2497 sunt
485 2457 559 2504 di,
602 2457 829 2497 benefici
870 2458 920 2496 in
964 2457 1201 2496 homines
1244 2461 1376 2496 sunt.
1452 2456 1556 2503 Quis
1593 2455 1674 2495 hoc
1705 2453 1824 2493 vobis
1865 2453 2007 2493 dabit?

232 2521 517 2573 Epicurusne,
561 2521 633 2573 qui
679 2526 802 2573 negat
842 2520 1070 2572 quicquam
1111 2519 1213 2559 deos
1253 2533 1330 2558 nec
1371 2519 1497 2558 alieni
1531 2531 1674 2557 curare
1705 2530 1783 2556 nec
1815 2516 1909 2556 sui?
1955 2529 2007 2555 an

232 2588 377 2622 noster
406 2583 597 2622 Ennius?
639 2583 711 2636 qui
743 2595 893 2635 magno
925 2582 1075 2634 plausu
1107 2582 1297 2635 loquitur
1327 2581 1590 2621 adsentiente
1622 2579 1807 2634 populo:

322 2738 350 2767 i.
378 2737 426 2767 ita.
451 2738 514 2767 dno
539 2738 595 2769 AV
621 2755 655 2759 —
683 2737 789 2777 suoi-is
813 2737 851 2768 Αἱ
873 2756 915 2759 ——
939 2736 969 2767 3.
994 2738 1088 2776 prius
1111 2737 1297 2767 Stoicorum
1323 2736 1350 2765 V
1378 2754 1411 2758 —
1439 2735 1470 2768 4.
1497 2736 1642 2767 conclusi
1667 2735 1828 2766 orationis
1852 2736 1901 2773 13¹,
1928 2743 2008 2766 con—

230 2788 330 2818 clusio
355 2789 515 2819 orationis
539 2787 576 2819 Β“2
604 2807 637 2811 κ-
676 2788 841 2827 craplippi
863 2788 890 2819 A
928 2805 962 2808 -
1001 2788 1118 2817 dicero
1151 2794 1240 2818 corr.
1270 2796 1310 2818 ex
1334 2787 1449 2817 uidero
1474 2788 1510 2817 ut
1535 2786 1673 2817 videtur
1697 2786 1720 2816 B
1760 2801 1794 2805 —
1835 2784 1864 2815 6.
1891 2784 2008 2823 futura

230 2840 305 2867 sunt
330 2836 479 2876 izi-lang,
507 2838 550 2869 cf.
571 2839 582 2869 Ι
605 2838 680 2878 §82
708 2856 743 2862 —
770 2838 799 2869 8.
827 2838 994 2868 hominum
1020 2837 1178 2868 Davisius
1204 2839 1237 2868 et
1262 2837 1365 2869 codd.
1386 2836 1408 2868 l.
1435 2837 1555 2877 1582:
1582 2836 1743 2867 hominem
1767 2835 1790 2867 C
1816 2852 1859 2857 —
1884 2834 1913 2866 9.
1940 2844 2005 2866 non

232 2895 322 2918 corr.
344 2896 382 2917 ex
409 2897 468 2918 con
493 2890 516 2919 Α
550 2906 579 2909 -
621 2889 672 2919 Η,
699 2888 742 2929 di]
761 2890 799 2918 (le
822 2888 878 2918 AV
907 2905 941 2909 —
977 2887 1021 2917 od
1045 2896 1146 2926 neque
1169 2885 1207 2918 Βι
1235 2904 1267 2909 -—
1307 2886 1359 2919 44.
1385 2888 1450 2918 sint
1473 2884 1568 2918 A²Bt
1595 2889 1670 2916 sunt
1694 2886 1796 2923 Avo,
1825 2885 1867 2917 cf.
1894 2886 1906 2916 Ι
1931 2885 2006 2925 §82

232 2937 267 2967 et
293 2936 315 2966 11
344 2935 438 2975 §405
460 2954 492 2957 —
522 2937 573 2968 sifi.
601 2938 722 2968 ducunt
748 2938 801 2968 C—'z
830 2937 941 2967 dicunt
966 2937 1003 2967 C¹
1033 2952 1064 2958 —
1096 2937 1146 2966 Π.
1171 2946 1389 2975 praenoscere
1414 2937 1457 2969 C:
1486 2936 1548 2968 sed
1574 2935 1653 2967 vide
1679 2944 1742 2967 nos
1767 2935 1811 2966 ad
1838 2935 1849 2965 1
1875 2934 1951 2975 §82
1968 2951 2002 2956 —

231 2986 285 3017 ΕΜ.
312 2994 369 3016 nec
392 2986 420 3015 si
445 2987 468 3017 C
501 2988 533 3017 et
566 2988 621 3018 hic
651 2989 683 3018 et
714 2989 723 3018 Ι
752 2986 849 3027 §8531
886 2995 987 3027 neque
1010 2987 1037 3017 si
1062 2987 1234 3017 Manutius
1261 2987 1285 3017 O
1325 3005 1358 3009 —
1401 2991 1446 3018 est.
1470 2987 1574 3027 *igilur
1598 2986 1761 3016 diuinatio
1790 2986 1824 3016 in
1850 2985 2005 3025 margine

232 3034 337 3066 habet
363 3037 388 3066 A
423 3053 454 3058 —
490 3038 542 3068 “2:3.
570 3038 734 3077 negotium
758 3037 938 3075 confeclum
964 3037 1135 3067 Manutius
1160 3036 1184 3066 O
1216 3054 1257 3059 —
1289 3037 1337 3067 his
1363 3036 1398 3068 Β1
1426 3054 1459 3058 -
1493 3037 1545 3068 ⁶26.
1572 3037 1694 3066 ructum
1720 3033 1759 3065 V¹
1789 3053 1831 3057 -
1862 3035 1915 3066 27.
1941 3042 2007 3065 esse

232 3085 422 3117 delendum
455 3096 533 3117 csse
567 3088 688 3119 censet
720 3086 855 3126 Madvig
893 3104 927 3108 —-
969 3087 1002 3117 id
1024 3086 1155 3127 finitum
1187 3086 1211 3117 C
1251 3104 1284 3108 —
1327 3087 1379 3118 28.
1406 3086 1500 3117 habet
1524 3087 1556 3117 in
1584 3086 1718 3116 minore
1743 3092 1865 3116 rasura
1891 3084 1939 3120 B3
1972 3082 2006 3113 id

230 3136 323 3167 habet
350 3136 507 3167 Herelius
539 3154 573 3159 —
613 3137 663 3168 30.
690 3137 749 3167 hoc
774 3145 900 3176 quoque
917 3154 963 3159 --
979 3136 1181 3167 emi-insecus
1205 3144 1274 3167 oin.
1303 3136 1330 3166 V
1361 3154 1394 3158 —
1435 3136 1486 3167 33.
1514 3137 1671 3167 concessis
1694 3134 1789 3166 rebus
1810 3143 1876 3164 non
1900 3132 2006 3164 dubiis

231 3185 284 3218 vel
317 3189 475 3218 concessis
497 3189 585 3219 veris
617 3188 839 3227 Hottingcrus
882 3204 916 3208 —
959 3186 1010 3218 38.
1038 3186 1392 3227 izeyat**quicquam
1415 3186 1439 3217 B
1490 3203 1525 3208 —
1578 3185 1760 3228 quidquam
1791 3185 1816 3216 O
1866 3202 1895 3206 -
1949 3183 2001 3215 39.

231 3238 323 3269 enias
347 3237 397 3267 B1.
