2249 3624
653 195 741 237 Lm.
764 195 833 234 111.
875 195 970 236 cst.
995 196 1297 236 xvi—xvii.
1340 194 1399 248 §5
1423 194 1617 236 62—68.
1943 197 2024 239 725

259 304 386 350 Nam,
426 316 518 342 cum
561 316 614 342 ex
653 301 876 341 duodecim
918 302 1067 341 tabulis
1109 303 1207 342 satis
1251 309 1361 342 esset
1401 316 1450 342 ea
1483 304 1707 356 praestari,
1747 318 1855 357 quac
1887 312 2027 346 essent

258 366 396 417 lingua
430 370 685 417 nuncupata,
718 378 825 417 quae
857 364 928 417 qui
961 363 1158 404 inlitiatus
1191 372 1302 404 essct
1333 365 1450 418 dupli
1475 380 1654 419 poenam
1677 367 1856 415 subiret,
1878 382 1901 407 a
1923 368 2024 408 iuris

257 428 460 468 consultis
502 428 626 467 etiam
667 427 908 466 reticentiae
950 441 1086 480 poena
1127 433 1189 466 est
1227 429 1466 467 constituta.
1527 428 1739 482 Quicquid
1772 430 1882 470 euim
1915 437 2027 470 esset

256 491 298 530 in
331 490 503 543 praedio
535 490 637 536 vitii,
670 490 710 528 id
745 495 991 533 statuerunt,
1027 490 1060 528 si
1093 491 1282 529 venditor
1313 491 1450 537 sciret,
1484 491 1560 529 nisi
1596 493 1838 532 nominatim
1868 492 2025 533 dictum

256 558 378 599 esset,
411 552 611 606 praestari
644 558 853 604 oportere.
913 550 979 590 66.
1014 552 1074 599 Ut,
1106 566 1195 592 cum
1229 553 1271 591 in
1303 566 1396 592 arce
1429 554 1648 605 augurium
1681 568 1860 607 augures
1892 556 2057 596 actui-if,

256 620 395 655 essent
436 615 743 667 iussissentque
786 613 848 652 Ti.
885 613 1103 654 Claudium
1146 614 1464 662 Centumalum,
1511 616 1582 667 qui
1625 616 1750 656 aedes
1796 616 1838 656 in
1886 617 2024 658 Caelio

256 684 394 718 monte
426 677 620 722 habebat,
653 675 845 714 demoliri
878 688 938 721 ea,
971 689 1149 728 quorum
1182 677 1357 716 altitudo
1382 676 1570 717 officeret
1591 680 1803 731 auspiciis,
1827 679 2025 721 Claudius

255 740 499 794 proscripsit
539 738 742 784 insulam,
787 737 888 777 emit
926 738 967 776 P.
1002 737 1250 791 Calpurnius
1289 740 1506 779 Lanarius.
1576 741 1685 780 lluic
1716 742 1766 780 ab
1798 742 2026 794 auguribus

255 803 358 844 illud
401 803 511 842 idem
554 801 845 840 denuntiatum
887 805 962 838 est.
1034 800 1182 853 ltaque
1226 800 1476 853 Calpurnius
1518 815 1611 841 cum
1653 803 1873 844 demolitus
1916 810 2027 844 esset

254 870 562 918 cognossetque
594 862 813 902 Claudium
844 861 970 901 aedes
1003 869 1147 914 postea
1179 863 1489 916 proscripsisse,
1522 877 1645 917 quam
1677 871 1787 905 esset
1818 868 1869 906 ab
1896 879 2076 920 augu-to

255 928 370 967 ribus
402 926 593 966 demoliri
625 925 775 971 iussus,
808 925 1005 964 arbitrum
1039 925 1157 964 illum
1190 926 1351 978 adegit,
1384 939 1584 973 QvinQvin
1616 942 1694 967 sim
1726 942 1833 968 DARE
1866 944 2025 970 FACERE

254 1002 499 1029 oron'rffluss'r
531 1001 588 1027 Ex
618 1000 713 1026 Fini:
748 1000 868 1026 nom.
928 988 982 1026 M.
1016 986 1117 1026 Cato
1151 989 1402 1027 sententiam
1435 989 1550 1036 dixit,
1583 990 1708 1029 huius
1741 992 1872 1032 nostri
1907 993 2027 1034 Cato-

254 1053 318 1092 nis
351 1057 481 1105 pater.
546 1050 595 1090 Ut
626 1050 737 1089 enim
771 1050 898 1090 ceteri
931 1063 983 1089 ex
1016 1048 1223 1103 patribus,
1256 1051 1314 1090 sic
1346 1051 1434 1098 hic,
1468 1052 1538 1104 qui
1570 1052 1672 1091 illud
1709 1053 1846 1093 lumen
1878 1069 2026 1108 proge-

255 1115 366 1161 nuit,
399 1128 452 1154 ex
484 1111 568 1152 filio
601 1119 664 1153 est
694 1112 992 1153 nominandus.
1053 1113 1090 1152 ls
1122 1114 1246 1165 igitur
1276 1114 1404 1153 iudex
1436 1114 1493 1153 ita
1524 1116 1824 1166 pronuntiavit,
1856 1131 1950 1158 cum
1982 1119 2026 1158 in

254 1175 478 1216 vendundo
510 1189 596 1216 rem
631 1188 722 1214 eam
754 1176 902 1215 scisset
933 1181 974 1214 et
1005 1188 1087 1214 non
1119 1176 1446 1229 pronuntiasset,
1480 1178 1658 1229 emptori
1689 1177 1885 1219 damnum
1908 1194 2028 1234 prae·
2042 1192 2078 1220 r15

255 1239 354 1280 stari
385 1243 590 1291 oportere.
662 1236 726 1276 (37.
768 1238 877 1290 Ergo
910 1237 960 1277 ad
994 1236 1116 1277 fidem
1148 1239 1301 1278 bonam
1334 1241 1477 1278 statuit
1508 1241 1718 1291 pertinere
1758 1247 1903 1281 notum
1935 1256 2028 1284 esse

256 1302 435 1355 emptori
479 1301 648 1346 vitium,
689 1299 804 1352 quod
846 1305 990 1340 nosset
1029 1300 1235 1340 venditor.
1297 1300 1422 1348 Quod
1463 1300 1497 1340 si
1531 1307 1643 1341 recte
1674 1303 1897 1351 iudicavit,
1941 1318 2027 1345 non

255 1371 368 1405 recte
409 1363 707 1403 frumentarius
747 1362 840 1410 ille,
881 1376 964 1402 non
1005 1368 1116 1402 recte
1148 1363 1314 1402 aedium
1347 1363 1635 1416 pestilentium
1669 1366 1858 1406 xenditor
1887 1369 2027 1408 tacuit.

257 1428 338 1467 Sed
370 1427 495 1466 huius
529 1425 641 1465 modi
670 1424 917 1464 reticentiae
948 1425 1039 1464 iure
1073 1425 1185 1465 civili
1218 1439 1364 1465 omnes
1396 1426 1680 1478 conprehendi
1714 1441 1799 1468 non
1832 1437 2027 1481 possunt:

256 1503 364 1544 quae
405 1494 545 1529 autem
586 1493 761 1541 possunt
801 1486 1024 1540 diligenter
1056 1492 1263 1527 tenentur.
1323 1489 1377 1528 M.
1410 1488 1567 1529 Marius
1601 1489 1891 1540 Gratidianus,
1933 1503 2078 1546 pro-20

255 1552 437 1605 pinquus
468 1556 633 1597 noster,
678 1550 719 1590 C.
744 1550 887 1603 Sergio
920 1550 1070 1590 Oratae
1103 1549 1346 1591 vendiderat
1376 1550 1503 1591 aedes
1535 1564 1629 1599 eas,
1661 1566 1766 1605 quas
1797 1553 1847 1592 ab
1879 1556 2028 1595 eodem

255 1615 345 1667 ipse
387 1613 531 1666 paucis
572 1618 667 1652 ante
706 1613 827 1652 annis
870 1618 1041 1652 emerat.
1099 1613 1183 1652 Eae
1215 1613 1474 1660 serviebant,
1514 1613 1588 1653 sed
1627 1614 1708 1654 hoc
1746 1614 1788 1654 in
1819 1618 2029 1670 mancipio

256 1677 412 1718 Marius
450 1691 534 1716 nou
575 1676 762 1715 dixerat:
808 1675 989 1715 adducta
1034 1689 1102 1714 res
1147 1675 1191 1714 in
1237 1675 1439 1716 iudicium
1481 1682 1556 1716 est.
1631 1676 1803 1718 Oratam
1845 1679 2029 1728 Crassus,

257 1740 549 1780 Gratidianum
590 1736 844 1778 defendebat
875 1739 1095 1778 Antonius.
1165 1739 1235 1777 Ius
1278 1738 1450 1778 Crassus
1490 1739 1714 1791 urguebat,
1760 1742 1906 1794 «quod
1939 1743 2030 1783 vitii

258 1802 451 1843 venditor
488 1816 571 1841 non
612 1802 787 1841 dixisset
819 1801 977 1849 sciens,
1021 1800 1061 1839 id
1094 1807 1289 1853 oportere
1321 1802 1570 1854 praestari‚›)
1616 1803 1870 1855 aequitatem
1899 1807 2080 1846 Anto-25

257 1864 373 1911 nius,
419 1864 654 1917 «quoniam
688 1862 729 1903 id
760 1863 907 1903 vitium
940 1864 1130 1916 ignotum
1163 1865 1310 1917 Sergio
1344 1878 1429 1904 non
1460 1865 1633 1912 fuisset,
1675 1866 1747 1919 qui
1779 1866 1872 1906 illas
1903 1867 2031 1907 aedes

258 1927 541 1973 vendidisset,
586 1926 689 1966 nihil
728 1926 858 1965 fuisse
901 1940 1074 1966 necesse
1107 1927 1188 1967 dici
1220 1941 1298 1967 nec
1330 1941 1424 1967 eum
1457 1942 1549 1968 esse
1583 1928 1827 1982 deceptum,
1870 1930 1942 1983 qui
1974 1929 2031 1978 id,

258 1989 369 2043 quod
403 1994 570 2036 emerat,
603 2002 687 2042 quo
710 1989 798 2028 iure
822 1995 932 2028 esset
956 1994 1155 2029 teneret.»
1218 1987 1285 2029 68.
1319 1990 1511 2038 Quorsus
1532 1990 1663 2031 haec?
1710 1991 1762 2031 Ut
1781 1991 1888 2031 illud
1910 1992 2032 2032 intel-

258 2051 386 2104 legas,
418 2064 504 2090 non
535 2050 742 2104 placuisse
773 2050 1000 2091 maioribus
1032 2052 1187 2092 nostris
1219 2057 1394 2092 astutos.

371 2114 501 2153 XVII.
548 2114 630 2153 Sed
670 2114 793 2153 aliter
832 2114 967 2166 leges,
1014 2115 1135 2154 aliter
1173 2115 1417 2168 philosophi
1456 2116 1611 2156 tollunt
1650 2116 1851 2156 astutias:
1902 2117 2030 2169 leges,
2045 2128 2081 2158 30

259 2181 467 2229 quatenus
501 2189 626 2215 manu
657 2181 800 2215 tenere
834 2182 1029 2229 possunt,
1064 2177 1328 2230 philosophi,
1362 2183 1568 2231 quatenus
1600 2180 1761 2218 ratione
1794 2183 1835 2218 et
1866 2178 2032 2219 intelle-

261 2238 414 2291 gentia.
474 2238 595 2278 Ratio
629 2251 727 2290 ergo
767 2237 845 2279 hoc
876 2239 1082 2292 postulat,
1123 2253 1175 2279 ne
1207 2240 1309 2293 quid
1340 2240 1568 2289 insidiose,
1609 2255 1661 2281 ne
1694 2241 1794 2293 quid
1826 2241 2032 2288 simulate,

349 2430 380 2461 4.
408 2439 486 2461 nam
509 2439 583 2462 cum
606 2439 649 2462 ea:
673 2432 778 2462 duode
800 2432 917 2472 linqua
940 2436 1135 2470 nuncupata
1161 2433 1290 2463 Nonius
1315 2441 1348 2473 p.
1365 2432 1439 2470 374,
1467 2441 1536 2472 quo
1561 2433 1703 2463 auctore
1729 2431 1849 2463 tabulis
1873 2431 1941 2464 del.
1962 2434 1985 2464 Ι.
2000 2434 2033 2464 F.

264 2480 476 2520 Heusinge1·;
503 2480 566 2511 sed
591 2481 685 2521 apud
710 2482 859 2512 Nonium
886 2482 1070 2513 manifesto
1096 2481 1195 2523 plura
1222 2482 1440 2513 exciderunt.
1471 2499 1505 2503 —
1534 2481 1677 2522 [tabulis]
1704 2490 1722 2512 ο
1747 2500 1789 2504 ——
1824 2482 1854 2512 2.
1883 2483 1939 2521 qui
1963 2491 2034 2514 oni.

263 2538 284 2561 a.
311 2547 345 2551 —
370 2538 511 2568 poenam
536 2538 576 2562 c:
598 2540 708 2570 poena
731 2532 754 2562 B
770 2532 883 2567 Ilab3
911 2540 980 2562 om.
1001 2541 1022 2571 p
1051 2549 1084 2553 —
1112 2533 1195 2563 iuris
1219 2533 1373 2563 consultis
1398 2532 1421 2563 C
1437 2541 1476 2572 p:
1509 2532 1739 2562 iureconsultis
1764 2540 1781 2563 ο
1817 2547 1852 2553 -
1889 2532 1919 2563 3.
1939 2533 2038 2564 etiam

264 2587 334 2609 om.
354 2579 375 2609 b
404 2596 437 2601 -
464 2581 643 2611 constituta
665 2584 711 2612 est
734 2590 755 2622 p
794 2598 829 2603 -—
868 2584 948 2612 esset
972 2582 1004 2611 in
1027 2582 1166 2620 praedio
1192 2591 1228 2622 p:
1256 2582 1289 2612 in
1310 2582 1425 2621 predio
1449 2585 1527 2612 esset
1552 2590 1589 2618 c;
1616 2585 1661 2612 est
1684 2582 1715 2612 iu
1738 2583 1878 2621 praedio
1901 2583 1925 2613 Β
1942 2583 1967 2614 Η
1983 2584 2036 2615 ab

267 2644 301 2650 -
329 2628 360 2659 6.
390 2628 433 2658 Ti.
464 2628 542 2661 Car.
562 2631 733 2669 Langius:
760 2631 855 2661 titum
880 2632 1061 2671 Bllabp,
1092 2635 1126 2662 .t.
1155 2640 1173 2663 c
1209 2649 1243 2654 —-
1278 2632 1423 2663 cladium
1447 2640 1468 2671 p
1503 2649 1537 2654 —
1575 2635 1704 2662 centum
1728 2633 1853 2663 malum
1878 2633 1972 2664 Hah
1999 2650 2035 2655 —

265 2679 345 2717 quia
368 2678 460 2709 hedes
486 2687 506 2719 p
535 2697 569 2701 —
597 2680 626 2711 7.
647 2681 796 2712 demoliri
812 2690 849 2712 ea
868 2698 916 2703 --
933 2682 1089 2720 auspiciis
1113 2681 1243 2712 Nonius
1269 2691 1302 2722 p.
1320 2680 1379 2712 ⁴47
1407 2683 1441 2712 et
1465 2680 1539 2712 346.
1569 2698 1600 2701 -
1629 2690 1686 2711 eas
1709 2690 1730 2722 p
1755 2700 1797 2704 —
1821 2690 1884 2721 quo
1900 2682 2039 2713 altitudo

265 2736 283 2759 c
310 2745 352 2750 —
375 2728 500 2759 clodius
524 2737 556 2766 c,
582 2729 709 2761 eladius
735 2740 754 2771 p
784 2748 816 2752 —
845 2732 875 2761 S.
900 2732 1095 2770 proscripsit
1119 2732 1262 2762 insulam
1288 2730 1399 2762 Cobet
1426 2732 1607 2768 (Mnemos.
1628 2731 1655 2761 ll
1674 2740 1705 2771 p.
1723 2731 1819 2770 420):
1843 2733 2039 2772 proscripsit

264 2777 418 2816 insulam,
444 2780 591 2810 uendidit
614 2780 800 2812 Bllabo:
833 2781 1030 2820 proscripsit
1053 2781 1197 2812 insulam
1221 2784 1250 2812 ct
1273 2781 1419 2812 uendidit
1457 2788 1521 2819 op.
1570 2780 1655 2811 Vide
1688 2779 1732 2811 ad
1757 2790 1790 2821 p.
1817 2781 1892 2818 722,
1920 2781 1973 2812 47.
2002 2798 2037 2802 —

266 2828 296 2859 9.
324 2827 408 2858 idem
434 2837 502 2859 om.
523 2838 544 2869 p
573 2846 606 2850 -
636 2830 690 2860 40.
716 2833 886 2870 coynoscct
910 2830 1055 2861 cladium
1079 2840 1099 2871 p
1128 2848 1162 2852 -
1191 2831 1331 2861 clodium
1358 2838 1375 2861 c
1404 2846 1437 2850 —
1465 2829 1575 2860 hedeni
1600 2838 1620 2869 p
1649 2847 1684 2851 -
1712 2831 1764 2861 Μ.
1784 2831 1861 2869 quid
1878 2830 1937 2861 sibi
1962 2840 1984 2862 a.
2003 2849 2038 2854 —

267 2878 318 2908 ⁴2.
347 2877 431 2908 bona
453 2879 516 2918 fide
541 2888 560 2919 p
589 2893 624 2900 —
653 2879 705 2910 43.
733 2880 829 2910 ceteri
854 2890 875 2910 a
897 2880 1050 2919 patribus
1082 2887 1133 2920 cp
1161 2898 1196 2902 —
1225 2880 1276 2911 ‹li--
1304 2881 1337 2910 in
1361 2879 1581 2910 venundando
1604 2888 1625 2919 p
1654 2896 1688 2901 —
1722 2880 1773 2911 45.
1800 2889 1869 2912 rem
1892 2880 1977 2911 lianc
2001 2889 2038 2917 ος

266 2935 340 2958 eam
362 2936 431 2958 rem
456 2936 476 2968 p
501 2945 543 2950 —
567 2931 744 2968 emptorem
769 2930 949 2960 indemnem
974 2930 1094 2961 damno
1116 2930 1286 2969 praestari
1309 2933 1459 2968 oportere
1485 2930 1615 2960 Nonius
1642 2937 1674 2969 p.
1690 2929 1764 2961 3711.
1793 2947 1828 2952 -—
1862 2930 2042 2969 dampnum

268 2985 289 3016 p
317 2993 351 2998 —-
381 2976 432 3008 48.
458 2977 588 3009 hedium
614 2987 633 3018 p
659 2996 700 3000 —
738 2979 789 3009 ⁴9.
817 2988 926 3009 omncs
950 2988 1019 3010 om.
1042 2981 1064 3010 (2
1082 2989 1123 3020 p3
1151 2979 1298 3011 fortasse
1326 2978 1452 3009 excidit
1477 2980 1557 3018 post
1580 2988 1656 3009 non.
1686 2996 1719 3001 -—
1754 2980 1808 3011 20.
1836 2981 2044 3011 cratidianus

268 3027 292 3057 B
311 3027 406 3058 Hab
446 3044 480 3049 —
518 3028 572 3058 ⁶24.
601 3027 649 3068 G]
676 3028 712 3059 G.
737 3028 764 3058 11
804 3046 838 3050 —
877 3037 932 3059 eas
956 3029 1049 3060 hedes
1073 3039 1092 3070 p
1134 3046 1167 3051 -
1205 3030 1258 3060 022.
1284 3029 1339 3060 hcc
1364 3036 1416 3067 cp
1456 3045 1491 3050 —
1528 3028 1714 3060 serviebant
1737 3030 1761 3060 1.
1779 3030 1831 3061 Fr.
1849 3030 2043 3069 Heusinger

271 3075 358 3114 (coll.
387 3077 457 3108 Cic.
485 3076 529 3108 de
554 3079 641 3108 orat.
667 3078 680 3108 1
706 3078 817 3117 StTS.
845 3077 888 3108 de
913 3076 989 3117 lege
1015 3088 1086 3118 agr.
1113 3080 1157 3110 111
1184 3080 1274 3119 §mx
1312 3079 1419 3118 sergio
1443 3078 1628 3109 seruicbant
1659 3079 1682 3110 B
1699 3079 1815 3116 llab;
1853 3080 1960 3120 sei-pio
1985 3080 2045 3110 alii

270 3125 457 3157 seruiebant
482 3135 500 3158 c
528 3143 562 3148 —
591 3127 643 3157 23.
671 3130 715 3158 est
739 3128 772 3157 in
799 3128 955 3158 iudicium
979 3137 1032 3168 cp
1062 3147 1094 3150 —
1124 3127 1174 3160 24.
1201 3129 1430 3169 yraiidianwn
1456 3137 1546 3159 corr.
1566 3128 1599 3159 in
1623 3129 1849 3160 Gratidianum
1873 3138 1909 3166 a.;
1936 3129 2044 3159 crati-

273 3176 410 3206 dianum
433 3176 477 3211 B:
503 3177 724 3216 yralilianum
749 3186 768 3216 p
809 3194 842 3198 —
882 3179 1036 3209 antonius
1059 3187 1192 3209 crassus
1218 3179 1294 3216 (om.
1317 3179 1375 3216 ius)
1402 3179 1422 3209 b
1450 3195 1484 3200 >—
1521 3178 1683 3219 urguebat
1707 3180 1730 3210 B
1746 3180 1790 3210 11:
1819 3178 1979 3219 aryuebat
2002 3180 2040 3216 b;

274 3224 413 3264 urgebat
437 3233 522 3257 aco
550 3242 583 3247 —-
612 3227 698 3264 quod
721 3226 845 3258 uictum
870 3235 888 3258 c
928 3244 962 3248 —
1002 3228 1052 3259 20.
1080 3228 1248 3267 quoniam]
1275 3228 1361 3265 quod
1385 3235 1403 3258 c
1443 3245 1476 3249 —-
1515 3228 1566 3259 ²27.
1591 3229 1704 3268 suisset
1727 3237 1850 3260 necesse
1875 3237 1892 3260 c
1920 3245 1953 3250 —
1988 3228 2041 3259 28.

275 3276 394 3305 emeret
416 3282 434 3305 o
461 3291 495 3296 -
523 3275 603 3306 illud
627 3284 695 3307 om.
716 3276 744 3307 H
784 3294 819 3299 —
858 3276 912 3308 31.
939 3278 1095 3316 quatinus
1119 3285 1136 3308 c
1163 3276 1317 3317 (ubique)
1346 3294 1380 3299 —
1408 3280 1542 3309 eatenus
1564 3287 1666 3310 manu
1689 3287 1711 3319 p
1752 3296 1786 3301 -
1825 3277 1876 3310 32.
1904 3286 1942 3310 ne
1966 3278 2045 3318 quid

276 3324 356 3354 ante
383 3323 532 3356 Simulate
555 3333 628 3358 0111.
646 3334 681 3367 p.
