2249 3624
953 258 1290 300 FRAGMENTA.
1912 255 1992 296 933

254 369 303 409 Et
337 377 425 405 cum
463 362 528 402 ille
555 373 649 404 eos,
692 361 760 412 qui
789 361 864 399 sibi
894 362 1147 401 intentabant
1185 375 1351 410 manus,
1391 362 1534 414 prendi
1564 378 1585 402 a
1615 364 1752 403 lictore
1791 365 1989 414 iussisset,

255 430 363 470 fracti
390 428 474 466 eius
500 425 629 464 fasces
657 423 808 472 cuncti,
839 423 1079 475 lapidesque
1109 426 1226 463 etiam
1261 438 1308 464 ex
1340 425 1475 464 ultima
1505 428 1689 465 contione
1718 429 1755 465 in
1783 427 1989 465 consulem

255 492 364 532 iacti:
395 501 472 542 quo
502 485 670 526 tumultu
700 486 1193 538 Corneliusperturbatus
1220 488 1432 526 concilium
1462 490 1623 527 dimisit.
1680 492 1820 528 Actum
1841 489 1989 528 deinde

255 554 393 594 eadem
427 551 475 590 de
508 561 551 589 re
586 549 625 587 iu
655 555 799 588 senatu
839 555 901 587 est
938 551 1093 599 magnis
1134 551 1474 589 contentionibus.
1547 553 1645 589 Tum
1687 551 1897 590 Cornelius
1938 553 1988 590 ita

254 618 354 656 serre
380 625 515 654 rursus
543 611 689 663 coepit,
715 623 766 649 ne
785 612 876 662 quis
895 625 934 650 ιιι
955 618 1100 651 senatu
1121 612 1278 661 legibus
1298 613 1538 663 solveretur,
1568 615 1642 651 nisi
1672 616 1734 652 CC
1765 615 2021 664 all‘uissent,5

253 690 352 718 neve
380 677 487 728 quis,
529 686 618 712 cum
647 672 803 712 solutus
834 680 965 723 esset,
1001 674 1296 723 intercederet,
1337 688 1428 713 euni
1465 676 1515 713 de
1557 688 1604 714 ea
1642 690 1684 714 re
1718 676 1768 715 ad
1797 676 1989 727 populum

252 743 430 780 serretur.
495 738 600 776 Haec
642 737 729 774 sine
762 736 934 774 tumultu
971 748 1037 774 res
1071 742 1158 775 aeta
1199 743 1282 775 est:
1330 750 1447 775 nemo
1489 739 1593 776 enirn
1627 751 1775 786 negare
1817 744 1988 790 poterat,

250 815 320 855 pro
361 800 594 840 auctoritate
633 805 801 837 senatus
837 812 927 837 esse
969 812 1058 837 eam
1100 799 1251 849 legem:
1301 800 1373 838 sed
1414 806 1548 839 tamen
1596 814 1684 839 eam
1726 801 1814 840 tulit
1857 803 1989 841 invitis

250 862 526 917 optimatibus,
557 861 623 912 qui
661 860 725 898 vel
750 873 902 912 paucos
1068 890 1108 899 ..
1144 862 1357 911 gratificari
1399 862 1599 901 solebant.
1670 863 1797 901 Aliam
1843 864 1990 903 deinde

249 927 376 977 legem
415 923 648 972 Cornelius,
693 924 767 961 etsi
801 935 919 961 nemo
947 936 1178 975 repugnare
1221 937 1345 962 ausus
1385 930 1468 973 cst,
1514 924 1647 963 multis
1684 931 1818 964 tamen
1858 928 2040 970 invitisio

248 989 346 1039 tulit,
374 995 417 1028 ut
444 992 654 1039 praetores
692 998 743 1024 ex
770 986 913 1024 edictis
942 987 1025 1024 suis
1052 988 1261 1038 perpetuis
1292 988 1353 1025 ius
1380 987 1576 1026 dicerent.
1632 992 1744 1035 Quae
1781 1001 1846 1026 res
1888 1002 1990 1028 cun-

248 1059 348 1091 ctam
375 1051 541 1102 gratiam
569 1049 792 1089 ambitiosis
820 1050 1099 1101 praetoribus,
1132 1051 1201 1100 qui
1221 1052 1330 1089 varie
1348 1051 1409 1088 ius
1427 1050 1563 1089 dicere
1581 1051 1781 1100 solebant,
1816 1052 1989 1090 sustulit.

246 1114 353 1154 Alias
389 1125 551 1165 quoque
594 1111 826 1162 complures
864 1111 975 1162 leges
1019 1112 1231 1151 Cornelius
1274 1112 1565 1163 promulgavit,
1618 1113 1766 1163 quibus
1806 1113 1990 1164 plerique

248 1176 423 1228 collegae
448 1176 792 1214 intercesserunt:
824 1188 900 1226 per
926 1188 1029 1226 quas
1058 1176 1338 1214 contentiones
1367 1182 1473 1214 totus
1496 1189 1624 1227 prope
1648 1176 1876 1215 tribunatus
1905 1178 1992 1216 eius

245 1245 432 1291 peractus
461 1244 535 1278 est.
605 1238 813 1289 Sequente
854 1237 1003 1277 deinde
1047 1251 1151 1277 anno
1189 1239 1240 1277 M'
1272 1238 1423 1289 Lepido
1465 1240 1507 1277 L.
1538 1238 1717 1276 Volcatio
1753 1252 1875 1288 coss,
1910 1252 1990 1290 quo
2008 1252 2042 1281 15

246 1314 348 1341 anno
374 1307 536 1352 praetor
573 1302 716 1341 Cicero
742 1301 835 1350 fuit,
876 1313 989 1339 reum
1021 1300 1252 1339 Cornelium
1281 1300 1360 1339 duo
1397 1301 1540 1339 fratres
1575 1300 1742 1340 Cominii
1770 1300 1859 1351 lege
1889 1302 1993 1340 Cor-

245 1363 346 1403 nelia
376 1363 426 1402 de
453 1364 664 1402 maiestate
692 1364 888 1402 fecerunt.
958 1363 1107 1402 Detulit
1146 1376 1294 1401 nomen
1333 1362 1522 1411 Publius,
1565 1362 1807 1414 subscripsit
1849 1364 1989 1411 Caius;

247 1433 288 1465 et
329 1438 418 1465 cum
462 1426 504 1464 P.
534 1425 702 1465 Cassius
739 1431 904 1476 praetor
948 1425 1105 1464 decimo
1139 1425 1228 1474 die,
1273 1432 1315 1464 ut
1353 1438 1439 1463 mos
1479 1431 1564 1474 est,
1605 1425 1752 1463 adesse
1790 1426 1990 1472 iussisset,

247 1500 375 1540 eoque
403 1487 468 1527 die
496 1489 584 1540 ipse
615 1501 694 1527 non
727 1489 929 1538 affuisset,
974 1501 1046 1527 seu
1076 1495 1269 1528 avocatus
1306 1495 1473 1540 propter
1509 1488 1658 1539 publici
1694 1489 1877 1526 frumenti
1919 1501 1991 1526 cu-

247 1563 329 1590 ram
357 1561 430 1590 seu
459 1551 690 1601 gratificans
720 1564 812 1601 reo,
856 1553 1118 1591 circumventi
1157 1557 1251 1590 sunt
1285 1557 1378 1591 ante
1406 1551 1582 1590 tribunal
1615 1552 1701 1590 eius
1733 1557 1992 1590 accusatores
2006 1563 2043 1593 20

247 1625 268 1652 a
296 1613 400 1652 notis
429 1626 643 1666 operarum
673 1614 872 1664 ducibus,
901 1616 954 1654 ita
986 1621 1028 1653 ut
1058 1628 1166 1653 mors
1194 1616 1485 1664 intentaretur,
1520 1616 1550 1652 si
1581 1627 1673 1653 mox
1700 1627 1781 1652 non
1815 1614 1992 1652 desiste-

247 1682 346 1715 rent.
401 1678 530 1724 Quam
558 1678 780 1728 perniciem
810 1678 876 1716 vix
904 1678 1131 1728 effugerunt
1165 1678 1396 1716 interventu
1431 1678 1667 1726 consulum,
1708 1677 1774 1727 qui
1811 1675 1994 1714 advocati

247 1751 313 1777 reo
339 1737 654 1778 descenderant.
721 1741 769 1778 Et
799 1753 889 1779 cum
917 1741 957 1778 in
986 1740 1117 1779 scalas
1155 1740 1353 1792 quasdam
1396 1740 1563 1779 Cominii
1604 1740 1825 1790 fugissent,
1867 1737 1993 1776 clausi

246 1803 284 1840 in
309 1808 466 1841 noctem
496 1801 550 1841 ibi
580 1814 624 1840 se
658 1802 983 1851 occultaverunt,
1023 1801 1172 1841 deinde
1204 1815 1279 1854 per
1307 1808 1411 1841 tecta
1450 1803 1672 1841 vicinarum
1707 1800 1865 1840 aedium
1894 1812 1992 1851 pro-

246 1864 431 1915 fugerunt
458 1877 509 1903 ex
537 1864 657 1904 Urbe.
724 1866 890 1904 Postero
925 1864 989 1903 die
1019 1878 1109 1903 cum
1140 1866 1180 1903 P.
1212 1865 1378 1904 Cassius
1411 1864 1637 1904 assedisset
1665 1870 1703 1901 et
1733 1863 1837 1901 citati
1869 1874 2041 1904 acen-25

247 1933 400 1966 satores
439 1940 518 1966 non
553 1927 770 1978 adessent,
815 1934 1047 1979 exemptum
1084 1940 1232 1966 nomen
1271 1934 1332 1966 est
1366 1927 1416 1966 de
1458 1928 1537 1965 reis
1567 1926 1755 1965 Cornelii.
1824 1924 1993 1963 Cominii

246 1995 377 2029 autem
417 2002 562 2041 magna
602 1991 762 2030 infamia
800 1992 1075 2041 flagraverunt
1109 1990 1345 2029 vendidisse
1385 1990 1587 2028 silentium
1622 2001 1766 2039 magna
1805 1988 1990 2040 pecunia.

247 2053 449 2104 Sequente
489 2052 637 2092 deinde
677 2067 807 2104 anno,
847 2055 890 2092 L.
929 2056 1044 2094 Cotta
1087 2055 1126 2092 L.
1157 2055 1360 2105 Torquato
1391 2066 1521 2101 coss.,
1564 2065 1643 2104 quo
1675 2052 1774 2090 baec
1810 2051 1934 2088 oratio
1971 2062 1993 2088 a

247 2115 440 2154 Cicerone
468 2116 672 2167 praetorio
700 2115 805 2155 dicta
836 2122 911 2165 est,
941 2129 1031 2155 cum
1066 2118 1092 2165 ἦ
1121 2116 1250 2167 prima
1279 2128 1373 2167 pars
1405 2116 1451 2153 M.
1483 2114 1677 2155 Manilius,
1707 2114 1774 2164 qui
1802 2112 1992 2151 iudicium

246 2189 318 2229 per
345 2190 561 2230 operarum
591 2177 718 2217 duces
747 2179 1006 2228 turbaverat,
1043 2178 1190 2217 deinde
1229 2177 1338 2230 quod
1369 2190 1418 2215 ex
1449 2178 1488 2216 S.
1523 2178 1565 2215 C.
1599 2189 1703 2215 anno
1733 2188 1815 2213 cos.
1853 2204 1990 2213 .....
2006 2185 2042 2215 3ο

246 2241 558 2292 praesidebant,
600 2248 640 2280 et
666 2241 814 2280 iudicio
854 2255 934 2281 non
971 2241 1253 2292 respondisset
1288 2270 1430 2279 .....
1459 2246 1581 2291 atque
1621 2244 1731 2277 esset
1763 2237 1990 2287 damnatus,

247 2304 514 2342 recreavisset
537 2333 672 2342 .....
704 2304 782 2342 iam
811 2310 977 2355 accepta
1009 2304 1182 2354 pecunia
1215 2303 1355 2341 tollere
1390 2304 1444 2342 ait
1475 2331 1613 2341 .....
1645 2301 1874 2339 Cornelium
1904 2299 1991 2349 lege

246 2365 478 2405 maiestatis.
534 2367 614 2406 Res
635 2372 723 2405 acta
744 2373 806 2405 est
825 2379 969 2415 magna
999 2366 1303 2416 exspectatione
1333 2367 1358 2415 -ζκ
1379 2377 1530 2416 paucos
1559 2369 1650 2402 ante
1678 2374 1740 2400 me
1769 2374 1863 2411 ergo
1886 2392 1893 2400 .
1916 2389 1925 2398 .
1949 2391 1956 2398 .

248 2427 471 2478 Cornelius,
502 2429 744 2480 perterritus
783 2428 928 2467 Manilii
958 2428 1067 2467 exitu
1088 2456 1228 2466 .....
1250 2428 1289 2465 in
1316 2426 1507 2466 iudicium
1533 2425 1728 2473 adhibuit,
1759 2431 1802 2462 ut
1827 2436 1876 2462 ne
1906 2422 1992 2461 cla-

246 2501 331 2528 mor
368 2490 533 2542 quidem
574 2491 679 2530 ullus
722 2491 772 2530 ab
802 2491 1008 2530 advocatis
1052 2492 1138 2529 eius
1180 2492 1364 2529 oriretur.
1433 2491 1628 2528 Dixerunt
1668 2488 1706 2525 in
1736 2500 1827 2525 eum
1860 2485 2042 2525 inl'esti35

246 2553 471 2593 testimonia
499 2555 706 2606 principes
735 2555 928 2603 civitatis,
972 2555 1039 2605 qui
1072 2554 1289 2605 plurimum
1324 2554 1363 2591 in
1393 2558 1536 2591 senatu
1562 2555 1770 2602 poterant,
1811 2550 1843 2595 Q
1888 2548 1991 2586 llor-

246 2615 414 2666 tensiuS‚
445 2617 491 2663 Q.
521 2616 703 2665 Catulus,
733 2618 779 2663 Q.
809 2615 993 2655 Metellus
1022 2618 1128 2666 Pius,
1159 2617 1200 2655 L.
1230 2615 1432 2663 Lucullus,
1467 2614 1511 2652 Μ’
1539 2611 1729 2664 Lepidus.
1797 2611 1993 2649 Dixerunt

247 2682 379 2716 autem
418 2678 511 2717 hoc:
556 2678 707 2718 vidisse
740 2691 808 2728 se,
849 2691 939 2717 curn
974 2678 1185 2718 Cornelius
1214 2679 1252 2716 in
1282 2677 1489 2716 tribunatu
1527 2674 1708 2713 codicem
1746 2686 1818 2726 pro
1849 2672 1991 2711 rostris

246 2738 332 2790 ipse
363 2742 574 2790 recitaret,
613 2741 723 2793 quod
750 2748 843 2782 ante
878 2741 1109 2781 Cornelium
1138 2753 1256 2779 nemo
1299 2741 1443 2778 secisse
1487 2738 1802 2776 existimaretur.
1868 2733 1991 2773 Vole—

247 2800 343 2841 bant
379 2804 529 2854 videri,
574 2817 618 2844 se
658 2805 839 2844 iudicare
877 2817 965 2843 eam
1005 2817 1089 2843 rem
1133 2817 1277 2855 magno
1321 2814 1443 2855 opere
1484 2801 1535 2840 ad
1572 2802 1723 2838 crimen
1758 2798 1990 2836 imminutae
2006 2806 2041 2836 40

247 2865 466 2905 maiestatis
500 2867 740 2906 tribuniciae
777 2867 1004 2918 pertinere:
1058 2868 1206 2905 etenim
1251 2877 1378 2917 prope
1414 2863 1630 2903 tollebatur
1662 2861 1923 2909 intercessio,
1959 2859 1992 2897 si

247 2924 288 2963 id
315 2927 485 2967 tribunis
513 2930 830 2980 permitteretur.
887 2931 1026 2975 Cicero,
1058 2933 1145 2977 quia
1172 2941 1251 2966 non
1280 2932 1436 2978 poterat
1463 2936 1612 2975 negare
1641 2924 1680 2961 id
1709 2924 1855 2962 sactum
1884 2933 1989 2971 esse,

251 3000 296 3026 eo
324 2990 520 3042 confugit,
550 2997 596 3031 ut
623 2991 797 3041 diceret,
827 3004 906 3030 non
933 2991 1039 3041 ideo,
1071 2990 1179 3042 quod
1208 2990 1336 3028 lectus
1366 2990 1414 3027 sit
1442 2987 1571 3026 codex
1600 3000 1620 3025 a
1650 2985 1825 3034 tribuno,
1858 2984 1991 3022 immi-

249 3055 385 3090 nutam
422 3064 513 3092 esse
549 3053 806 3093 tribuniciam
844 3059 1102 3105 potestatem.
1169 3054 1255 3099 Qua
1284 3064 1378 3089 vero
1407 3056 1492 3090 arte
1521 3055 1559 3087 et
1588 3049 1755 3087 scientia
1784 3046 1988 3094 orationiS,

249 3111 301 3151 ita
327 3120 370 3153 ut
397 3121 437 3154 et
464 3115 699 3166 dignitatem
728 3116 1043 3155 clarissimorum
1072 3117 1240 3164 civium,
1277 3120 1414 3153 contra
1443 3125 1546 3164 quos
1574 3111 1758 3160 dicebat,
1795 3122 1876 3148 non
1903 3110 1990 3146 vio·
2004 3125 2040 3155 45

248 3172 373 3226 lar-et,
416 3183 456 3217 et
487 3184 624 3218 tamen
659 3180 897 3218 auctoritate
938 3191 1076 3217 eorum
1105 3178 1210 3217 laedi
1238 3189 1351 3215 reum
1378 3188 1459 3214 non
1486 3180 1716 3226 pateretur,
1757 3178 1990 3224 quantaque

335 3325 388 3361 4⁴.
420 3328 472 3361 An
490 3330 662 3369 potestatis
684 3329 790 3362 tribf?
836 3330 895 3363 Οιι.
