2249 3624
304 116 384 162 434
693 122 762 162 DE
792 119 998 160 FINIBUS
1030 118 1290 160 BONORUM
1319 119 1389 159 ET
1421 118 1686 160 MALORUM

302 234 471 275 virtutis
507 235 649 275 lumen
685 233 938 273 exstinxeris
980 236 1022 272 et
1058 232 1253 272 virtutem
1291 232 1457 284 penitus
1496 230 1709 270 everteris.
1768 226 1835 270 Μ.
1865 230 2067 272 Dicuntur

301 298 399 345 ista,
431 298 553 346 Cato,
597 295 836 349 magnifice,
878 296 1068 349 inquam,
1100 295 1173 334 sed
1205 295 1378 334 videsne
1410 294 1630 333 verborum
1662 292 1838 345 gloriam
1868 292 1944 332 tibi
1974 307 2066 333 cum

301 361 516 415 Pyrrhone
548 362 590 399 et
620 373 713 399 cum
744 358 960 406 Aristone,
995 358 1067 410 qui
1098 358 1238 397 omnia
1268 361 1524 409 exaequant,
1558 369 1650 395 esse
1680 357 1975 394 communem?
2015 355 2066 395 de

302 423 454 476 quibus
486 425 605 478 cupio
638 422 743 461 scire
773 420 875 473 quid
908 422 1075 460 sentias.
1133 420 1277 472 Egone
1310 418 1501 472 quaeris,
1540 418 1695 471 inquit,
1727 416 1829 471 quid
1859 417 2066 457 sentiam?

269 495 410 538 squos
440 486 571 526 bonos
602 484 735 530 viros,
766 482 918 531 fortes,
950 483 1101 529 iustus,
1134 481 1372 520 moderatos
1394 487 1465 520 aut
1485 480 1723 520 audivimus
1754 480 1797 519 in
1828 493 1872 519 re
1903 480 2069 533 publica

300 547 431 588 fuisse
472 554 544 588 aut
583 546 663 600 ipsi
698 545 903 592 vidimus,
950 546 1021 598 qui
1064 544 1153 584 sine
1195 544 1283 583 ulla
1314 543 1505 582 doctrina
1544 548 1735 581 naturam
1770 542 1905 595 ipsam
1936 542 2069 582 secuti

301 610 432 650 multa
470 609 697 651 laudabilia
734 607 940 655 fecerunt,
983 620 1054 647 eos
1092 606 1241 645 melius
1272 619 1295 645 a
1326 610 1472 645 natura
1510 605 1721 644 institutos
1751 604 1903 652 fuisse,
1944 617 2070 657 quam

300 672 461 712 institui
488 672 726 725 potuissent
745 683 768 710 a
789 670 1075 723 philosophia,
1108 669 1142 708 si
1164 668 1293 707 ullam
1314 668 1437 707 aliam
1459 667 1752 720 probavissent
1773 672 1940 720 praeter
1961 680 2066 714 eam,

303 748 409 789 quae
440 735 541 774 nihil
572 733 687 774 aliud
719 733 763 772 in
792 733 915 772 bonis
946 732 1071 771 habet
1101 731 1182 770 nisi
1212 730 1457 777 honestum,
1488 729 1593 768 nihil
1615 730 1695 768 nisi
1718 736 1838 783 turpe
1861 730 1903 769 in
1925 729 2069 769 malis:

254 805 289 833 ⁴0
303 802 465 837 ceterae
503 796 851 850 philosophorum
895 794 1165 847 disciplinae,
1207 792 1379 832 omnino
1411 792 1494 831 alia
1525 792 1654 843 magis
1685 792 1786 839 alia,
1827 791 1900 831 sed
1931 797 2071 831 tamen

303 873 468 907 omnes,
500 873 608 913 quae
640 872 726 898 rem
757 857 884 897 ullam
915 857 1080 897 virtutis
1114 856 1177 876 *²*
1209 860 1424 908 expertem
1456 860 1525 894 aut
1555 855 1597 893 in
1629 854 1750 911 bonis
1782 859 1853 893 aut
1883 854 1926 893 in
1951 854 2071 894 malis

302 926 546 970 numerent,
578 934 649 961 eas
679 934 762 960 non
795 919 919 959 modo
951 918 1056 958 nihil
1087 918 1282 958 adiuvare
1314 918 1492 957 arbitror
1518 929 1658 969 neque
1680 917 1708 967 †
1731 915 1952 963 affirmare,
1986 930 2071 969 quo

302 984 498 1024 meliores
539 984 688 1031 simus,
731 982 802 1022 sed
834 982 968 1035 ipsam
1000 981 1228 1033 depravare
1261 985 1464 1019 naturam.
1525 980 1628 1018 Nam
1659 978 1741 1017 nisi
1772 978 1850 1018 hoc
1882 978 2072 1032 optinea-

302 1052 388 1094 tur,
433 1047 476 1086 id
516 1046 652 1086 solum
694 1045 849 1085 bonum
888 1057 1002 1091 esse,
1047 1042 1160 1096 quod
1202 1042 1426 1081 honestum
1459 1041 1532 1087 sit,
1579 1040 1695 1080 nullo
1736 1041 1862 1080 modo
1904 1041 2071 1094 probari

253 1118 288 1146 45
302 1109 433 1163 possit
471 1109 634 1149 beatam
666 1108 793 1148 vitam
823 1107 975 1147 virtute
1007 1105 1130 1146 effici.
1195 1104 1319 1153 Quod
1352 1105 1384 1143 si
1422 1104 1478 1143 ita
1509 1104 1583 1150 sit,
1624 1116 1697 1142 cur
1728 1116 1856 1156 opera
1886 1103 2072 1156 philoso-

302 1171 425 1225 phiae
457 1172 511 1211 sit
542 1170 701 1217 danda,
733 1171 886 1210 nescio.
948 1169 989 1208 Si
1022 1168 1134 1207 enim
1166 1167 1333 1220 sapiens
1365 1166 1516 1219 aliquis
1549 1166 1675 1205 miser
1706 1179 1798 1205 esse
1829 1166 1987 1219 possit,
2018 1178 2071 1205 ne

303 1246 381 1287 ego
425 1234 546 1274 istam
592 1233 819 1286 gloriosam
862 1231 1257 1283 memorabilemque
1300 1229 1495 1270 virtutem
1533 1242 1618 1268 non
1658 1241 1809 1281 magno
1849 1229 2072 1270 aestiman-

305 1295 399 1336 dam
431 1301 587 1349 putem.

415 1359 484 1398 lV.
516 1355 582 1396 sl'z).
616 1357 733 1406 Quae
763 1356 921 1403 adhuc,
956 1356 1076 1403 Cato,
1110 1370 1132 1395 a
1163 1361 1203 1395 te
1229 1353 1337 1395 dicta
1359 1359 1476 1401 sunt,
1508 1354 1677 1401 eadem,
1708 1355 1903 1408 inquam,
1935 1353 2072 1394 dicere

253 1431 472 1475 20posses,
513 1420 546 1460 si
591 1432 816 1473 sequerere
856 1418 1115 1472 Pyrrhonem
1156 1423 1226 1458 aut
1255 1417 1508 1456 Aristonem.
1567 1418 1651 1456 Nec
1682 1419 1793 1457 enim
1824 1419 1990 1470 ignoras
2022 1417 2074 1456 iis

305 1483 417 1523 istud
449 1482 670 1522 honestum
703 1495 787 1522 non
819 1495 1025 1521 summum
1060 1481 1204 1528 modo,
1237 1480 1311 1520 sed
1343 1480 1488 1527 etiam,
1520 1485 1566 1519 ut
1587 1485 1630 1519 tu
1652 1480 1729 1527 vis,
1761 1481 1896 1520 solum
1918 1480 2072 1519 bonum

303 1545 464 1586 videri:
496 1545 610 1599 quod
642 1545 677 1585 si
707 1545 765 1584 ita
797 1550 880 1591 est,
917 1544 1108 1597 sequitur
1138 1543 1180 1582 id
1213 1544 1371 1596 ipsum,
1404 1541 1516 1595 quod
1550 1547 1589 1581 te
1620 1542 1727 1582 velle
1759 1542 1897 1590 video,
1930 1555 2075 1582 omnes

304 1620 470 1661 semper
498 1607 644 1648 beatos
677 1621 768 1647 esse
801 1607 1024 1660 sapientes.
1075 1607 1218 1646 Hosne
1257 1606 1384 1658 igitur
1418 1605 1563 1644 laudas
1595 1610 1635 1644 et
1664 1605 1771 1645 hanc
1803 1619 1970 1653 eorum,
2012 1606 2075 1644 in-

304 1683 448 1724 quam,
479 1671 730 1710 sententiam
762 1670 883 1723 sequi
914 1682 991 1708 nos
1024 1682 1168 1708 censes
1201 1670 1427 1721 oportere?
1459 1667 1629 1707 Minime
1654 1681 1751 1707 vero
1783 1668 1960 1707 istorum
1985 1667 2075 1722 qui-

254 1744 290 1772 25
305 1733 418 1781 dem,
450 1734 599 1786 inquit.
655 1733 756 1772 Cum
789 1732 899 1772 enini
931 1732 1096 1771 virtutis
1126 1731 1207 1771 hoc
1240 1732 1457 1783 proprium
1489 1731 1562 1777 sit,
1595 1743 1738 1770 earum
1769 1744 1931 1778 rerum,
1966 1744 2074 1784 quae

304 1795 532 1835 secundum
564 1800 753 1835 naturam
786 1801 902 1841 sunt,
933 1795 1088 1834 habere
1111 1794 1339 1840 delectum,
1373 1793 1443 1846 qui
1472 1793 1613 1832 omnia
1639 1794 1698 1832 sic
1720 1798 2073 1846 exaequaverunt,

305 1864 349 1897 ut
380 1858 422 1897 in
454 1863 675 1911 utramque
708 1864 865 1911 partem
898 1859 952 1896 ita
986 1857 1100 1909 paria
1132 1856 1379 1903 redderent,
1411 1856 1471 1894 uti
1503 1856 1618 1895 nulla
1645 1856 1873 1895 selectione
1905 1862 2074 1895 uteren-

303 1925 392 1966 tur,
424 1920 452 1959 ii
483 1921 678 1959 virtutem
710 1921 843 1972 ipsam
875 1919 1146 1959 sustulerunt.
1208 1915 1273 1957 13.
1306 1919 1419 1958 lstud
1455 1919 1645 1971 quidem,
1688 1918 1883 1971 inquam,
1916 1919 2073 1971 optime

305 1982 428 2029 dicis,
460 1982 533 2021 sed
566 1995 745 2035 quaero,
778 1996 918 2022 nonne
950 1982 1025 2021 tibi
1056 1980 1292 2020 faciendum
1325 1981 1435 2020 idem
1469 1982 1541 2027 sit,
1578 1981 1683 2020 nihil
1717 1982 1871 2021 dicenti
1902 1981 2074 2028 bonum,

253 2057 289 2084 3⁰
305 2044 415 2098 quod
455 2057 541 2083 non
582 2050 738 2084 rectum
779 2044 1090 2097 honestumque
1123 2044 1196 2090 sit,
1236 2044 1494 2096 reliquarum
1527 2057 1663 2083 rerum
1697 2043 1918 2084 discrimen
1951 2058 2073 2085 omne

303 2107 498 2146 tollenti?
532 2106 574 2145 Si
608 2107 803 2160 quidem,
835 2107 993 2160 inquit,
1026 2106 1233 2153 tollerem,
1267 2106 1339 2144 sed
1362 2107 1569 2159 relinquo.
1618 2103 1682 2145 44.
1708 2106 1900 2153 Quonam
1923 2107 2073 2146 modo?

303 2171 492 2223 inquam.
552 2169 594 2209 Si
626 2182 708 2208 una
738 2170 891 2216 virtus,
930 2182 1061 2207 unum
1094 2168 1226 2214 istud,
1259 2169 1371 2220 quod
1404 2169 1628 2207 honestum
1660 2168 1866 2221 appellaS‚
1899 2175 2073 2215 rectum,

303 2232 533 2279 laudabile,
579 2232 777 2271 decorum
808 2253 863 2258 -—
896 2231 973 2269 erit
1004 2231 1113 2269 enim
1146 2231 1286 2269 notius
1319 2231 1442 2283 quale
1475 2232 1528 2270 sit
1558 2230 1748 2282 pluribus
1781 2236 1971 2270 notatum
2002 2245 2074 2270 vo-

304 2295 460 2334 cabulis
491 2295 600 2333 idem
635 2293 940 2333 declarantibus
972 2314 1048 2339 —-,
1087 2292 1127 2331 id
1160 2294 1309 2345 igitur,
1352 2296 1546 2346 inquam,
1580 2294 1612 2331 si
1644 2292 1778 2332 solum
1812 2299 1874 2332 est
1902 2293 2073 2340 bonum,

253 2358 404 2411 35quid
451 2356 623 2396 habebis
663 2362 878 2409 praeterea
918 2355 1031 2409 quod
1074 2358 1282 2409 sequare?
1325 2362 1414 2402 aut,
1459 2356 1493 2394 si
1525 2355 1629 2394 nihil
1661 2355 1814 2394 malum
1846 2356 1927 2395 nisi
1960 2356 2073 2409 quod

303 2427 443 2475 turpe,
474 2420 769 2466 inhonestum,
800 2418 1064 2466 indecorum,
1096 2432 1294 2471 pravum,
1327 2418 1603 2470 flagitiosum,
1634 2416 1807 2457 foedum
1837 2439 1891 2446 —
1917 2423 1964 2458 ut
1993 2418 2073 2458 hoc

389 2596 422 2627 ⁴⁶2.
446 2595 555 2636 yloria
578 2596 603 2627 A
622 2612 657 2617 -
685 2595 716 2626 3.
739 2604 886 2635 pyrrona
910 2595 935 2625 A
947 2595 983 2631 Β,
1012 2595 1094 2626 item
1118 2604 1151 2626 v.
1174 2595 1225 2625 ΞΟ.
1248 2612 1281 2616 -
1310 2597 1498 2633 exaequant
1523 2602 1588 2624 esse
1613 2601 1694 2624 nos:
1722 2597 1921 2632 exequantes
1943 2594 2070 2626 seAB:

301 2649 482 2684 exaequent
505 2654 570 2676 esse
593 2645 664 2676 ΜΟ
685 2663 719 2668 —
746 2644 776 2676 4.
797 2645 932 2685 Eyone?
950 2646 981 2675 M
995 2645 1019 2674 O
1040 2662 1073 2667 —
1103 2643 1256 2684 [quaeris]
1277 2644 1300 2674 Ο
1320 2652 1399 2674 cuni
1419 2643 1611 2674 Goerenzio
1632 2660 1666 2664 —
1693 2643 1831 2681 inquam
1856 2645 1881 2674 A
1897 2643 1920 2673 Β
1948 2661 1975 2667 ι-
1996 2644 2073 2681 quid

301 2696 438 2727 senliam
461 2697 487 2727 A
503 2696 524 2726 Β
542 2696 585 2726 D:
612 2696 695 2727 scire
719 2696 797 2735 quia
820 2696 957 2725 sentiam
983 2694 1083 2725 codd.
1113 2694 1212 2725 deit:
1241 2694 1349 2734 [scire.
1377 2694 1454 2732 quid
1478 2693 1651 2733 εθιιίῐωιηίὶ]
1679 2693 1702 2723 O
1723 2701 1801 2723 cuin
1822 2692 2015 2723 Goerenzio
2036 2710 2068 2714 —

302 2746 333 2778 9.
350 2745 454 2786 habet]
472 2745 603 2776 haberet
619 2749 644 2776 A
658 2746 680 2776 B
700 2762 734 2767 -
756 2746 767 2776 4
782 2747 807 2776 1.
826 2745 957 2775 vir-culis
974 2747 1022 2763 ἣ
1040 2748 1206 2782 espen-lem
1225 2744 1400 2774 Breniius:
1430 2744 1561 2773 uit-tulis
1576 2746 1741 2781 &perlem
1761 2745 1783 2773 A
1796 2743 1879 2779 MO;
1907 2746 2073 2781 expertem

299 2797 378 2827 uirt.
406 2798 484 2833 (non
508 2799 658 2834 expelere
680 2796 770 2834 uirt.)
790 2796 864 2831 B&
892 2795 1023 2825 virtutis
1045 2798 1102 2824 aul
1127 2795 1195 2824 vitii
1217 2803 1291 2833 erp.
1315 2794 1488 2825 Davisius:
1514 2795 1589 2823 virt.
1610 2797 1667 2823 aut
1690 2793 1904 2831 lut-piendinis
1921 2801 1997 2831 exp.
2018 2791 2072 2822 alii

302 2862 337 2867 —-
358 2848 415 2875 aul
432 2844 528 2875 malis
544 2846 626 2882 (om.
646 2846 692 2881 in)
710 2847 736 2876 A
756 2862 791 2868 —
816 2846 864 2876 ⁴2.
884 2844 1051 2875 arbitrare
1066 2852 1169 2884 neque
1186 2845 1208 2874 B
1230 2861 1264 2864 -—
1289 2844 1470 2883 offirmare]
1490 2845 1610 2883 afferre
1628 2843 1705 2873 cod.
1728 2842 1925 2877 Leidensis;
1951 2843 2073 2882 confir-

300 2903 393 2925 mare
411 2895 435 2925 G
458 2896 492 2925 et
509 2894 672 2930 Orellius;
696 2897 835 2935 firmare
858 2895 1049 2934 Madvigius
1071 2910 1104 2915 —
1138 2894 1185 2925 13.
1213 2894 1275 2924 nisi
1298 2894 1356 2924 hoe
1381 2896 1403 2924 A
1421 2894 1443 2924 B
1461 2894 1503 2924 C:
1531 2894 1557 2923 si
1581 2894 1638 2923 hoe
1662 2902 1723 2923 non
1751 2894 1775 2923 O
1796 2910 1838 2914 —
1864 2892 1914 2923 45.
1941 2900 2001 2922 cur
2025 2893 2069 2922 A:

302 2952 371 2974 om.
390 2944 414 2974 B
435 2960 470 2965 —-
499 2944 549 2975 46.
569 2947 632 2975 sinc
649 2945 678 2975 cl.
699 2946 721 2975 B
738 2946 760 2976 E
786 2963 817 2967 —-
846 2954 884 2976 ne
901 2947 925 2975 A
942 2945 984 2975 B:
1010 2953 1074 2975 nae
1090 2945 1118 2974 M
1136 2944 1160 2974 O
1180 2961 1213 2965 -
1237 2944 1287 2974 lt).
1308 2952 1329 2973 a
1353 2943 1392 2982 le]
1411 2947 1486 2974 anle
1503 2945 1527 2974 A
1549 2959 1583 2964 —
1611 2944 1663 2974 ζΞΟ.
1684 2943 1753 2982 aul]
1779 2946 1808 2973 et
1831 2943 1855 2973 Β
1874 2958 1908 2962 -
1936 2942 2072 2981 iynoras

300 2994 340 3024 iis
364 2992 574 3032 Madvigius:
602 2995 737 3034 iynoras
760 2995 815 3024 siis
835 2996 881 3027 A:
908 2995 1043 3034 ignoras
1065 2995 1092 3024 si
1117 2995 1160 3030 B3
1187 2994 1337 3034 iynorasb,
1366 2994 1538 3032 [simililer]
1562 2994 1610 3023 liis
1634 2994 1657 3023 O
1677 3010 1711 3015 —
1738 2994 1790 3024 22.
1818 2991 1908 3030 sequi
1931 2991 1964 3021 id
1990 2990 2012 3021 E
2035 3007 2068 3012 -—

301 3044 354 3075 25.
374 3042 468 3083 quae]
488 3044 542 3082 qui
558 3045 584 3074 A
606 3059 639 3065 ·—
667 3044 718 3074 26.
744 3048 818 3074 sunt
835 3045 876 3074 G:
904 3045 966 3074 sin!
990 3044 1091 3074 ΑΒΜ
1103 3044 1126 3073 Ο
1149 3061 1181 3065 -—
1211 3044 1276 3083 qui]
1296 3053 1379 3082 quae
1405 3046 1425 3074 A
1443 3044 1465 3074 B
1488 3062 1520 3065 -
1548 3045 1600 3074 Ξῖ.
1627 3044 1672 3082 ul]
1699 3047 1727 3074 ct
1752 3043 1812 3074 BE
1829 3059 1872 3064 ν-
1895 3042 1943 3071 uti
1966 3040 2069 3081 nullu]

301 3097 336 3123 ut
360 3093 393 3123 in
416 3092 508 3123 nulla
532 3095 555 3123 A
571 3093 594 3124 B
613 3094 636 3125 C
652 3094 676 3125 E
706 3111 738 3115 —
770 3094 822 3125 ΞΒ.
849 3094 872 3123 ii
898 3094 1072 3124 Bremius:
1107 3093 1148 3131 hy
1171 3093 1214 3125 B:
1241 3093 1272 3122 hi
1298 3093 1348 3125 M:
1374 3093 1469 3123 huius
1494 3094 1516 3123 A
1533 3094 1578 3126 t:;
1613 3093 1681 3123 eius
1705 3091 1759 3123 vel
1784 3092 1940 3123 eiusmodi
1965 3090 2067 3122 codd.

303 3143 411 3179 (lett.;
441 3151 510 3173 om.
538 3143 562 3174 O
591 3160 625 3164 -
652 3143 705 3174 ⁹29.
731 3144 797 3182 fac.
824 3144 921 3173 nichil
944 3144 1029 3174 idem
1052 3143 1091 3173 sit
1115 3144 1176 3173 dic.
1203 3143 1225 3173 B
1255 3159 1286 3164 —
1317 3142 1443 3173 (licendi
1466 3143 1489 3171 A
1508 3142 1566 3172 ΒΕ
1591 3159 1633 3164 -
1666 3142 1718 3173 30.
1746 3150 1857 3172 rerum
1881 3149 1950 3172 oni.
1977 3141 2003 3172 A
2032 3157 2066 3162 -

302 3192 354 3224 31.
381 3193 511 3223 tollendi
534 3194 559 3224 A
590 3210 623 3214 —
649 3193 768 3223 modo?
795 3194 940 3231 inquam.
967 3194 1002 3223 Si·
1027 3193 1204 3224 Bremius:
1239 3193 1351 3230 modo,
1384 3192 1536 3229 inquom,
1563 3191 1588 3221 si
1614 3192 1638 3223 O
1668 3209 1701 3214 -
1729 3191 1781 3223 33.
1803 3190 1968 3231 pluribus]
1988 3189 2068 3229 plu-

302 3243 406 3274 rimus
428 3245 453 3274 A
482 3260 516 3265 —-
544 3241 596 3274 34.
623 3242 726 3283 igitur
749 3245 793 3274 A:
820 3252 898 3283 eryo
922 3244 945 3274 B
962 3243 1030 3275 MO
1059 3260 1092 3266 —
1121 3242 1173 3273 35.
1199 3242 1272 3283 nisi]
1299 3242 1378 3272 nilit'l
1401 3244 1445 3279 A3
1474 3242 1518 3272 nil
1542 3242 1578 3272 B.
