2249 3624
287 121 340 163 68
744 125 1172 167 ACADEMICORUM
1202 124 1268 166 Po
1275 125 1582 166 STERIORUM

285 253 425 280 rerum
454 240 538 280 illis
570 239 757 293 quintam
788 239 896 279 hanc
927 244 1139 286 naturam,
1171 251 1224 278 ex
1255 251 1340 292 qua
1370 238 1608 292 superiores
1635 250 1780 278 sensus
1803 241 1844 278 et
1863 242 2045 278 mentem

287 303 396 343 effici
434 303 651 350 rebantur,
694 315 779 341 non
822 302 1053 341 adhiberet.
1111 301 1327 341 Statuebat
1357 302 1468 341 enim
1499 301 1638 355 ignem
1670 314 1761 341 esse
1790 301 1924 353 ipsam
1956 313 2047 339 eam

285 372 493 413 naturam,
526 378 633 418 quae
666 365 853 418 quidque
885 364 1074 416 gigneret
1105 369 1145 403 et
1185 369 1364 402 mentem
1396 370 1522 417 atque
1554 377 1715 404 sensus.
1774 362 2049 415 Discrepabat

286 428 411 467 etiam
442 428 492 467 ab
523 427 678 474 isdem,
711 427 823 480 quod
855 426 971 465 nullo
1005 426 1128 465 modo
1160 426 1436 465 arbitrabatur
1466 427 1691 480 quicquam
1714 423 1822 465 effici
1852 438 1975 477 posse
1997 424 2047 463 ab

253 502 350 537 5ea,
383 503 489 543 quae
522 503 670 542 expers
703 494 813 528 esset
844 488 1053 540 corporis,
1095 489 1212 527 cuius
1249 488 1413 539 generis
1445 489 1702 528 Xenocrates
1735 492 1775 528 et
1806 488 2047 540 superiores

284 553 407 591 etiam
447 551 628 591 animum
669 564 759 591 esse
802 550 1018 598 dixerant3
1062 563 1137 590 nec
1177 563 1276 589 vero
1315 556 1386 589 aut
1428 552 1540 604 quod
1573 551 1758 591 efficeret
1788 549 1948 602 aliquid
1980 553 2051 589 aut

284 613 397 667 quod
428 611 657 653 efficeretur
685 626 810 666 posse
841 626 932 652 esse
963 626 1049 652 non
1080 627 1244 665 corpus.
1305 611 1370 652 40.
1403 614 1584 653 Plurima
1615 615 1738 653 etiam
1769 613 1813 653 in
1834 613 1907 652 illa
1928 612 2050 652 tertia

282 675 572 729 philosophiae
614 682 730 728 parte
771 676 966 715 mutavit:
1009 675 1052 714 in
1084 689 1165 728 qua
1196 676 1373 728 primum
1405 676 1455 715 de
1487 676 1680 715 sensibus
1711 676 1812 729 ipsis
1845 675 2050 728 quaedam

282 739 389 778 dixit
419 751 546 785 nova,
580 752 685 791 quos
717 738 881 777 iunctos
914 751 1006 777 esse
1038 739 1199 777 censuit
1230 752 1251 778 e
1284 737 1464 791 quadam
1498 738 1620 791 quasi
1650 738 1892 790 inpulsione
1914 736 2051 777 oblata

231 802 561 848 iocum-insecus,
608 813 733 854 quam
774 800 845 840 ille
889 801 1159 856 φαντασίαν,
1207 814 1282 840 nos
1333 801 1496 840 visum
1542 800 1803 852 appellemus
1844 800 1965 839 licet:
2011 803 2052 837 et

279 868 497 903 teneamus
530 863 611 902 hoc
643 863 813 902 verbum
845 863 1037 915 quidem3
1080 866 1159 903 erit
1197 863 1307 902 enim
1344 863 1547 902 utendum
1579 864 1622 901 in
1656 862 1820 915 reliquo
1857 874 2050 902 sermone

280 926 463 978 saepius.
515 926 597 965 Sed
629 926 680 964 ad
711 925 836 973 haec,
871 939 978 978 quae
1010 926 1099 965 visa
1129 930 1228 964 sunt
1258 930 1298 963 et
1320 925 1442 977 quasi
1464 930 1634 977 accepta
1657 925 1869 972 sensibus,
1901 924 2051 965 adsen-

279 989 441 1029 sionem
471 988 664 1040 adiungit
693 988 950 1034 animorum,
991 1001 1115 1041 quam
1159 1001 1249 1026 esse
1281 987 1370 1025 vult
1400 987 1442 1026 in
1473 986 1593 1026 nobis
1624 987 1801 1040 positam
1833 993 1874 1027 et
1903 987 2051 1028 volun-

277 1051 438 1091 tariam.
497 1047 563 1090 41.
595 1050 706 1090 Visis
737 1063 822 1089 non
854 1050 1046 1089 omnibus
1078 1049 1330 1101 adiungebat
1359 1047 1506 1096 fidem,
1550 1049 1623 1089 sed
1659 1049 1710 1089 iis
1743 1050 1899 1098 solum,
1942 1063 2049 1104 quae

229 1127 264 1156 45
278 1114 488 1167 propriam
520 1112 730 1167 quandam
761 1112 964 1151 haberent
995 1112 1318 1151 declarationem
1351 1125 1493 1151 earum
1525 1125 1682 1159 rerum,
1721 1125 1828 1165 quae
1860 1112 2052 1152 videren-

278 1182 367 1216 tur:
409 1177 451 1216 id
482 1181 620 1216 autem
653 1176 810 1222 visum,
843 1189 934 1214 cum
966 1175 1101 1228 ipsum
1135 1187 1208 1226 per
1239 1188 1282 1214 se
1314 1180 1579 1221 cerneretur,
1612 1174 2051 1227 conprendihile,

278 1260 333 1267 —
362 1237 504 1278 feretis
533 1239 640 1278 hoc?
681 1238 763 1277 Nos
795 1251 907 1285 vero,
939 1238 1134 1290 inquam3
1167 1250 1349 1290 quonam
1378 1237 1489 1276 enim
1515 1237 1598 1276 alio
1621 1236 1746 1277 modo
1769 1232 2053 1287 καταληπτόν

280 1302 470 1341 diceres?
494 1323 549 1330 —
579 1301 670 1348 sed,
702 1314 796 1340 eum
826 1305 1042 1352 acceptum
1073 1303 1155 1339 iam
1188 1305 1227 1339 et
1251 1299 1528 1352 adprobatum
1552 1304 1683 1346 esset,
1717 1299 2053 1353 conprehen-

281 1364 481 1404 sionem
512 1363 769 1416 appellabat‚
802 1363 979 1402 similem
1004 1363 1054 1401 iis
1078 1362 1222 1409 rebus,
1256 1375 1364 1415 quae
1388 1374 1514 1401 manu
1537 1361 1860 1414 prenderentur:
1895 1375 1948 1401 ex
1969 1375 2051 1415 quo

229 1440 266 1469 20
281 1427 406 1467 etiam
447 1438 601 1466 nomen
639 1425 719 1464 hoc
761 1425 962 1472 duxerat,
1006 1439 1098 1464 cum
1139 1438 1187 1463 eo
1220 1424 1347 1465 verbo
1390 1430 1511 1464 antea
1542 1437 1664 1464 nemo
1697 1424 1770 1464 tali
1800 1425 1844 1464 in
1874 1439 1919 1465 re
1951 1438 2051 1464 usus

281 1495 411 1529 esset:
442 1488 719 1542 plurimisque
751 1487 861 1527 idem
893 1488 1014 1527 novis
1046 1487 1183 1526 verbis
1216 1508 1269 1515 —
1290 1500 1400 1526 nova
1432 1488 1542 1526 enim
1574 1487 1739 1527 dicebat
1769 1508 1823 1515 —
1853 1501 1952 1526 usus
1976 1491 2051 1526 est.

282 1551 406 1599 Quod
446 1556 583 1590 antem
616 1555 703 1589 erat
735 1564 859 1589 sensu
892 1550 1254 1602 conprehensum,
1297 1549 1338 1588 id
1378 1549 1514 1601 ipsum
1565 1562 1776 1588 sensum
1815 1548 2054 1602 appellabat

282 1619 340 1662 et,
383 1615 415 1654 si
455 1614 511 1653 ita
548 1617 635 1652 erat
678 1613 1031 1665 conprehensum,
1073 1617 1119 1651 ut
1150 1611 1328 1651 convelli
1360 1612 1519 1651 ratione
1552 1624 1637 1651 non
1668 1616 1835 1664 posset,
1878 1611 2054 1651 scien-

280 1677 425 1724 tiam,
467 1676 531 1715 sin
570 1675 713 1722 aliter,
757 1674 1111 1714 inscientiam
1153 1674 1418 1713 nominabat:
1467 1686 1519 1712 ex
1552 1687 1634 1727 qua
1671 1674 1895 1713 exsisteret
1926 1674 2053 1714 etiam

232 1739 483 1793 esopinio,
532 1750 638 1791 quae
683 1742 794 1777 esset
837 1737 1033 1777 inbecilla
1080 1742 1120 1775 et
1165 1750 1258 1776 cum
1302 1736 1406 1775 falso
1454 1737 1757 1789 incognitoque
1804 1736 2052 1775 communis.

282 1800 348 1841 4²³2.
382 1800 463 1840 Sed
503 1800 610 1839 inter
647 1800 862 1840 scientiam
907 1805 946 1839 et
986 1799 1247 1838 inscientiam
1297 1798 1702 1851 conprehensionem
1743 1798 1883 1846 illam,
1928 1811 2052 1852 quam

283 1864 389 1910 dixi,
439 1862 687 1909 collocabat,
733 1875 909 1915 eamque
950 1875 1089 1914 neque
1130 1862 1170 1900 in
1208 1862 1331 1901 rectis
1370 1874 1508 1914 neque
1550 1861 1591 1900 in
1624 1861 1762 1913 pravis
1794 1861 2052 1907 numerabat,

283 1926 357 1966 sed
389 1925 465 1965 soli
497 1924 753 1964 credendum
785 1938 875 1964 esse
908 1924 1084 1963 dicebat.
1143 1925 1175 1962 E
1209 1938 1292 1977 quo
1323 1924 1514 1963 sensibus
1537 1924 1661 1963 etiam
1683 1922 1811 1963 fidem
1832 1923 2054 1971 tribuebat,

285 1989 422 2043 quod,
461 1994 507 2027 ut
546 2001 672 2039 supra
711 1987 820 2034 dixi,
860 1987 1165 2039 conprehensio
1206 1987 1312 2027 facta
1356 1987 1547 2026 sensibus
1590 1991 1631 2026 et
1662 1999 1759 2027 vera
1790 1999 1881 2026 esse
1921 1986 1984 2025 illi
2016 1992 2056 2026 et

233 2050 420 2096 3ofidelis
451 2049 691 2097 videbatur,
732 2063 819 2089 non
852 2050 965 2102 quod
997 2049 1154 2097 omnia,
1195 2063 1303 2102 quae
1336 2055 1477 2089 essent
1506 2050 1549 2088 in
1579 2062 1648 2097 re,
1677 2048 2053 2101 conprehenderet,

285 2114 358 2154 sed
391 2113 489 2167 quia
519 2112 644 2160 nihil,
677 2112 790 2166 quod
822 2111 970 2151 cadere
997 2112 1040 2150 in
1062 2125 1152 2151 eam
1174 2116 1335 2164 posset,
1367 2111 1648 2164 relinqueret,
1682 2111 1883 2165 quodque
1905 2116 2054 2152 natura

286 2176 405 2229 quasi
435 2188 622 2215 normam
654 2173 853 2214 scientiae
887 2179 928 2213 et
957 2173 1211 2226 principium
1234 2174 1299 2213 sui
1321 2173 1528 2220 dedisset,
1560 2173 1671 2213 unde
1692 2179 1837 2227 postea
1858 2174 2053 2214 notiones

285 2252 423 2278 rerum
455 2238 498 2277 in
529 2237 679 2277 animis
710 2237 1055 2290 inprimerentur,
1088 2249 1110 2275 e
1134 2236 1285 2289 quibus
1308 2249 1390 2275 non
1422 2235 1627 2289 principia
1648 2236 1806 2284 solum,
1837 2237 1912 2276 sed
1931 2236 2054 2276 latio-

288 2342 1552 2352 ὤμῳ-,-

374 2408 403 2438 4.
431 2404 512 2446 nal]
537 2404 713 2436 maleriam
737 2412 754 2434 r
781 2421 814 2425 -—
849 2404 879 2434 Q,
905 2403 1129 2443 efficiebantur
1153 2414 1214 2435 non
1241 2403 1268 2433 V
1294 2421 1327 2425 —
1363 2404 1467 2443 ipsam
1493 2413 1566 2435 eam
1592 2403 1730 2436 Christ:
1762 2404 1869 2444 ipsam
1893 2406 1917 2438 C
1934 2406 1991 2438 Or
2016 2422 2051 2428 --

286 2458 317 2489 3.
345 2466 428 2496 quae
452 2456 606 2495 quiequid
630 2464 646 2485 r
669 2473 711 2477 ——
737 2454 898 2484 discrebalv
922 2454 950 2483 V
977 2472 1011 2477 -—
1038 2453 1068 2486 4.
1097 2455 1195 2485 isdem
1221 2457 1264 2486 G:
1291 2455 1413 2486 hisdem
1437 2455 1512 2493 PV,
1540 2456 1651 2486 iisdem
1675 2455 1823 2495 A(*?)Or
1840 2472 1876 2477 —-
1902 2455 2055 2488 arbitra-

286 2507 407 2537 bantur
431 2508 466 2537 G¹
495 2524 526 2527 —
561 2515 654 2545 posse
678 2508 735 2536 aul
759 2513 876 2544 erpers
899 2504 940 2535 ab
965 2514 1003 2535 ea
1028 2514 1088 2543 que
1112 2508 1188 2536 esse!
1213 2514 1230 2535 r
1258 2523 1291 2527 —
1323 2514 1341 2535 a
1368 2514 1402 2536 re
1426 2514 1465 2536 ea
1491 2506 1580 2536 coni.
1607 2506 1734 2537 Davies
1761 2522 1795 2527 —
1823 2505 1857 2536 7.
1882 2506 1981 2538 eliam
2006 2508 2051 2537 G:

286 2560 395 2588 aulem
419 2558 480 2587 ΑΡ
496 2556 522 2585 V
538 2556 592 2587 Or
619 2574 652 2578 —
680 2556 711 2586 9.
738 2555 863 2585 uinctos
889 2555 913 2584 V
940 2556 973 2584 et
998 2556 1039 2592 P,
1066 2557 1104 2586 ut
1126 2554 1266 2585 videtur
1292 2555 1423 2593 (notum
1449 2557 1502 2586 cst
1527 2556 1654 2586 iunctus
1678 2557 1711 2586 et
1734 2555 1865 2586 uinctus
1887 2555 1922 2586 in
1948 2555 2051 2587 codd.

285 2609 340 2638 vix
365 2607 546 2645 disce1·ni);
579 2608 710 2637 cimolos
735 2604 887 2642 Ernesti,
919 2608 1057 2643 punelos
1082 2603 1146 2643 (vel
1172 2605 1259 2642 ictos)
1294 2605 1419 2635 Dux-ies
1444 2606 1621 2644 ingeniose
1646 2604 1700 2636 ille
1727 2604 1889 2644 quidem,
1916 2605 1980 2636 sed
2004 2605 2054 2636 sic

280 2658 385 2697 pungi
420 2656 608 2687 dicendum
646 2656 720 2686 erat
756 2656 789 2685 et
823 2654 1035 2694 praepositio
1071 2662 1086 2684 e
1122 2653 1317 2684 abicienda.
1356 2655 1488 2685 Novam
1517 2653 1581 2685 loci
1606 2655 1934 2695 interpretationem
1959 2655 2055 2686 dedit

284 2707 420 2746 Madvig
443 2706 487 2736 ad
513 2706 582 2736 Cic.
610 2704 653 2735 de
680 2704 762 2735 sinn.
789 2713 824 2744 p.
851 2704 912 2734 8¹0
938 2712 990 2742 sq.
1020 2720 1056 2725 —
1092 2704 1143 2734 lo.
1170 2712 1264 2733 usam
1297 2701 1335 2734 G¹
1363 2720 1396 2725 —
1433 2704 1632 2742 appellemus
1656 2705 1680 2735 P
1705 2712 1817 2735 corn:
1850 2703 2055 2743 appellamus

285 2757 308 2788 C
325 2766 341 2787 r
385 2774 401 2777 -
430 2757 481 2787 41.
509 2759 652 2786 teramus
676 2754 714 2786 G¹
736 2772 769 2776 —-
797 2762 905 2784 inimo
931 2754 989 2784 hoc
1012 2753 1141 2792 quidem
1164 2753 1316 2789 verbatim
1343 2753 1384 2784 cf.
1413 2752 1455 2783 ad
1480 2762 1513 2793 p.
1533 2754 1584 2792 61,
1605 2753 1658 2785 34.
1690 2770 1726 2775 —-
1754 2754 1807 2785 42.
1834 2754 2055 2785 ascensionem

285 2808 322 2837 G¹
350 2822 384 2829 -
414 2806 464 2838 114.
490 2806 538 2836 his
563 2806 586 2836 C
602 2814 618 2835 r
653 2823 686 2827 —
722 2805 773 2835 115.
798 2812 901 2843 prope
925 2804 951 2833 V
977 2820 1018 2825 —
1047 2802 1205 2833 habebant
1231 2804 1256 2833 G
1283 2820 1316 2823 —
1350 2803 1504 2834 uidentur
1528 2804 1553 2833 G
1579 2820 1614 2824 —
1650 2803 1703 2834 46.
1729 2803 1982 2843 comprendibile
2005 2805 2051 2835 G:

282 2856 570 2896 corripi-ehendibile
594 2856 675 2892 ΑΡ,
708 2854 990 2894 comprehensione
1014 2862 1046 2890 r,
1078 2852 1361 2891 comprehensibile
1387 2854 1451 2884 VO
1488 2871 1522 2875 —
1555 2853 1607 2884 47.
1631 2853 1757 2893 ferebat
1779 2854 1809 2884 V
1835 2871 1870 2877 —-
1899 2854 1958 2885 hoc
1981 2855 2053 2885 Da-

282 2907 373 2938 vies:
399 2906 455 2937 hec
480 2906 553 2943 Cr,
579 2905 657 2935 haec
682 2905 706 2935 Ο
733 2922 767 2926 -
795 2905 931 2943 inquam
955 2904 1145 2934 Manutius:
1175 2903 1278 2941 inquil
1303 2904 1326 2934 C
1343 2905 1367 2934 O
1383 2913 1418 2941 r;
1445 2904 1690 2942 inquilAltieas
1707 2906 1881 2944 Goerenz,
1907 2905 1946 2935 ut
1968 2904 2052 2935 item

282 2956 372 2986 coni.
399 2954 541 2986 Duraud
572 2955 604 2984 in
642 2954 733 2985 curis
765 2953 931 2985 secundis
960 2971 995 2975 -
1028 2953 1186 2991 quoniam
1209 2950 1266 2990 (3¹,
1303 2962 1446 2992 quonam
1464 2971 1511 2976 —-
1528 2954 1650 2985 diceres
1672 2955 1696 2985 P
1727 2955 1760 2986 in
1784 2963 1853 2986 ras.
1880 2953 1989 2985 habet
2014 2970 2049 2975 —-

281 3006 347 3036 alio
379 3007 422 3036 G:
461 3013 531 3036 om.
557 3003 730 3035 APVOr
755 3022 790 3025 —
828 3004 975 3042 caleplon
1008 3004 1052 3040 G,
1088 3002 1274 3041 capcaleloti
1297 3005 1344 3040 A,
1381 3003 1601 3042 catalempion
1624 3005 1660 3041 P,
1692 3004 1936 3044 captalemplon
1959 3003 1988 3034 V
2015 3020 2051 3025 -—

282 3055 333 3085 48.
356 3053 534 3093 probatum
559 3055 584 3084 G
610 3070 645 3074 —
674 3052 725 3083 19.
752 3053 791 3082 iis
815 3062 850 3083 r:
883 3053 931 3083 his
956 3053 979 3083 C
1007 3070 1049 3075 —-
1077 3053 1332 3092 premam-entur
1355 3053 1395 3090 V,
1418 3054 1675 3092 prehenderetur
1697 3056 1725 3085 A
1751 3071 1786 3077 —
1813 3055 1867 3086 20.
1894 3054 2049 3090 duxerat,

278 3113 354 3135 cum
377 3103 567 3134 Manutius:
602 3103 744 3133 duxerat
769 3106 802 3132 al
826 3104 880 3142 (uc
904 3104 940 3142 G)
966 3112 1040 3133 eum
1065 3103 1120 3133 Cr
1145 3119 1178 3123 —
1214 3103 1272 3132 lali
1295 3104 1366 3134 iare
1390 3105 1416 3134 Α
1431 3104 1488 3133 Vr
1515 3121 1548 3126 -
1576 3104 1616 3135 22
1640 3106 1674 3135 et
1697 3104 1750 3136 ⁶23.
1776 3111 2004 3144 comprensum
2029 3103 2052 3133 P

282 3171 316 3175 —
344 3152 395 3184 ³24..
424 3153 577 3183 emam-at
602 3154 646 3186 G,
673 3152 830 3182 G.L5l.5le)'(ll
855 3154 878 3183 P
902 3170 936 3174 —-
965 3153 1016 3184 25.
1042 3152 1215 3192 ignoroque
1240 3153 1264 3182 G
1286 3170 1320 3173 —
1346 3154 1510 3183 communi
1533 3153 1560 3183 V
1580 3170 1615 3175 —
1642 3154 1694 3185 27.
1721 3154 1807 3185 dixit
1830 3163 1848 3185 r
1874 3171 1908 3177 —
1931 3153 2052 3193 paruis

281 3205 319 3233 G¹
347 3220 380 3224 —
408 3203 460 3234 ⁶28.
487 3202 545 3232 soli
569 3210 694 3232 vereor
719 3204 754 3232 ut
779 3211 904 3233 sanum
928 3203 989 3239 sit3
1016 3203 1120 3233 solam
1143 3203 1171 3233 ei
1197 3203 1310 3233 Christ
1339 3220 1371 3224 —
1399 3211 1440 3233 ea)
1465 3211 1527 3241 quo
1554 3204 1565 3233 l
1590 3203 1668 3236 cod.
1696 3205 1798 3237 Goer.
1821 3221 1857 3229 -
1883 3202 1938 3236 29.
1965 3202 2052 3243 quod

280 3261 353 3284 om.
380 3254 406 3284 G
429 3269 471 3275 —-
495 3255 530 3283 ul
556 3260 625 3283 om.
653 3252 680 3282 V
704 3270 746 3274 -
773 3252 818 3282 illi
843 3261 911 3283 om.
940 3262 956 3283 r
984 3270 1017 3275 —
1044 3252 1097 3284 31.
1124 3252 1273 3291 quodque
1296 3261 1368 3284 eam
1391 3255 1460 3283 nal.
1488 3252 1609 3284 Faber.
