2249 3624
271 197 352 239 896
985 202 1055 241 DE
1086 201 1311 242 LEGIBUS

270 307 383 361 ligno
423 307 581 354 dicato,
621 307 804 360 itemque
843 305 1056 360 lapideum
1094 307 1138 346 in
1177 306 1362 347 delubris
1404 307 1706 348 communibus.
1775 307 1940 349 Textile
1977 323 2030 350 ne

272 370 491 423 operosius
531 383 655 423 quam
698 369 884 409 mulieris
925 382 1032 422 opus
1064 373 1338 409 menstruum.
1400 370 1525 410 Color
1554 375 1691 410 autem
1723 370 1842 410 albus
1874 373 2031 424 praeci-

270 446 352 487 pue
383 432 561 472 decorus
593 432 670 471 deo
702 437 765 471 est
795 445 888 471 cum
920 431 964 470 in
992 431 1161 479 ceteris,
1194 436 1281 471 tum
1314 432 1493 472 maxime
1517 433 1559 472 in
1588 433 1745 472 textili:
1778 433 1906 473 tincta
1933 447 2031 474 vero

270 495 408 535 absint
446 493 527 534 nisi
566 507 589 534 a
628 493 790 533 bellicis
830 493 1082 546 insignibus.
1140 493 1409 534 Divinissima
1440 499 1579 534 autem
1611 495 1719 535 dona
1750 509 1848 535 aves
1880 501 1920 536 et
1948 496 2034 537 for-

232 570 361 599 5mae
401 558 451 598 ab
489 570 572 597 uno
614 558 773 610 pictore
810 569 895 596 uno
927 556 1145 596 absolutae
1179 555 1267 603 die,
1307 556 1492 609 itemque
1523 561 1661 597 cetera
1692 557 1819 598 huius
1851 559 2034 612 exempli

270 621 380 661 dona
410 625 573 661 sunto.»
621 620 732 658 Haec
764 618 823 657 illi
857 619 1036 672 placent.
1085 618 1165 658 Sed
1200 632 1276 671 ego
1309 624 1447 658 cetera
1477 633 1561 659 non
1593 624 1674 658 tam
1707 621 1893 661 restricte
1915 634 2034 674 prae-

268 681 386 731 finio,
429 683 494 722 vel
524 682 742 721 hominum
774 681 885 721 vitiis
918 681 983 720 vel
1016 681 1214 721 subsidiis
1245 686 1480 734 temporum
1513 682 1669 721 victus:
1710 686 1845 722 terrae
1877 683 2033 724 cultum

267 747 501 799 segniorem
533 744 725 798 suspicor
754 743 864 790 fore,
907 744 940 783 si
981 743 1032 782 ad
1072 757 1162 783 eam
1202 743 1398 783 utendam
1431 743 1628 797 ferroque
1660 744 1935 797 subigendam
1966 759 2034 785 su-

267 807 520 861 perstitionis
552 806 714 859 aliquid
745 806 981 846 accesserit.

216 879 253 909 to
378 870 457 909 Aa.
490 869 632 908 Habeo
663 869 762 908 ista:
807 882 917 908 nunc
949 868 1000 907 de
1032 869 1159 907 sacris
1192 869 1406 921 perpetuis
1439 872 1479 908 et
1519 868 1569 908 de
1614 869 1798 909 manium
1837 870 1929 909 iure
1969 882 2034 909 re-

267 938 357 973 stat.
417 933 471 972 M.
505 930 538 970 Ο
572 931 716 970 miram
750 931 1005 977 memoriam,
1037 931 1258 983 Pomponi,
1291 931 1428 969 tuam!
1463 937 1503 970 at
1533 931 1633 970 mihi
1664 931 1744 971 ista
1776 932 2031 972 exciderant.

265 993 330 1034 46.
363 996 441 1034 Aa.
476 994 534 1033 lta
567 994 704 1040 credo,
737 992 810 1032 sed
844 998 983 1032 tamen
1013 993 1092 1032 hoc
1124 993 1254 1044 magis
1287 1005 1358 1031 eas
1389 1006 1454 1032 res
1488 999 1528 1033 et
1558 993 1727 1033 memini
1754 998 1794 1033 et
1816 1000 2031 1046 exspectO,

266 1057 377 1112 quod
419 1062 459 1096 et
499 1054 549 1095 ad
582 1052 841 1108 pontificium
875 1056 940 1094 ius
973 1060 1013 1095 et
1045 1054 1095 1094 ad
1128 1054 1250 1094 civile
1282 1055 1505 1107 pertinent.
1566 1057 1620 1096 M.
1652 1056 1762 1096 Vero
1796 1061 1837 1095 et
1867 1069 1889 1095 a
1920 1056 2029 1109 peri-

264 1119 434 1161 tissimis
466 1122 563 1158 sunt
594 1118 684 1157 istis
717 1117 767 1157 de
799 1117 923 1157 rebus
956 1123 996 1156 et
1025 1130 1230 1169 responsa
1262 1122 1301 1156 et
1332 1119 1484 1171 scripta
1515 1118 1665 1165 multa,
1698 1124 1737 1158 et
1769 1131 1846 1171 ego
1878 1118 1918 1157 in
1951 1118 2032 1159 hoc

216 1192 250 1221 45
265 1182 377 1223 omni
409 1193 598 1222 sermone
629 1186 788 1225 nostro,
822 1179 935 1233 quod
967 1180 1018 1218 ad
1051 1191 1228 1231 cumque
1260 1179 1363 1232 legis
1396 1193 1526 1232 genus
1557 1194 1622 1220 me
1645 1180 1870 1234 disputatio
1892 1186 2032 1221 nostra

265 1245 501 1290 deduxerit,
533 1242 717 1282 tractabo
751 1241 890 1295 quoad
923 1247 1069 1294 potero
1103 1241 1192 1280 eius
1222 1242 1355 1293 ipsius
1387 1243 1552 1296 generis
1584 1243 1649 1283 ius
1679 1244 1800 1283 civile
1826 1247 2032 1291 nostrum,

265 1309 337 1348 sed
370 1308 447 1353 ita,
479 1306 596 1346 locus
626 1310 673 1344 ut
702 1306 792 1358 ipse
824 1310 948 1344 notus
981 1305 1045 1350 sit,
1079 1317 1132 1343 ex
1163 1316 1244 1357 quo
1277 1303 1450 1343 ducatur
1481 1318 1676 1359 quaeque
1708 1319 1804 1358 pars
1836 1305 1953 1352 iuris,
1984 1310 2032 1345 ut

263 1385 348 1411 non
380 1369 551 1410 difficile
584 1368 649 1415 sit,
681 1368 751 1421 qui
784 1367 908 1406 modo
942 1367 1110 1419 ingenio
1143 1366 1197 1405 sit
1228 1366 1441 1414 mediocri,
1465 1381 1756 1421 quaecumque
1778 1381 1884 1408 nova
1907 1381 2032 1408 causa

264 1432 570 1473 consultatiove
601 1429 812 1476 acciderit,
845 1430 934 1468 eius
968 1434 1109 1468 tenere
1142 1427 1218 1475 ius,
1250 1442 1374 1481 quom
1409 1430 1515 1469 scias
1547 1444 1569 1469 a
1601 1444 1684 1484 quo
1717 1431 1769 1470 sit
1799 1430 1935 1483 capite
1967 1443 2032 1469 re-

213 1504 250 1535 20
265 1496 507 1550 petendum.
584 1493 697 1531 XIX.
741 1489 807 1530 47.
851 1491 931 1531 Sed
965 1491 1067 1531 iuris
1099 1491 1302 1537 consulti,
1344 1491 1430 1531 sive
1464 1493 1616 1532 erroris
1648 1491 1860 1532 obiciundi
1894 1505 2028 1539 causa,

265 1572 348 1613 quo
392 1558 511 1611 plura
553 1561 594 1595 et
635 1552 866 1594 difficiliora
906 1554 1010 1593 scire
1042 1553 1282 1599 videantur,
1325 1554 1432 1601 sive,
1475 1554 1586 1608 quod
1619 1555 1797 1594 similius
1829 1555 1917 1594 veri
1950 1560 2025 1602 est,

262 1621 521 1676 ignoratione
554 1617 731 1658 docendi
760 1636 812 1643 ·-
834 1629 927 1655 nam
952 1629 1035 1655 non
1064 1616 1199 1655 solum
1232 1616 1336 1655 scire
1367 1616 1524 1669 aliquid
1556 1617 1656 1656 artis
1688 1622 1763 1663 est,
1795 1616 1868 1657 sed
1901 1630 2029 1670 quae-

264 1686 357 1724 dam
397 1697 462 1723 ars
494 1688 548 1722 est
580 1681 703 1721 etiam
736 1679 917 1719 docendi
959 1701 1012 1707 —-
1051 1691 1200 1731 saepe,
1244 1678 1357 1731 quod
1391 1680 1570 1732 positum
1602 1684 1664 1719 est
1694 1680 1735 1719 in
1768 1693 1849 1719 una
1882 1679 2025 1732 cogni-

263 1749 403 1794 tione,
445 1745 485 1785 id
526 1746 566 1784 in
602 1743 764 1783 infinita
805 1741 1135 1795 dispertiuntur:
1186 1740 1299 1780 velut
1342 1740 1385 1780 in
1426 1741 1505 1781 hoc
1545 1743 1636 1794 ipso
1678 1754 1853 1795 genere,
1901 1755 2025 1794 quam

213 1818 460 1863 25magnum
501 1806 605 1847 illud
647 1805 872 1845 Scaevolae
910 1804 1087 1850 faciunt,
1129 1802 1349 1855 pontifices
1391 1803 1512 1844 ambo
1544 1809 1584 1843 et
1614 1804 1751 1844 eidem
1783 1803 1884 1843 iuris
1915 1804 2026 1857 peri-

263 1872 434 1913 tissimil
500 1871 656 1922 Saepe,
697 1868 834 1920 inquit
864 1867 983 1906 Publi
1015 1864 1147 1913 filius,
1189 1879 1241 1905 ex
1272 1870 1388 1917 patre
1419 1866 1559 1906 audivi
1592 1866 1833 1919 pontificem
1866 1866 2024 1906 bonum

261 1935 473 1975 neminem
505 1946 596 1972 esse
629 1931 711 1971 nisi
742 1930 814 1983 qui
846 1929 910 1969 ius
941 1929 1061 1969 civile
1094 1933 1331 1980 cognosset.
1392 1929 1628 1968 Totumne?
1670 1928 1769 1982 quid
1801 1929 1884 1968 ita?
1924 1927 2026 1981 quid

350 2091 380 2122 i.
406 2090 514 2121 (licata
539 2097 618 2120 nos:
652 2091 724 2118 cato
750 2087 792 2123 C,
826 2087 972 2117 dedicato
997 2085 1076 2116 edd.
1103 2086 1185 2116 vett⁴
1215 2086 1248 2116 et
1273 2084 1297 2116 O
1338 2102 1369 2106 —
1408 2084 1545 2116 dilubris
1566 2085 1592 2115 A
1630 2101 1664 2106 —
1702 2085 1852 2117 temulene
1876 2085 1904 2116 H
1929 2102 1964 2107 —
1991 2084 2023 2117 2.

261 2150 361 2182 quam
392 2143 417 2172 Α
444 2149 521 2180 sup.
547 2139 626 2177 lin.‚
660 2138 754 2178 quod
778 2146 855 2168 voc.
884 2136 975 2167 haud
1002 2136 1073 2167 scio
1105 2144 1148 2166 an
1180 2138 1275 2166 recte
1307 2134 1442 2166 omittat
1472 2143 1598 2166 manus
1629 2135 1759 2175 prima,
1793 2137 1830 2166 ut
1855 2136 1908 2166 est
1931 2133 2027 2174 apud

261 2193 457 2225 Platonem:
486 2186 590 2230 ὑφὴν
614 2187 652 2219 δὲ
676 2185 729 2229 μὴ
757 2186 870 2218 πλέον
893 2181 1003 2231 ἔργον
1027 2184 1206 2227 γυναικὸς
1228 2182 1320 2225 μιᾶς
1344 2179 1528 2225 {triantem
1552 2202 1585 2206 —
1613 2188 1793 2215 mestruum
1819 2185 1845 2216 H
1873 2201 1905 2205 —
1934 2183 2027 2214 albus

262 2252 323 2282 que
342 2242 518 2282 praecipue
544 2240 569 2271 H
605 2256 639 2261 ——
677 2238 707 2269 3.
734 2239 767 2269 in
791 2238 905 2268 ceteris
935 2235 1038 2267 codd.
1067 2235 1164 2266 dett:
1192 2236 1226 2265 in
1248 2237 1391 2266 ceterum
1414 2234 1512 2271 A¹H‚
1545 2235 1580 2265 in
1603 2238 1707 2266 cetero
1732 2231 1807 2266 A2B
1833 2232 1926 2264 haud
1952 2233 2024 2264 scio

262 2301 305 2323 an
330 2293 442 2322 recte:
469 2289 561 2330 apud
587 2288 765 2321 Platonem
791 2289 842 2318 est
867 2286 928 2317 καὶ
954 2281 1089 2317 ἄλλοθι
1117 2303 1143 2307 -
1186 2284 1217 2316 4.
1244 2293 1320 2315 aves
1343 2285 1534 2316 Victorius:
1561 2284 1681 2315 liabens
1705 2285 1729 2316 C
1757 2302 1791 2306 —
1819 2284 1850 2316 5.
1877 2282 2026 2314 absoluta

262 2344 287 2373 A
314 2342 365 2382 (ta
389 2349 480 2371 corr.
501 2349 543 2370 ex
567 2341 607 2378 to)
636 2356 670 2361 —
699 2338 729 2369 6.
755 2340 829 2367 sunt
851 2337 930 2368 haec
953 2336 1011 2367 illa
1037 2337 1059 2367 C
1088 2353 1122 2357 -
1149 2335 1304 2366 retrictae
1326 2332 1367 2365 Α1
1401 2352 1435 2356 -
1473 2335 1504 2365 7.
1530 2334 1657 2366 insidiis
1681 2337 1864 2373 tempor-um
1888 2332 2024 2372 Madvig

262 2392 401 2432 (Opusc.
428 2388 558 2427 11,453)
584 2386 811 2429 probabiliter
844 2402 878 2408 ·—
917 2386 948 2417 S.
974 2387 1156 2425 sequiorem
1179 2383 1238 2416 A‘·':
1274 2384 1447 2424 siyniorim
1469 2383 1569 2421 A‘H,
1608 2381 1758 2424 siqniori‘i
1780 2380 1835 2421 B¹‚
1871 2383 2027 2422 segniora

261 2439 300 2472 B2
337 2458 370 2462 —-
408 2440 563 2471 utendam
587 2438 670 2469 dett.
698 2437 818 2478 pauci:
853 2437 1007 2467 tuendam
1032 2436 1055 2467 C
1096 2452 1130 2456 —
1167 2434 1380 2474 subigendam
1403 2433 1492 2465 liber
1516 2434 1674 2465 Manutii:
1713 2432 1933 2464 subiciendam
1958 2431 2023 2463 CO

263 2508 298 2513 —
332 2492 378 2522 10.
405 2490 493 2521 sacri
517 2489 544 2519 H
572 2505 604 2509 —
634 2488 686 2518 Μ.
713 2487 904 2517 exciderunt
929 2487 956 2517 H
983 2503 1018 2508 -—
1047 2486 1098 2516 42.
1125 2486 1178 2516 sed
1202 2488 1270 2515 tam
1296 2484 1321 2515 H
1357 2501 1398 2506 —
1434 2487 1464 2515 et
1487 2486 1593 2523 specto
1618 2484 1641 2514 C
1682 2501 1716 2506 —
1756 2482 1807 2513 43.
1831 2482 2025 2521 pontificum

260 2540 340 2572 A¹H
367 2557 401 2562 --
430 2549 450 2570 a
471 2538 678 2578 peritissimis
701 2537 851 2576 Madvig:
878 2536 1076 2576 apertissimi
1099 2531 1188 2566 ΑῑΒ1
1205 2535 1250 2572 H,
1278 2534 1489 2573 apertissima
1511 2533 1552 2564 Α2
1565 2534 1603 2564 Β2
1626 2534 1660 2564 et
1685 2532 1765 2564 edd,
1808 2532 1910 2563 «Mira
1936 2531 2025 2562 haec

260 2590 337 2622 laus
361 2593 552 2630 apertorum
576 2595 847 2628 responsorum,
883 2595 948 2617 nec
973 2586 1074 2616 huius
1099 2584 1237 2625 generis
1261 2582 1362 2614 valde
1387 2584 1528 2624 propria
1558 2591 1623 2614 nec
1648 2582 1729 2613 huic
1753 2581 1828 2612 loco
1852 2582 1933 2621 apta
1958 2588 2024 2611 nec

261 2642 475 2672 conveniens
500 2639 550 2677 ei,
583 2637 678 2678 quod
703 2637 917 2667 contrarium
943 2636 1098 2671 infertur,
1134 2638 1162 2665 et
1184 2643 1254 2674 egio.
1303 2634 1340 2664 In
1366 2633 1442 2664 cod.
1470 2633 1495 2664 E
1526 2633 1621 2663 Bakii
1647 2632 1813 2672 [itemque
1839 2639 1880 2661 ex
1905 2631 2024 2661 nostra

261 2690 442 2722 collatione
470 2690 501 2720 in
527 2688 564 2729 C]
590 2687 812 2719 manifestum
838 2687 890 2716 est
915 2685 1079 2716 indicium
1104 2684 1259 2715 veritatis
1284 2683 1500 2722 apertissimi,
1527 2682 1620 2713 unde
1646 2679 1891 2713 scribendum:
1929 2680 2021 2719 Vero,

262 2745 291 2773 et
321 2751 342 2771 a
368 2739 575 2780 peritissimis
603 2741 675 2767 sunt
707 2738 795 2767 etc.»
836 2736 979 2766 MAnvffi.
1020 2752 1052 2755 —
1094 2735 1146 2765 45.
1173 2734 1308 2773 legimus
1330 2742 1431 2773 genus
1463 2733 1486 2764 C
1527 2750 1560 2755 —
1602 2733 1652 2763 47.
1676 2739 1759 2771 pars
1782 2732 1864 2761 iuris
1895 2727 1951 2768 Αἵ,
1985 2731 2024 2761 ut

262 2791 353 2821 coni.
385 2790 645 2820 Ranconnetus:
685 2798 704 2816 a
727 2795 784 2816 ars
808 2786 889 2815 iuris
914 2781 952 2816 ,ΑΒ
982 2784 1094 2824 (prior
1118 2784 1127 2813 i
1152 2784 1185 2814 in
1211 2791 1295 2819 ras.;
1331 2782 1465 2813 litterae
1493 2791 1514 2821 p
1547 2790 1670 2812 erasae
1703 2780 1836 2812 clarum
1861 2781 2023 2820 superest

261 2840 481 2879 vestigium),
514 2837 667 2868 arsiiztris
690 2836 734 2871 Β,
770 2835 831 2866 sed
859 2835 968 2875 prima
996 2834 1005 2863 i
1030 2834 1221 2873 expuncta3
1261 2833 1441 2870 ducaturq;
1467 2840 1592 2872 querar
1614 2831 1713 2862 siuris
1744 2831 1770 2861 H
1808 2847 1842 2851 —
1885 2829 1937 2861 48.
1964 2829 2023 2870 qui

261 2890 355 2920 modo
386 2889 514 2927 inqenio
544 2888 582 2918 sit
610 2886 766 2917 mediocri
797 2885 979 2916 Davisius:
1021 2883 1076 2921 qui
1106 2883 1200 2912 domo
1232 2882 1329 2922 (quid
1353 2882 1446 2912 homo
1471 2879 1574 2919 A²B2)
1608 2881 1739 2921 inyem'o
1767 2879 1867 2919 possit
1894 2879 2020 2910 moueri

262 2939 345 2980 (ueri
369 2939 407 2976 ll)
433 2940 476 2975 (ῖς
514 2939 569 2977 qui
592 2937 686 2967 >niodo
713 2936 840 2975 ingenio
861 2934 960 2974 possit
985 2933 1107 2963 vim-eri
1137 2932 1161 2962 O
1200 2949 1233 2953 —
1273 2940 1478 2970 quacumque
1503 2931 1526 2961 C
1568 2949 1600 2952 —
1645 2930 1691 2961 19.
1720 2928 1938 2960 consolatione
1968 2928 2018 2966 13¹,

261 2988 496 3020 consultatione
521 2989 546 3018 ΙΙ
575 3004 608 3009 -
636 2986 798 3017 arc-ederit
822 2985 871 3021 B¹,
898 2983 1066 3014 accesserit
1093 2982 1129 3012 132¹
1156 2999 1189 3003 —
1217 2982 1301 3011 scias
1326 2981 1368 3011 C:
1397 2982 1479 3011 sciat
1504 2981 1528 3011 Ο
1558 2998 1591 3002 -
1619 2980 1670 3010 ΞΟ.
1697 2977 1948 3010 iurisconsultus
1972 2977 2016 3014 C;

260 3038 471 3070 iureconsulti
499 3038 524 3067 Ο
563 3055 596 3059 -
634 3036 798 3067 obiciundi
829 3036 871 3065 C:
911 3033 1079 3065 abiiciendi
1111 3032 1135 3062 Ο
1175 3049 1206 3054 -
1245 3031 1297 3061 22.
1324 3027 1531 3067 imvm-atione
1556 3024 1632 3058 AB¹
1647 3028 1673 3058 H
1713 3045 1745 3049 -
1785 3028 1892 3057 artius
1912 3026 1966 3056 sed
1990 3025 2018 3056 H

265 3105 300 3111 —
338 3087 389 3118 23.
416 3091 460 3117 es!
485 3085 693 3117 Lambinus:
735 3094 803 3116 om.
835 3084 897 3116 CO
935 3101 969 3105 —
1007 3082 1197 3122 coynotione
1227 3079 1251 3106 A
1292 3092 1324 3097 —
1368 3076 1418 3108 ³24.
1446 3077 1479 3107 id
1511 3085 1579 3107 om.
1609 3077 1632 3107 B
1678 3094 1709 3098 -
1750 3077 1785 3107 in
1818 3084 1886 3106 om.
1916 3075 1940 3105 C
1980 3090 2012 3097 —

262 3138 370 3169 immo
402 3137 431 3167 in
458 3137 621 3175 infinitam
658 3153 691 3156 -
728 3135 840 3165 uetant
872 3134 894 3164 B
935 3147 966 3154 ν’
1008 3128 1060 3157 25.
1087 3126 1190 3157 eidem
1222 3133 1302 3156 nos:
1339 3127 1435 3165 fidem
1459 3127 1482 3156 C
1519 3127 1571 3164 (ut
1594 3126 1819 3165 saepissime,
1853 3124 1975 3156 litteris
1997 3132 2018 3155 F

263 3190 297 3219 et
321 3196 341 3217 E
366 3186 556 3223 confusis),
588 3186 684 3215 iidem
708 3185 732 3215 O
787 3195 806 3200 ·
847 3177 1046 3217 peritissimi.
1083 3177 1201 3213 Saepe,
1227 3175 1334 3213 inquit
1366 3174 1568 3206 Turnebus:
1612 3174 1816 3213 peritissimis
1845 3182 1884 3204 ae
1911 3173 2018 3212 inquit

264 3238 394 3276 (inquid
417 3236 458 3275 Β)
492 3236 575 3267 ΒΗ,
609 3237 689 3259 saris
715 3228 904 3267 peritissimi
936 3227 1040 3265 inquit
1072 3226 1099 3257 A
1130 3233 1234 3255 manu
1264 3225 1282 3255 ᾖ
1315 3225 1346 3255 in
1379 3233 1499 3256 rasura
1535 3225 1688 3259 maiore;
1725 3223 1926 3263 peritissimi.
1958 3222 2014 3261 At,

262 3287 368 3325 inquit
398 3286 422 3316 Ο
462 3296 494 3304 --
532 3278 586 3309 ⁶26.
610 3278 713 3308 Publii
742 3278 807 3309 ΗΟ
848 3294 881 3299 -
920 3277 972 3307 ⁶27.
999 3276 1159 3307 neminem
1184 3273 1304 3304 bonum
1338 3272 1547 3313 Feldhuegel
1578 3275 1611 3305 et
1642 3272 1737 3304 Klotz
1768 3273 1888 3303 contra
1919 3272 1943 3303 C
1979 3287 2014 3293 -

262 3332 429 3372 coynuscel
452 3329 492 3360 H.
