2249 3624
527 144 616 184 Lm.
648 143 699 183 11.
740 142 836 183 cst.
867 139 1137 181 xx—xxl.
1173 137 1233 192 §§
1264 136 1454 178 63—67.
1821 132 1874 175 25

119 258 304 311 deosque
335 262 507 310 penates
538 269 602 296 me
634 260 674 296 et
704 255 850 296 ardere
882 253 1020 294 studio
1051 254 1138 293 veri
1169 251 1405 307 reperiendi
1437 256 1478 291 et
1499 263 1546 291 ea
1568 251 1737 298 sentire,
1771 263 1877 303 quae

117 322 310 361 dicerem.
370 318 435 359 66.
468 319 548 368 Qui
581 320 691 360 enim
723 332 891 372 possum
926 330 1009 357 non
1043 329 1195 369 cupere
1226 329 1370 355 verum
1403 314 1611 361 invenire,
1653 327 1745 353 cum
1778 326 1879 366 gau-

118 383 259 430 deam,
299 383 332 422 si
365 383 499 422 simile
530 383 616 422 veri
648 382 745 435 qnid
778 381 1038 421 invenerim?
1085 378 1189 425 Sed,
1232 384 1276 418 ut
1306 378 1384 418 hoc
1426 376 1754 430 pulcherrimum
1787 388 1878 415 esse

117 446 277 492 iudico,
317 458 412 484 vera
443 444 602 491 videre,
642 445 701 484 sic
742 458 817 498 pro
849 444 958 483 veris
999 442 1174 494 probare
1205 440 1308 480 salsa
1340 440 1624 493 turpissimum
1658 444 1733 477 est.
1794 439 1878 477 Nec

118 514 255 548 tamen
297 519 372 558 ego
415 508 447 546 is
490 521 603 554 sum,
645 508 715 560 qni
756 506 858 545 nihil
891 518 1087 558 umquam
1119 503 1212 543 salsi
1244 503 1495 556 adprobem,
1538 502 1608 555 qui
1650 506 1910 554 numquam5

116 569 347 615 adsentiar,
383 569 454 622 qui
485 569 588 608 nihil
620 570 789 622 opiner:
831 567 903 608 sed
938 567 1180 620 quaerimus
1211 566 1261 605 de
1294 566 1495 618 sapiente.
1544 565 1632 617 Ego
1662 576 1761 604 vero
1791 563 1879 616 ipse

117 636 155 670 et
186 643 357 681 magnus
390 631 557 684 quidem
599 645 688 671 snm
720 631 915 683 opinator
944 652 997 657 —
1029 642 1113 668 non
1147 629 1256 668 enim
1289 641 1380 667 sum
1413 628 1580 680 sapiens
1613 649 1661 655 —
1696 632 1737 666 et
1766 637 1880 666 meas

116 692 387 745 cogitationes
420 693 478 733 sic
510 692 667 745 dirigo,
699 705 784 732 non
814 691 866 732 ad
897 692 1011 732 illam
1043 691 1258 744 parvulam
1292 691 1571 744 Cynosuram,

310 768 412 809 qua
443 755 620 795 sidunt
653 756 781 795 duce
814 760 1076 794 nocturna
1108 754 1402 793 Phoenices
1435 754 1486 793 in
1518 754 1652 801 alto,

114 823 158 858 ut
187 818 244 858 ait
273 819 445 866 Aratus,
478 831 613 871 eoque
646 818 842 858 directius
874 816 1127 869 gubernant,
1160 816 1275 869 quod
1308 828 1397 855 eam
1430 821 1598 863 tenent,
1896 820 1931 849 ⁴0

310 893 438 933 quae
470 894 632 920 cursu
664 880 934 919 interiore
965 878 1112 917 brevi
1145 878 1490 918 convertitur
1521 878 1664 926 orbe,

114 942 186 982 sed
228 943 401 983 Helicen
443 948 483 983 et
521 943 770 983 clarissimos
813 941 1151 994 Septentriones,
1198 940 1239 980 id
1284 946 1365 988 est,
1409 941 1592 981 rationes
1623 941 1697 980 has
1731 939 1880 980 latiore

113 1006 273 1059 specie,
313 1018 396 1045 non
438 1005 488 1044 ad
529 1011 655 1045 tenue
697 1005 899 1045 elimatas.
958 1004 1019 1043 Eo
1056 1003 1102 1043 fit
1133 1009 1177 1043 ut
1208 1017 1340 1043 errem
1374 1009 1414 1043 et
1444 1017 1569 1056 vager
1599 1004 1736 1044 latius.
1798 1001 1880 1042 Sed

113 1083 197 1109 non
244 1069 294 1108 de
341 1082 428 1115 me,
472 1074 515 1108 ut
555 1068 661 1115 dixi,
709 1066 780 1107 sed
812 1066 863 1106 de
906 1066 1095 1118 sapiente
1127 1067 1355 1120 quaeritur.
1407 1066 1507 1105 Visa
1538 1067 1646 1105 enim
1679 1066 1757 1105 ista
1787 1077 1879 1104 cum

114 1132 264 1171 acriter
306 1137 486 1170 mentem
527 1143 746 1170 sensumve
793 1129 1066 1182 pepulerunt,
1114 1129 1275 1182 accipio
1320 1128 1457 1182 iisque
1502 1128 1710 1168 interdum
1755 1126 1877 1166 etiam
1896 1135 1930 1163 ⁴5

114 1193 347 1240 adsentior,
379 1207 455 1232 nec.
487 1194 674 1246 percipio
709 1198 865 1238 tamen;
908 1191 1011 1231 nihil
1044 1192 1153 1231 enim
1185 1191 1364 1231 arbitror
1395 1204 1519 1244 posse
1552 1190 1726 1244 percipi.
1785 1190 1879 1228 Non

114 1269 203 1296 sum
244 1257 430 1308 sapiens:
477 1256 618 1309 itaque
650 1255 750 1294 visis
790 1255 892 1294 cedo
924 1268 1001 1294 nec
1032 1267 1202 1306 possum
1235 1255 1447 1294 resistere.
1499 1254 1709 1307 Sapientis
1740 1257 1879 1292 autem

112 1317 218 1358 hanc
251 1323 390 1357 censet
420 1319 626 1357 Arcesilas
658 1318 740 1358 vim
773 1330 863 1357 esse
894 1318 1139 1364 maximam,
1171 1318 1331 1357 Zenoni
1363 1316 1626 1362 adsentiens,
1659 1327 1805 1355 cavere
1828 1326 1880 1353 ne

113 1380 321 1432 capiatur,
366 1393 417 1419 ne
457 1379 625 1419 fallatur
666 1380 820 1420 videre.
880 1379 992 1418 Nihil
1035 1384 1098 1419 est
1128 1380 1237 1419 enim
1270 1379 1321 1419 ab
1354 1392 1402 1418 ea
1434 1379 1708 1432 cogitatione,
1756 1389 1879 1430 quam

110 1441 312 1482 habemus
352 1442 402 1481 de
445 1443 643 1495 gravitate
676 1443 897 1496 sapientis,
939 1455 1100 1489 errore,
1142 1442 1334 1489 levitate,
1374 1442 1607 1481 temeritate
1639 1439 1879 1480 diiunctius.
1895 1447 1930 1477 ‘20

112 1503 223 1552 Quid
254 1503 380 1556 igitur
408 1505 556 1558 loquar
588 1505 638 1545 de
670 1504 862 1545 firmitate
895 1505 1129 1558 sapientis?
1162 1519 1288 1559 quem
1311 1504 1482 1558 quidem
1515 1504 1619 1544 nihil
1642 1502 1804 1557 opinari
1835 1507 1880 1540 tu

110 1580 300 1619 quoque,
339 1567 534 1615 Luculle,
577 1568 786 1608 concedis.
849 1567 973 1616 Quod
1017 1569 1217 1622 quoniam
1248 1581 1271 1607 a
1302 1573 1341 1607 te
1374 1568 1570 1621 probatur
1600 1588 1654 1593 —
1684 1570 1730 1605 ut
1760 1577 1881 1617 prae-

109 1634 274 1681 postere
315 1634 451 1669 tecum
492 1643 631 1683 agam;
679 1644 775 1670 mox
815 1630 990 1670 referam
1030 1644 1095 1670 me
1137 1630 1189 1671 ad
1222 1630 1412 1671 ordinem
1442 1652 1517 1678 —,
1563 1629 1666 1669 haec
1697 1628 1879 1682 primum

111 1691 325 1731 conclusio
357 1705 480 1745 quam
513 1693 663 1732 habeat
694 1694 776 1733 vim
808 1693 1037 1733 considera.

221 1754 333 1793 XXl.
366 1752 432 1794 67.
474 1755 516 1795 Si
549 1755 623 1794 ulli
654 1756 714 1794 rei
747 1755 915 1808 sapiens
947 1756 1206 1796 adsentietur
1236 1769 1458 1809 umquam,
1495 1753 1722 1808 aliquando
1755 1753 1877 1792 etiam
1892 1762 1927 1791 25

111 1816 371 1869 opinabitur:
418 1831 645 1871 numquam
688 1824 825 1858 autem
873 1819 1134 1871 opinabitur3
1179 1818 1283 1858 nulli
1328 1819 1455 1871 igitur
1496 1818 1557 1858 rei
1605 1816 1877 1856 adsentietur.

109 1879 224 1918 Hanc
257 1880 566 1920 conclusionem
599 1881 805 1920 Arcesilas
836 1881 1061 1934 probabat:
1101 1881 1371 1921 confirmabat
1401 1881 1512 1920 enim
1551 1885 1592 1920 et
1630 1880 1807 1934 primum
1840 1882 1880 1917 et

110 1942 352 1982 secundum.
413 1942 647 1982 Carneades
690 1956 774 1982 non
817 1957 1045 1997 numquam
1087 1943 1316 1983 secundum
1354 1943 1458 1982 illud
1490 1943 1636 1983 dabat:
1681 1942 1878 1982 adsentiri

110 2004 348 2057 aliquando.
408 2005 467 2045 Ita
498 2006 752 2058 sequebatur
782 2007 905 2046 etiam
937 2006 1121 2059 opinari:
1165 2005 1279 2059 quod
1311 2011 1352 2045 tu
1385 2018 1470 2044 non
1501 2005 1564 2045 vis
1597 2011 1638 2045 et
1667 2010 1802 2051 recte,
1833 2009 1879 2044 ut

110 2066 210 2105 mihi
243 2067 409 2107 videris.
462 2068 543 2108 Sed
576 2068 678 2107 illud
710 2070 911 2121 primum,
949 2069 1201 2121 sapientem,
1235 2068 1267 2107 si
1299 2068 1553 2108 adsensurus
1586 2073 1716 2114 esset,
1752 2067 1877 2107 etiam
1891 2074 1928 2104 30

110 2129 396 2182 opinaturum,
427 2130 578 2170 falsum
611 2145 700 2171 esse
735 2129 805 2185 [et]
841 2132 970 2172 Stoici
1002 2131 1147 2171 dicunt
1178 2136 1218 2171 et
1249 2144 1393 2171 eorum
1425 2129 1703 2184 adstipulator
1731 2128 1879 2170 Antio-

195 2310 224 2339 4.
250 2309 455 2348 repperiendi
478 2310 505 2341 A
531 2327 565 2331 -—
594 2311 623 2340 Ξ.
650 2319 763 2341 ucrom
788 2311 828 2340 Ψ
856 2330 889 2334 -
916 2311 948 2343 li.
974 2313 1083 2342 *iudico
1108 2312 1264 2343 Ernesti:
1295 2311 1434 2342 iudicem
1459 2311 1483 2342 C
1511 2327 1546 2332 -
1574 2310 1605 2341 6.
1632 2310 1749 2349 opinor
1773 2307 1812 2340 Α1
1840 2326 1875 2331 -

108 2360 138 2391 7.
164 2360 299 2398 quidam
323 2361 504 2391 Manutius.
544 2362 620 2392 Loci
648 2362 803 2392 meminit
828 2363 1039 2401 Augustinus
1065 2372 1094 2392 c.
1121 2362 1228 2393 Acad.
1258 2362 1316 2399 ΙΙΙ,
1344 2360 1402 2397 44,
1429 2361 1482 2391 31.
1509 2378 1536 2382 -
1569 2368 1639 2390 sum
1664 2361 1689 2390 Α
1714 2368 1792 2399 sup.
1819 2357 1875 2389 lin.

110 2428 145 2432 —-
165 2411 196 2441 8.
222 2420 418 2449 cynosyram
442 2413 486 2446 A,
513 2411 699 2449 cinosymm
723 2412 746 2442 B
774 2428 807 2432 —-
837 2412 866 2442 9.
888 2412 1041 2450 plionices
1059 2412 1081 2442 B
1103 2429 1133 2432 —-
1166 2412 1217 2442 40.
1237 2412 1379 2442 directus
1396 2410 1433 2442 Α1
1457 2428 1489 2432 -
1517 2412 1623 2441 tenent
1640 2409 1663 2440 C
1680 2410 1721 2439 G:
1749 2411 1880 2440 teneant

109 2462 172 2492 Eo
201 2478 233 2482 -
263 2462 314 2492 Μ.
340 2461 524 2491 conuclilur
548 2460 586 2490 V¹
612 2461 814 2499 (convehitur
837 2463 964 2500 corn),
990 2470 1111 2492 conuer
1135 2459 1171 2492 Β1
1199 2478 1233 2482 -
1263 2462 1315 2492 42.
1341 2462 1395 2491 scd.
1413 2461 1455 2491 C:
1482 2461 1536 2491 sed
1559 2460 1603 2490 ad
1626 2458 1666 2491 Α2
1679 2458 1768 2490 1320.
1804 2459 1875 2491 Cic.

109 2512 158 2543 sic
182 2512 350 2552 perrexit,
378 2514 413 2542 ut
438 2520 526 2551 quae
553 2513 748 2550 sequuntur
771 2520 789 2541 a
816 2510 932 2541 verbis
951 2511 1036 2550 quod
1052 2520 1124 2541 eam
1145 2513 1250 2541 tenent
1267 2512 1420 2550 aptaret,
1448 2518 1488 2540 cx
1507 2509 1635 2549 quibus
1660 2513 1749 2541 teneo
1773 2518 1878 2550 repe-

109 2560 252 2592 tendum
279 2564 350 2598 est;
385 2561 411 2591 si
437 2562 480 2591 ad
505 2561 772 2600 interposueris,
806 2561 909 2591 etiam
943 2562 1021 2590 ante
1046 2561 1191 2591 rationes
1215 2559 1417 2590 addendum
1444 2560 1526 2596 erit;
1561 2559 1668 2591 verba
1693 2562 1811 2591 autem
1836 2561 1880 2591 ad

108 2615 201 2642 tenue
223 2611 266 2642 ab
291 2612 442 2642 elimatas
464 2620 633 2651 suspensa
659 2612 751 2642 sunt.
780 2627 814 2632 —
842 2611 1074 2649 septentriones
1099 2610 1143 2640 V:
1172 2613 1334 2649 septemtr.
1362 2611 1387 2640 A
1404 2609 1466 2640 ΒΟ
1493 2626 1527 2630 -
1557 2609 1608 2640 43.
1635 2610 1679 2640 ad
1702 2614 1796 2641 Ienue
1819 2609 1877 2641 A'-':

108 2664 238 2692 attenue
262 2661 286 2691 C
313 2679 347 2683 —
375 2662 524 2693 elimatas
546 2665 571 2694 A
587 2662 639 2693 13²¹:
667 2663 800 2693 limatas
823 2661 940 2693 13¹Vo
969 2679 1001 2682 —
1042 2661 1093 2693 ¹14.
1121 2661 1255 2691 dixisset
1279 2661 1317 2690 de
1341 2658 1378 2690 Β1
1406 2677 1439 2681 —
1469 2660 1520 2690 45.
1548 2659 1695 2699 hiisquae
1718 2662 1764 2696 Α,
1790 2661 1881 2700 isque

107 2723 136 2752 V
161 2732 251 2754 corr.
280 2724 312 2754 in
336 2724 446 2762 hisque
474 2743 507 2747 —
544 2726 593 2755 ¹¹7.
621 2733 723 2763 neque
747 2725 810 2755 GO
839 2742 872 2747 —
909 2725 961 2756 20.
990 2725 1147 2756 diiunlias
1170 2724 1208 2755 B¹
1237 2741 1269 2745 —
1308 2724 1360 2754 ⁶24.
1388 2704 1598 2761 quidquid‘v
1624 2706 1658 2744 ss
1687 2723 1740 2754 22.
1767 2723 1881 2753 loculle

108 2771 148 2802 Αι
173 2789 207 2793 -
236 2772 287 2803 ⁵23.
315 2782 416 2812 aqam
441 2772 498 2802 V2:
533 2783 645 2812 aqam.
671 2774 739 2804 iam
765 2776 808 2805 C:
843 2784 956 2815 aqam.
983 2776 1051 2806 iam
1075 2776 1161 2806 enim
1184 2772 1226 2805 A‘2
1238 2773 1276 2804 Β2
1303 2791 1337 2796 -
1373 2774 1453 2804 haec
1473 2782 1528 2812 pr.
1554 2782 1582 2804 c.
1609 2782 1639 2812 q.
1665 2772 1783 2803 habeat
1807 2780 1876 2802 oni.

108 2817 147 2852 A¹
174 2839 208 2842 —
235 2821 288 2852 26.
313 2827 423 2853 autem
446 2824 635 2862 opinabitur
658 2826 738 2855 sunt
763 2825 795 2855 in
817 2826 844 2855 V
862 2827 1018 2857 extrema
1044 2824 1151 2856 verba
1177 2824 1340 2864 paginae,
1368 2831 1522 2862 sequens
1547 2823 1668 2862 incipit
1693 2831 1709 2852 a
1731 2831 1765 2854 V.
1784 2822 1877 2859 nulli,

109 2870 171 2902 sed
197 2872 231 2901 et
253 2872 284 2901 in
310 2875 464 2903 extrema
491 2874 604 2913 priore
631 2873 793 2905 columna
819 2877 853 2906 et
876 2876 906 2906 in
926 2884 1063 2906 sumnia
1084 2882 1171 2905 nova
1191 2873 1341 2913 spatium
1359 2873 1530 2912 scriptura
1548 2880 1699 2902 vacuum
1718 2870 1880 2902 relictum

110 2922 174 2950 est.
204 2937 238 2941 -
264 2920 316 2951 27.
343 2923 514 2953 arcessilas
539 2924 561 2954 B
584 2942 616 2946 —
645 2924 696 2955 ⁶28.
725 2924 825 2954 dabat
850 2926 981 2964 opinari
1006 2924 1207 2963 aliquandm·
1234 2923 1279 2952 ila
1303 2922 1428 2960 sequeb.
1455 2922 1555 2952 eliam
1579 2922 1738 2952 adsentiri
1762 2922 1880 2953 Manu-

109 2968 176 2999 tius
202 2984 236 2989 -
268 2972 296 2999 ec
324 2972 499 3002 secundnm
530 2972 664 3008 Lama:
697 2974 893 3005 secundum:
926 2978 955 3005 cl.
980 2975 1060 3004 iilud
1084 2974 1184 3004 dabat
1210 2974 1243 3003 P.
1272 2972 1400 3006 Faber:
1434 2972 1573 3003 Davisio
1597 2972 1773 3001 secundam
1798 2979 1881 3012 cun]

110 3026 178 3047 uno
204 3019 309 3050 Paris.
336 3019 524 3052 delendum
549 3022 745 3053 videbatur.
793 3024 966 3055 Lectionis
991 3026 1155 3063 receptae.
1181 3022 1353 3053 sententia
1378 3022 1532 3052 xidctur:
1571 3020 1772 3052 Carneades
1797 3028 1878 3050 cum

111 3067 263 3106 primum
288 3067 369 3099 illud
395 3072 628 3110 «sapientem,
656 3074 682 3103 si
708 3073 924 3105 adsensurus
949 3077 1062 3110 esset,
1090 3074 1311 3113 opinaturum
1329 3080 1427 3103 esse»
1453 3079 1565 3110 aeque
1583 3072 1688 3110 atque
1707 3068 1878 3100 Arcesilas

112 3116 312 3156 probasset,
338 3119 371 3150 in
396 3120 549 3152 secunda
575 3124 770 3161 argumenti
797 3126 893 3163 parte
920 3122 1000 3153 illud
1020 3122 1126 3153 (labat
1151 3121 1338 3152 «adsentiri
1363 3120 1590 3161 aliquando»,
1618 3119 1710 3150 unde
1736 3117 1879 3150 conclu—

111 3166 208 3197 sione
240 3168 327 3198 t'acta
357 3170 573 3208 sequebatur
600 3173 795 3212 sapientem
822 3173 927 3203 ctiam
952 3173 1175 3212 opinaturum
1202 3180 1292 3202 esse.
1323 3189 1355 3192 —
1389 3172 1441 3201 ¹⁴29.
1470 3171 1515 3200 ita
1539 3170 1733 3208 sequebatur
1757 3170 1878 3200 Manu-

112 3216 197 3247 tius:
232 3217 264 3246 id
288 3218 526 3257 adsequebatur
550 3222 573 3251 C
601 3237 635 3242 —
668 3221 720 3253 31.
745 3222 866 3262 falsum
883 3222 1121 3253 --Antiochus
1151 3220 1252 3252 atl'ert
1276 3221 1406 3252 Nonius
1431 3228 1464 3260 p.
1492 3220 1544 3251 (39.
1573 3237 1607 3242 -
1635 3227 1699 3250 esse
1721 3218 1813 3249 stoici
1837 3219 1876 3248 A!

113 3266 147 3296 et
170 3266 310 3298 Nonius.
