2249 3624
146 178 228 222 666
863 185 932 224 DE
963 183 1189 224 OFFICIIS

259 292 429 332 XXVII.
469 289 536 330 93.
578 290 775 343 Sequitur
811 295 857 330 ut
888 290 939 330 de
969 304 1052 330 una
1081 290 1245 343 reliqua
1275 294 1392 342 parte
1422 289 1656 330 honestatis
1687 289 1910 331 dicendum

148 355 221 402 sit,
261 355 302 394 in
345 367 426 407 qua
466 352 719 393 verecundia
759 358 798 392 et
838 354 958 406 quasi
990 353 1159 406 quidam
1191 358 1360 391 ornatus
1392 352 1525 399 vitae,
1566 353 1842 406 temperantia
1871 358 1913 393 et

147 416 349 457 modestia
389 416 610 468 omnisque
648 413 808 454 sedatio
846 415 1210 467 perturbationum
1242 414 1368 454 animi
1400 420 1440 454 et
1469 428 1609 454 rerum
1641 416 1790 456 modus
1825 430 1914 457 cer-

146 479 270 518 nitur.
330 478 418 517 Hoc
447 478 541 517 loco
574 478 812 517 continetur
841 478 897 522 id,
930 477 1042 530 quod
1066 476 1145 517 dici
1169 477 1312 516 Latine
1334 477 1534 516 decorum
1556 483 1719 530 potest;
1753 478 1912 520 Graece

112 541 255 581 5enim
287 547 449 592 πρέπον
481 540 656 580 dicitur:
700 540 825 580 huius
856 541 918 580 vis
950 554 999 580 ea
1029 546 1115 588 est,
1156 546 1203 580 ut
1232 541 1283 580 ab
1314 540 1489 580 honesto
1521 554 1606 579 non
1638 547 1763 594 queat
1794 555 1915 595 sepa-

143 603 238 643 rari.
301 600 367 641 94.
399 604 502 642 Nam
535 608 574 641 et
604 603 716 655 quod
748 601 869 642 decet
897 603 1119 643 honestum
1153 609 1215 643 est
1246 609 1285 642 et
1307 603 1420 656 quod
1442 602 1666 642 honestum
1690 608 1753 643 est
1776 603 1914 644 decet:

145 665 277 720 qualis
317 671 456 704 autem
502 665 736 704 differentia
775 665 827 704 sit
867 666 1031 705 honesti
1073 671 1113 706 et
1156 666 1313 711 decori,
1355 663 1520 704 facilius
1561 665 1747 718 intellegi
1788 679 1914 719 quam

144 727 359 781 explanari
392 732 545 780 potest.
608 727 818 781 Quicquid
850 734 913 767 est
944 729 1055 768 enim
1089 728 1202 781 quod
1236 728 1400 774 deceat,
1432 728 1474 767 id
1497 734 1583 767 tum
1607 734 1798 781 apparet,
1820 744 1915 770 cum

144 797 384 843 antegressa
416 796 480 830 est
510 791 722 830 honestas.
784 792 928 843 Itaque
960 805 1045 830 non
1079 792 1214 831 solum
1247 792 1289 830 in
1320 791 1398 830 hac
1430 796 1546 844 parte
1576 790 1833 839 honestatis,
1865 792 1916 833 de

98 863 129 891 ιο
145 866 227 907 qua
266 853 347 892 hoc
386 853 478 893 loco
520 852 810 892 disserendum
852 860 937 900 est,
979 854 1051 893 sed
1095 854 1218 893 etiam
1250 855 1291 893 in
1326 854 1457 893 tribus
1489 852 1776 906 superioribus
1812 856 1915 908 quid

145 917 290 956 deceat
328 922 514 969 apparet.
584 918 687 955 Nam
727 922 766 956 et
804 917 968 956 ratione
1000 917 1061 955 uti
1093 922 1216 969 atque
1249 917 1434 955 oratione
1466 916 1694 969 prudenter
1723 922 1763 956 et
1793 930 1916 969 agere

144 979 257 1032 quod
298 992 395 1031 agas
437 980 702 1019 considerate
745 981 944 1032 omnique
984 981 1027 1019 in
1067 993 1134 1026 re,
1179 978 1279 1031 quid
1321 979 1371 1019 sit
1402 980 1515 1024 veri,
1557 978 1700 1018 videre
1731 986 1777 1020 et
1807 983 1916 1023 tueri

144 1042 284 1088 decet,
326 1048 555 1095 contraque
586 1042 698 1089 falli,
731 1056 890 1089 errare,
932 1043 1039 1089 labi,
1082 1042 1217 1094 decipi
1250 1047 1333 1081 tarn
1367 1041 1543 1081 dedecet
1577 1054 1702 1094 quam
1736 1042 1914 1086 delirare

145 1110 185 1143 et
216 1110 353 1144 mente
395 1118 486 1144 esse
527 1111 714 1158 captum,
758 1111 798 1145 et
836 1106 943 1144 iusta
982 1105 1120 1144 omnia
1161 1105 1310 1143 decora
1353 1110 1472 1150 sunt,
1512 1105 1667 1144 iniusta
1698 1111 1841 1146 contra
1871 1114 1917 1148 ut

94 1175 128 1203 15
143 1168 282 1221 turpia
322 1168 380 1207 sic
412 1168 622 1208 indecora.
684 1168 839 1208 Similis
873 1173 936 1207 est
965 1168 1071 1206 ratio
1104 1167 1380 1206 fortitudinis.
1441 1167 1565 1215 Quod
1597 1168 1707 1206 enim
1740 1168 1916 1210 viriliter

143 1231 368 1283 animoque
401 1244 550 1283 magno
584 1230 647 1277 tit,
687 1231 727 1270 id
761 1231 933 1283 dignum
965 1230 1055 1269 viro
1088 1235 1127 1268 et
1158 1229 1358 1268 decorum
1390 1229 1578 1276 videtur,
1612 1229 1725 1283 quod
1757 1237 1915 1280 contra,

143 1294 185 1333 id
217 1299 261 1333 ut
291 1299 412 1344 turpe
444 1293 505 1332 sic
538 1293 796 1333 indecorum.
866 1291 930 1330 95.
973 1292 1111 1340 Quare
1144 1292 1326 1344 pertinet
1357 1291 1528 1344 quidem
1560 1292 1611 1331 ad
1644 1306 1810 1333 omnem
1843 1294 1917 1335 ho-

143 1362 346 1396 nestatem
376 1357 471 1402 hoc,
503 1355 615 1409 quod
647 1355 755 1401 dico,
788 1355 985 1394 decorum
1018 1360 1058 1393 et
1088 1355 1142 1393 ita
1176 1354 1376 1406 pertinet,
1398 1359 1548 1393 utnon
1573 1355 1792 1395 recondita
1815 1370 1918 1410 qua-

144 1420 238 1459 dam
270 1420 434 1458 ratione
467 1424 676 1464 cernatur,
709 1418 782 1457 sed
815 1418 868 1456 sit
898 1418 938 1456 in
972 1424 1177 1470 promptu.
1239 1418 1311 1456 Est
1343 1417 1455 1457 enim
1485 1417 1686 1470 quiddam
1709 1440 1760 1446 —
1787 1418 1917 1472 idque

93 1483 406 1534 20intellegitur
436 1483 478 1521 in
511 1482 624 1521 omni
656 1481 809 1520 virtute
840 1504 892 1508 —
935 1480 1048 1533 quod
1084 1480 1252 1519 deceat:
1298 1479 1412 1532 quod
1445 1480 1697 1532 cogitatione
1729 1481 1861 1533 magis
1892 1495 1917 1522 a

144 1547 295 1586 virtute
336 1551 473 1599 potest
513 1558 637 1597 quain
676 1558 719 1583 re
758 1544 953 1596 separari.
1024 1544 1074 1583 Ut
1114 1548 1309 1582 venustas
1351 1548 1391 1582 et
1422 1542 1691 1595 pulchritudo
1725 1544 1915 1596 corporis

143 1609 305 1649 secerni
346 1622 431 1647 non
471 1613 608 1661 potest
639 1621 661 1646 a
695 1606 959 1653 valetudine,
1003 1606 1061 1645 sic
1092 1606 1194 1652 hoc,
1239 1606 1289 1644 de
1321 1618 1405 1658 quo
1438 1605 1672 1657 loquimur,
1717 1606 1915 1646 decorum

145 1677 277 1711 totum
310 1671 413 1710 illud
447 1670 616 1724 quiden}
652 1676 714 1709 est
746 1683 837 1708 cum
872 1669 1019 1707 virtute
1054 1667 1288 1715 confusum,
1321 1668 1393 1707 sed
1427 1673 1564 1707 mente
1597 1673 1635 1707 et
1667 1668 1917 1720 cogitatione

145 1734 428 1786 distinguitur.
498 1731 564 1772 96.
604 1734 675 1772 Est
717 1738 854 1771 autem
897 1732 986 1770 eius
1028 1730 1245 1783 discriptio
1287 1730 1472 1783 duplex3
1522 1743 1615 1769 nam
1649 1736 1690 1769 et
1721 1731 1917 1782 generale

93 1797 356 1850 ‘25quoddam
397 1798 593 1836 decorum
633 1795 936 1847 intellegimus,
984 1793 1096 1846 quod
1140 1794 1182 1832 in
1223 1794 1333 1832 omni
1374 1793 1593 1831 honestate
1626 1799 1835 1840 versatur,
1878 1797 1919 1832 et

145 1861 258 1900 aliud
291 1861 387 1900 huic
419 1859 675 1904 subiectum,
700 1858 812 1910 quod
837 1857 1015 1910 pertinet
1037 1856 1087 1895 ad
1111 1856 1298 1907 singulas
1321 1862 1458 1907 partes
1481 1855 1726 1894 honestatis.
1778 1858 1916 1908 Atque

143 1923 246 1962 illud
287 1922 481 1975 superius
514 1923 572 1961 sic
602 1922 690 1960 fere
723 1920 887 1960 deliniri
920 1920 1048 1966 solet,
1094 1920 1290 1958 decorum
1323 1919 1364 1956 id
1397 1930 1508 1964 esse,
1550 1918 1661 1969 quod
1694 1923 1917 1957 consenta-

143 1999 269 2025 neum
304 1986 357 2024 sit
387 1985 567 2024 hominis
600 1984 872 2023 excellentiae
905 1984 946 2022 in
980 1996 1044 2029 eo,
1077 1982 1118 2021 in
1151 1995 1235 2033 quo
1269 1987 1418 2020 natura
1449 1980 1538 2019 eius
1571 1993 1592 2019 a
1625 1980 1804 2034 reliquis
1827 1982 1916 2021 ani-

145 2048 355 2089 mantibus
395 2048 572 2087 differat.
633 2048 751 2095 Quae
784 2053 922 2086 autem
956 2058 1051 2098 pars
1084 2044 1269 2084 subiecta
1301 2043 1443 2095 generi
1477 2049 1560 2088 est,
1604 2055 1693 2081 eam
1725 2043 1784 2082 sic
1816 2042 1918 2082 defi-

91 2116 128 2145 30
145 2114 286 2158 niunt,
331 2117 376 2150 ut
413 2111 454 2149 id
496 2109 691 2149 decorum
732 2109 864 2148 velint
895 2121 1009 2154 esse,
1054 2107 1165 2159 quod
1199 2107 1253 2145 ita
1284 2112 1458 2145 naturae
1491 2111 1818 2144 consentaneum
1851 2106 1917 2153 sit,

143 2180 190 2214 ut
219 2175 259 2213 in
293 2187 342 2213 eo
375 2172 609 2212 moderatio
642 2177 681 2211 et
712 2170 986 2224 temperantia
1018 2175 1217 2222 appareat
1250 2183 1342 2208 cum
1375 2169 1515 2221 specie
1540 2168 1717 2220 quadam
1740 2168 1917 2207 liberali.

144 2238 335 2277 XXVlll.
368 2234 434 2274 97.
467 2234 579 2273 Haec
611 2234 666 2273 ita
698 2233 886 2284 intellegi
917 2245 1142 2285 possumus
1174 2232 1414 2271 existimare
1448 2244 1501 2270 ex
1532 2244 1582 2269 eo
1615 2230 1781 2277 decoro,
1804 2229 1918 2283 quod

146 2305 295 2353 poetae
328 2303 573 2351 sequuntur,
606 2296 657 2335 de
689 2309 772 2348 quo
805 2296 886 2335 alio
920 2295 1011 2334 loco
1045 2295 1166 2347 plura
1198 2295 1279 2334 dici
1311 2295 1459 2333 solent.
1523 2293 1604 2333 Sed
1636 2299 1723 2332 tum
1751 2306 1917 2332 servare

145 2361 249 2400 illud
291 2367 463 2413 poetas,
511 2358 626 2412 quod
669 2359 840 2405 deceat,
886 2358 1090 2404 dicimus,
1137 2371 1229 2396 Cum
1263 2356 1332 2403 id,
1378 2355 1490 2410 quod
1532 2368 1699 2409 quaque
1741 2367 1920 2408 persona

95 2427 132 2456 35
148 2424 319 2475 dignum
352 2428 431 2470 est,
464 2429 505 2462 et
536 2420 578 2461 fit
609 2426 649 2461 et
681 2420 853 2468 dicitur,
885 2426 948 2469 ut,
981 2421 1015 2460 si
1038 2423 1198 2460 Aeacus
1230 2426 1301 2459 aut
1320 2419 1458 2459 Minos
1491 2417 1649 2458 diceret
1691 2416 1917 2464 oderint,

150 2485 260 2526 dum
302 2490 552 2532 metuant,
599 2490 670 2523 aut

543 2547 674 2586 natis
716 2546 990 2598 sepulchro
1037 2546 1145 2598 ipse
1187 2550 1260 2584 est
1300 2556 1510 2598 parens,

148 2610 391 2650 indecorum
422 2611 646 2655 videretur,
679 2610 791 2662 quod
826 2622 898 2647 eos
930 2608 1059 2647 fuisse
1091 2609 1222 2647 iustos
1245 2607 1507 2659 accepimus:
1539 2610 1581 2645 at
1600 2606 1726 2644 Atreo
1754 2604 1919 2644 dicente

147 2673 318 2726 plausus
351 2675 613 2719 excitantur3
657 2677 719 2712 est
759 2672 868 2710 enim
910 2671 1034 2723 digna
1070 2684 1247 2723 persona
1280 2671 1428 2709 oratio.
1490 2667 1571 2707 Sed
1603 2672 1775 2720 poetae,
1818 2666 1920 2718 quid

97 2739 133 2768 40
150 2750 358 2789 quemque
401 2736 567 2781 deceat,
610 2748 662 2773 ex
705 2746 883 2786 persona
923 2733 1178 2771 iudicabunt.
1240 2732 1369 2771 Nobis
1410 2736 1547 2770 autem
1588 2742 1807 2782 personam
1842 2731 1920 2768 im-

148 2799 289 2851 posuit
332 2799 422 2850 ipsa
464 2804 610 2837 natura
651 2809 800 2849 magna
844 2809 937 2834 cuin
980 2795 1230 2834 excellentia
1270 2794 1609 2848 praestantiaque
1643 2792 1919 2832 animantium

150 2860 416 2913 reliquarum.
478 2859 543 2898 98.
577 2860 784 2907 Quocirca
816 2864 963 2912 poetae
997 2858 1040 2896 in
1074 2871 1221 2909 inagna
1256 2857 1454 2896 varietate
1488 2869 1762 2909 personarum
1793 2855 1918 2894 etiam

239 3020 268 3050 l.
296 3020 451 3056 chui'w·
475 3024 582 3050 affirm
607 3024 642 3049 vl
667 3028 683 3051 c
712 3037 745 3041 —
775 3020 804 3050 ἰ),
831 3023 859 3050 ct
883 3019 1041 3049 vzoclfisfia
1067 3027 1127 3057 qne
1150 3019 1273 3048 sedatio
1297 3026 1315 3049 c
1343 3035 1376 3039 —
1406 3018 1434 3049 3.
1455 3018 1570 3047 modus
1593 3025 1662 3047 om.
1683 3024 1700 3047 c
1729 3032 1762 3037 -—
1789 3016 1820 3046 5.
1837 3024 1918 3054 pre-

148 3080 212 3110 pon
239 3070 311 3102 Ba.
337 3079 482 3108 Jlr'clf’pr‘m
511 3075 530 3100 Α
547 3071 629 3101 llbc
675 3087 708 3091 —-
757 3070 878 3099 (lu-ism·
901 3069 1054 3099 <les-mimi
1073 3093 1077 3098 .
1094 3069 1189 3099 huius
1214 3070 1237 3099 (ἶ
1278 3086 1311 3090 -
1364 3067 1413 3098 [13.
1439 3068 1511 3105 falli
1535 3070 1564 3097 el
1586 3074 1702 3097 errare
1726 3073 1743 3095 c
1786 3082 1816 3086 —
1864 3066 1916 3096 ⁴5.

152 3121 239 3150 ratio
263 3122 308 3149 esc
339 3128 356 3149 c
395 3137 428 3140 —-
470 3122 518 3149 21).
547 3122 623 3158 qamt
648 3121 757 3149 (leonas
789 3128 806 3150 c
846 3137 879 3141 —
924 3118 974 3149 2¹1„
1003 3120 1188 3148 sltslmclum
1215 3127 1293 3151 {non
1319 3118 1524 3154 destitit-tum)
1555 3125 1572 3147 c
1612 3134 1646 3138 —
1685 3115 1853 3154 discriptio
1874 3115 1914 3146 b:

152 3169 314 3200 distinctio
339 3177 374 3201 c:
401 3169 571 3206 descriptio
598 3170 753 3201 Assllao
782 3186 816 3191 -
846 3170 896 3200 25.
924 3169 1116 3207 irzlelliqilw·
1140 3176 1157 3198 c
1186 3185 1218 3189 —
1247 3169 1298 3199 ⁶27.
1325 3168 1392 3206 fere
1415 3168 1459 3197 sie
1484 3175 1501 3197 c
1528 3184 1562 3188 —
1591 3166 1643 3197 32.
1670 3166 1737 3196 Nec
1759 3173 1849 3196 corr.
1876 3171 1918 3194 ex

151 3220 215 3250 Hec
240 3227 257 3249 c
285 3235 317 3239 —
347 3219 461 3248 decore
483 3219 503 3248 b
532 3235 564 3239 —
593 3220 643 3249 5353.
662 3224 777 3258 poetae
801 3224 998 3249 z÷„t.·sec·11ntw·
1023 3227 1042 3256 p
1070 3235 1103 3238 —
1131 3219 1184 3247 sed
1208 3221 1242 3247 Ἰη(
1266 3220 1333 3247 lum
1360 3217 1484 3248 Assttb
1511 3233 1545 3237 —-
1574 3216 1626 3246 35.
1653 3224 1752 3245 eacus
1769 3219 1802 3244 ιιι
1825 3220 1915 3243 corr.

154 3278 195 3300 ex
220 3278 258 3299 ea
282 3277 384 3299 eausa
408 3272 440 3298 u!
464 3269 483 3299 b
509 3270 627 3305 (etiam
648 3272 671 3300 A
697 3269 869 3308 syllabam
894 3278 951 3299 cus
975 3268 1079 3298 habet
1107 3267 1136 3297 in
1164 3276 1283 3297 rasura
1303 3269 1467 3306 quattuor
1485 3265 1691 3304 litterarum)
1718 3281 1752 3286 —
1781 3263 1918 3294 oderunt

156 3327 174 3350 c
200 3335 232 3340 -
262 3319 313 3349 37.
341 3318 486 3358 sepulcro
511 3326 529 3349 o
557 3335 590 3340 —
620 3318 673 3350 42.
699 3320 906 3358 reliquarum
928 3317 1057 3350 A¹B¹tl
1074 3317 1146 3349 ab:
1173 3317 1377 3356 1·eliqu0rum
1401 3314 1442 3348 Α2
1454 3312 1535 3347 13²0.
