2249 3624
600 155 686 195 Lm.
719 156 787 195 IV.
827 154 922 194 Cu».
956 153 1189 195 vlu—lx.
1228 150 1288 205 §§
1320 149 1509 191 47—022.
1851 147 1930 188 459

173 269 346 308 virtutes
378 281 452 320 per
482 282 525 307 se
560 281 649 306 esse
682 267 934 306 sumendas?
975 268 1037 305 An
1071 280 1167 306 vero
1201 265 1413 318 displicuit
1443 276 1510 310 ea,
1549 275 1656 316 quae
1690 263 1839 302 tributa
1871 270 1931 303 est

172 330 298 370 animi
333 331 551 370 virtutibus
584 336 696 370 tanta
729 331 1008 382 praestantia?
1040 343 1112 375 an,
1145 342 1251 382 quae
1279 329 1328 367 de
1351 327 1589 380 prudentia,
1623 325 1672 365 de
1695 326 1931 378 cognitione

171 405 328 437 rerum,
370 393 419 430 de
459 393 750 431 coniunctione
792 393 956 442 generis
989 392 1180 436 humani,
1225 404 1417 443 quaeque
1449 390 1498 429 ab
1531 389 1662 428 isdem
1695 388 1745 427 de
1778 394 1934 442 tempe·

170 454 324 499 rantia,
357 453 407 492 de
439 454 665 499 modestia,
697 454 747 491 ‹le
772 454 1056 503 :niagnitudine
1079 455 1229 499 animi,
1263 454 1312 492 de
1336 454 1447 492 omni
1470 453 1686 492 honestate
1710 451 1933 491 dicuntur?

169 516 425 555 Fatebuntur
462 517 590 554 Stoici
631 516 731 554 haet-
762 517 901 554 onmia
933 516 1041 554 dicta
1080 530 1171 554 esse
1214 516 1425 568 praeclare
1467 529 1603 568 neque
1643 528 1733 554 eam
1766 522 1964 553 causam-5

169 578 326 616 Zenoni
360 577 620 616 desciscendi
652 577 793 616 fuisse.
858 577 921 615 2⁴).
954 578 1044 616 Alia
1077 579 1281 630 quaedam
1316 579 1476 624 dicent,
1510 578 1653 625 credo,
1686 590 1832 629 magna
1863 590 1936 616 an-

170 641 379 692 tiquorum
420 654 510 679 esse
551 646 739 692 peccata,
784 653 889 691 quae
923 640 990 677 ille
1025 641 1106 678 veri
1142 641 1421 691 investigandi
1454 640 1630 693 cupidus
1664 640 1777 678 nullo
1809 639 1933 678 modo

168 703 275 742 serre
307 702 499 755 potuerit.
552 702 661 750 Quid
694 702 804 740 enim
838 703 1093 754 perversius,
1138 703 1236 754 quid
1274 703 1599 749 intolerabilius,
1632 702 1733 756 quid
1766 703 1934 742 stultius

170 778 291 818 quam
333 765 484 803 bonam
531 763 830 809 valetudinem,
877 777 999 816 quam
1040 764 1232 802 dolorum
1274 766 1457 804 omnium
1501 766 1766 811 vacuitatem,
1809 778 1934 818 quam

169 826 446 879 integritatem
487 827 704 866 oculorum
745 827 1088 879 reliquorumque
1130 839 1327 865 sensuum
1368 840 1523 878 ponere
1557 828 1748 866 inbonis
1781 827 1934 879 potius,
1950 834 1986 864 4ο

172 902 296 943 quam
329 888 517 928 dicerent
546 888 650 927 nihil
683 889 853 927 omnino
885 889 991 927 inter
1022 902 1091 927 cas
1122 902 1187 927 res
1214 888 1352 941 iisque
1374 890 1601 928 contrarias
1624 890 1856 929 interesse?
1889 902 1937 928 ea

170 952 281 992 enim
314 952 477 998 omnia,
511 964 619 1004 quae
651 951 710 990 illi
743 951 852 990 bona
884 950 1090 997 dicerent,
1124 952 1362 1003 praeposita
1394 964 1506 998 esse,
1547 964 1630 990 non
1661 951 1786 999 bona,
1819 952 1937 991 item-

171 1028 253 1068 que
284 1014 379 1060 illa,
413 1027 520 1067 quae
552 1014 594 1052 in
627 1026 803 1067 corpore
835 1014 1112 1060 excellerent,
1145 1013 1269 1053 stulte
1290 1014 1484 1066 antiquos
1507 1013 1664 1053 dixisse
1687 1029 1760 1067 per
1781 1028 1824 1053 se
1847 1027 1937 1053 esse

170 1075 429 1129 expetenda,
463 1077 664 1115 sumenda
688 1076 827 1129 potius
852 1091 975 1129 quam
1000 1077 1257 1129 expetenda,
1291 1089 1339 1115 ea
1361 1076 1543 1128 denique
1566 1077 1677 1115 omni
1701 1077 1797 1123 vita,
1830 1088 1937 1128 quae

169 1139 211 1177 in
244 1138 395 1177 virtute
428 1152 510 1177 una
542 1140 808 1186 consisteret,
849 1139 961 1178 illam
993 1140 1136 1187 vitam,
1174 1152 1283 1192 quae
1316 1140 1439 1179 etiam
1472 1141 1619 1178 ceteris
1649 1140 1797 1185 rebus,
1831 1147 1988 1191 quaem

169 1207 309 1241 essent
339 1202 569 1241 secundum
602 1208 812 1249 naturam,
844 1202 1091 1250 abundaret,
1131 1202 1261 1253 magis
1293 1201 1572 1255 expetendam
1603 1214 1688 1240 non
1720 1214 1832 1247 esse,
1864 1200 1938 1240 sed

168 1265 300 1316 magis
332 1263 600 1310 sumendam,
633 1277 815 1316 cumque
847 1264 936 1317 ipsa
968 1264 1098 1304 virtus
1131 1264 1283 1304 efficiat
1313 1265 1370 1304 ita
1402 1264 1564 1304 beatam
1591 1263 1736 1311 vitam,
1767 1269 1814 1302 ut
1842 1263 1939 1302 bea-

169 1327 250 1366 tior
282 1339 372 1365 esse
404 1339 487 1364 non
520 1327 675 1378 possit,
714 1332 850 1365 tamen
885 1327 1091 1380 quaedam
1124 1327 1271 1367 deesse
1304 1327 1562 1380 sapientibus
1593 1331 1700 1373 tum,
1732 1339 1823 1365 cum
1858 1326 1940 1364 sint

169 1389 422 1429 beatissimi:
470 1388 611 1441 itaque
654 1402 724 1428 eos
763 1389 804 1429 id
847 1402 992 1442 agere,
1037 1395 1083 1429 ut
1113 1403 1135 1429 a
1166 1403 1210 1430 sc
1242 1390 1427 1438 dolores,
1473 1389 1659 1437 morbos,
1705 1388 1938 1428 debilitates

169 1452 386 1506 repellant.
1950 1459 1986 1489 20

281 1515 353 1553 lx.
388 1511 452 1552 21.
484 1513 517 1553 Ο
542 1527 734 1567 magnam
755 1515 839 1566 vim
869 1515 1027 1567 ingenii
1049 1528 1302 1569 causamque
1325 1515 1474 1555 iustam
1497 1528 1569 1555 cur
1588 1527 1698 1554 nova
1720 1514 1940 1554 exsisteret

175 1577 420 1629 disciplina!
453 1577 582 1629 Perge
613 1590 753 1630 porro.
791 1578 998 1617 Secuntur
1029 1579 1137 1617 enim
1169 1592 1230 1625 ea,
1262 1591 1370 1631 quae
1393 1582 1437 1617 tu
1459 1578 1734 1617 scientissime
1757 1577 1940 1630 comple-

172 1654 251 1680 xus
275 1653 333 1687 es,
365 1639 551 1679 omnium
574 1640 873 1692 insipientiam,
906 1640 1166 1687 iniustitiam,
1198 1640 1279 1679 alia
1301 1639 1402 1679 vitia
1428 1640 1579 1680 similia
1601 1653 1693 1679 esse
1714 1641 1939 1693 omniaque

170 1708 343 1756 peccata
384 1715 475 1741 esse
516 1702 651 1754 paria,
694 1716 874 1756 eosque,
914 1703 985 1755 qui
1024 1708 1173 1742 natura
1204 1703 1475 1755 doctrinaque
1506 1702 1630 1754 longe
1661 1701 1713 1742 ad
1744 1702 1938 1742 virtutem

170 1766 494 1819 processissent,
526 1766 606 1804 nisi
639 1779 729 1805 eam
761 1765 885 1818 plane
918 1765 1130 1804 consecuti
1159 1768 1318 1811 essent,
1351 1776 1510 1803 summe
1535 1778 1626 1804 esse
1648 1765 1836 1812 miseros,
1868 1770 1988 1804 ne-25

171 1841 252 1882 que
284 1828 393 1867 inter
424 1841 569 1867 eorum
601 1828 727 1868 vitam
759 1833 800 1867 et
830 1827 1237 1880 improbissimorum
1260 1826 1487 1879 quicquam
1518 1826 1691 1866 omnino
1722 1828 1939 1876 interesse,

169 1895 214 1929 ut
247 1890 378 1937 Plato,
409 1896 547 1930 tantus
580 1890 650 1929 ille
673 1891 753 1937 vir,
785 1890 819 1929 si
850 1891 1019 1942 sapiens
1042 1903 1127 1928 non
1148 1888 1293 1936 fuerit,
1324 1888 1456 1927 nihilo
1480 1888 1629 1928 melius
1656 1904 1781 1942 quam
1804 1891 1939 1944 quivis

169 1953 503 2005 improbissimus
535 1966 611 1992 nec
643 1953 805 1992 beatius
836 1953 1002 1993 vixerit.
1057 1952 1171 1991 Haec
1202 1951 1397 1991 videlicet
1427 1957 1490 1991 est
1520 1953 1721 1992 correctio
1753 1953 1941 2007 philoso-

169 2015 295 2068 phiae
337 2016 487 2054 veteris
523 2020 563 2054 et
595 2015 854 2061 emendatio,
897 2028 1005 2068 quae
1037 2015 1206 2054 omnino
1238 2014 1397 2054 aditum
1428 2014 1589 2053 nullum
1620 2014 1774 2055 habere
1804 2021 1943 2069 potest

169 2079 212 2118 in
244 2078 413 2124 urbem,
452 2077 494 2116 in
524 2077 683 2124 forum,
723 2078 766 2116 in
799 2077 968 2117 curiam.
1026 2077 1129 2125 Quis
1161 2078 1270 2116 enim
1301 2076 1408 2116 ferre
1439 2082 1582 2129 posset
1611 2076 1667 2116 ita
1697 2077 1990 2131 loquentem30

172 2155 290 2188 eum,
332 2140 406 2192 qui
442 2152 486 2179 se
527 2145 737 2179 auctorem
768 2139 877 2179 vitae
917 2140 1098 2192 graviter
1129 2146 1170 2180 et
1205 2141 1416 2194 sapienter
1445 2139 1631 2192 agendae
1662 2137 1940 2193 profiteretur,

171 2203 340 2243 nomina
370 2214 508 2241 rerum
539 2206 881 2248 commutantem,
915 2215 1093 2256 cumque
1126 2202 1235 2242 idem
1258 2202 1433 2242 sentiret
1453 2202 1566 2255 quod
1591 2215 1755 2249 omnes,
1788 2202 1940 2255 quibus

172 2266 295 2305 rebus
328 2264 502 2304 eandem
536 2264 618 2302 vim
650 2263 872 2310 tribueret,
905 2264 984 2304 alia
1015 2266 1183 2305 nomina
1213 2265 1520 2317 imponentem,
1551 2264 1677 2304 verba
1708 2264 1832 2304 modo
1853 2277 1942 2303 mu-

172 2333 327 2368 tantem
371 2327 421 2366 de
464 2326 737 2379 opinionibus
784 2326 885 2366 nibil
924 2326 1241 2367 detrahentem?
1303 2324 1369 2366 22.
1410 2327 1670 2366 Patronusne
1707 2338 1857 2365 causae
1897 2326 1941 2365 in

174 2390 338 2443 epilogo
372 2402 447 2442 pro
478 2401 550 2428 reo
583 2388 727 2427 dicens
759 2394 931 2441 negaret
962 2402 1054 2428 esse
1085 2389 1240 2428 malum
1271 2389 1487 2436 exsilium,
1519 2387 1847 2441 publicationem
1867 2387 1991 2428 bo-35

173 2453 352 2491 norum?
393 2450 495 2491 haec
526 2449 739 2489 reicienda
771 2463 885 2497 esse,
926 2463 1009 2490 non
1039 2450 1268 2503 fugienda?
1311 2464 1385 2490 nec
1415 2448 1730 2490 misericordem
1760 2449 1942 2489 iudicem

176 2526 266 2552 esse
299 2514 522 2566 oportere?
569 2513 615 2551 In
648 2513 845 2552 contione
876 2518 1015 2552 autem
1045 2514 1079 2552 si
1110 2512 1372 2566 loqueretur,
1412 2513 1447 2552 si
1477 2512 1687 2552 Hannibal
1717 2511 1769 2551 ad
1799 2517 1942 2565 portas

176 2574 362 2614 venisset
391 2588 643 2627 murumque
675 2574 812 2614 iaculo
846 2575 1099 2622 traiecisset,
1131 2579 1303 2627 negaret
1325 2587 1416 2614 esse
1438 2574 1482 2613 in
1503 2573 1624 2613 malis
1647 2575 1755 2627 capi,
1786 2575 1942 2623 venire,

174 2634 373 2685 interfici,
405 2636 584 2690 patriam
615 2637 835 2676 amittere?
866 2638 929 2675 An
961 2643 1149 2684 senatus,
1183 2651 1275 2677 cum
1306 2636 1562 2690 triumphum
1583 2636 1779 2677 Africano
1801 2637 1944 2678 decer-

263 2823 293 2854 3.
320 2823 360 2854 ab
383 2823 506 2854 hisdem
530 2824 571 2859 B;
611 2824 655 2853 ad
677 2823 798 2854 hisdem
823 2823 866 2860 133
904 2822 946 2853 ab
976 2823 1094 2854 eisdem
1122 2823 1192 2854 MO
1226 2840 1261 2844 -
1299 2823 1330 2853 7.
1363 2830 1440 2853 uere
1464 2822 1487 2852 B
1521 2838 1556 2844 —-
1594 2822 1646 2853 40.
1673 2831 1734 2862 que
1758 2831 1828 2854 om.
1853 2823 1878 2854 B
1905 2840 1940 2845 —

177 2872 229 2902 Μ.
256 2873 397 2903 dicerent
421 2873 444 2903 B
461 2874 505 2903 C:
533 2872 638 2903 dicere
662 2872 687 2903 O
709 2891 742 2896 —
768 2872 882 2913 iisque]
907 2873 1028 2912 hysque
1053 2874 1095 2912 B,
1121 2873 1232 2912 hisque
1248 2873 1273 2903 Ο
1292 2890 1326 2894 -
1356 2871 1407 2904 44.
1434 2881 1474 2903 ea
1497 2872 1634 2911 denique
1655 2872 1680 2903 B
1706 2874 1740 2903 et
1763 2872 1942 2903 Davisius:

176 2921 365 2961 Eademque
393 2922 416 2953 E
442 2930 523 2952 cum
549 2923 676 2953 ceteris
701 2922 824 2959 codd.;
858 2925 879 2963 -3-
904 2924 1079 2962 eademque
1103 2922 1128 2953 O
1156 2940 1191 2945 —-
1224 2923 1335 2954 omnia
1362 2923 1431 2952 cita
1455 2922 1478 2952 B
1511 2939 1546 2944 —
1579 2922 1631 2952 45.
1656 2922 1777 2953 virtute
1805 2929 1873 2952 una
1896 2921 1941 2951 B:

176 2980 244 3002 una
267 2971 388 3002 virtute
411 2971 448 3002 O.
484 2971 534 3002 Cf.
561 2971 579 3010 3¹
605 2972 645 3002 36
670 2974 703 3002 et
728 2973 781 3003 54.
815 2989 849 2994 —
889 2972 956 3012 (μιᾶ
981 2974 1082 3004 etiarn
1113 2973 1177 3003 BE
1210 2989 1244 2994 -
1285 2972 1335 3002 46.
1366 2973 1467 3001 essent
1495 2978 1528 3001 se
1555 2972 1771 3010 expetendam
1802 2969 1944 3010 (mediis

178 3021 325 3059 omissis)
351 3021 374 3051 B
402 3036 437 3040 —
465 3019 517 3051 48.
542 3024 647 3059 posset
670 3021 694 3052 B
715 3039 749 3043 —
776 3025 885 3053 tamen
909 3022 1083 3063 quaedam]
1109 3031 1183 3053 cum
1207 3022 1344 3060 quidam
1367 3021 1411 3057 B;
1437 3029 1513 3051 cum
1536 3022 1677 3060 quedam
1701 3021 1725 3052 E
1751 3037 1786 3042 —
1814 3020 1866 3051 22.
1885 3020 1945 3050 Se-

177 3073 297 3099 cuntur
319 3070 364 3099 B:
391 3070 575 3108 Sequemur·
598 3072 622 3100 O
647 3088 690 3092 —
719 3079 756 3101 ea
782 3072 824 3102 B:
857 3081 927 3103 om.
954 3074 1024 3103 MO
1051 3090 1087 3094 —
1119 3072 1173 3103 23.
1201 3071 1346 3102 omnium
1371 3071 1413 3101 B:
1440 3071 1528 3101 omni
1552 3071 1595 3109 E;
1624 3079 1752 3102 omnem
1775 3070 1806 3101 M
1820 3070 1856 3100 O.
1892 3068 1942 3100 Cf.

179 3118 197 3157 S
223 3118 274 3150 68.
303 3136 338 3140 —
366 3119 418 3149 25.
442 3119 541 3158 plane
564 3119 646 3150 BE:
675 3120 769 3158 plene
792 3122 863 3152 MO
890 3139 925 3144 -—
960 3122 1012 3152 27.
1036 3122 1151 3160 planco
1175 3121 1237 3152 BE
1265 3137 1299 3142 —
1326 3120 1378 3151 28.
1406 3118 1517 3151 beatus
1540 3121 1563 3151 B
1590 3137 1625 3142 —
1651 3119 1749 3160 Haec]
1776 3128 1832 3150 nec
1856 3119 1880 3149 B
1907 3135 1941 3139 —

179 3169 347 3208 correpcio
373 3169 396 3200 B
417 3186 452 3191 —
480 3169 532 3199 29.
559 3168 685 3199 nullum
708 3170 826 3201 habere
849 3171 892 3202 13:
919 3171 1038 3202 habere
1060 3172 1186 3201 nullum
1210 3171 1240 3201 M
1255 3171 1279 3201 Ο
1299 3187 1333 3190 -
1360 3170 1413 3200 31.
1439 3171 1569 3210 agenda
1592 3170 1655 3200 BE
1675 3187 1710 3192 —-
1737 3169 1788 3199 32.
1811 3168 1945 3199 nomina

178 3225 290 3248 rerum
313 3221 565 3249 commutantem
588 3219 705 3258 spuria
730 3219 800 3250 visa
826 3222 908 3251 sunt
931 3221 1082 3252 Manutio
1100 3219 1288 3260 multisque
1305 3221 1439 3260 postea.
1460 3236 1494 3242 —
1522 3219 1574 3251 33.
1593 3220 1699 3261 modo]
1717 3228 1782 3250 non
1806 3217 1862 3258 (πὸ
1880 3225 1943 3258 pro

179 3265 246 3306 mo)
272 3266 297 3298 E
323 3283 358 3289 —
385 3268 438 3299 36.
462 3267 630 3308 fugienda]
654 3268 808 3307 facienda
831 3269 854 3300 B
881 3286 916 3291 —
944 3269 996 3301 38.
1022 3270 1147 3303 veniret
1169 3270 1205 3301 B.
