2249 3624
641 168 729 207 Lm.
752 166 823 206 111.
866 165 963 206 Cn.
984 164 1191 204 x—xll.
1229 162 1288 216 §§
1311 160 1505 202 23—2’7.
1873 157 1955 198 9⁴5

304 278 377 318 XI.
414 278 560 316 Nostra
592 279 730 313 autem
763 285 899 317 causa,
931 283 1053 324 quae,
1085 275 1253 322 optume
1285 275 1326 308 et
1357 268 1611 307 dulcissume
1642 266 1781 312 frater,
1812 264 1957 304 incidit

189 343 233 382 in
264 338 530 381 tribuniciam
563 340 824 390 potestatem,
858 333 957 372 niliil
990 332 1135 371 habuit
1165 331 1446 370 contentionis
1479 343 1569 369 cum
1593 329 1817 368 tribunatu.
1865 328 1955 366 Non

189 405 299 445 enim
331 402 474 456 plebes
509 395 706 452 [incitata]
742 396 894 436 nostris
938 395 1061 434 rebus
1106 394 1275 440 invidit,
1317 393 1389 433 sed
1422 392 1588 432 vincula
1620 392 1757 431 soluta
1789 396 1886 430 sunt
1917 395 1957 428 et

188 466 356 506 servitia
388 463 580 507 incitata,
621 460 814 499 adiuncto
846 465 1002 498 terrore
1035 458 1158 496 etiam
1192 457 1374 496 militari.
1435 457 1580 508 Neque
1612 455 1732 493 nobis
1763 468 1854 494 cum
1886 454 1956 493 illa

189 535 273 568 tum
306 532 422 580 peste
455 529 662 564 certamen
694 521 792 568 fuit,
827 520 900 560 sed
932 534 1025 559 cum
1058 520 1302 571 gravissimo
1335 519 1394 557 rei
1426 517 1616 571 publicae
1649 524 1858 570 tempore:
1891 517 1988 558 cui5

187 590 267 630 nisi
298 588 531 633 cessissem,
562 599 645 624 non
678 583 921 623 diuturnum
956 582 1148 621 beneficii
1184 582 1262 620 mei
1297 581 1429 634 patria
1460 580 1637 619 fructum
1671 579 1846 618 tulisset.
1887 579 1957 617 At-

189 665 270 706 que
310 651 413 692 haec
450 649 509 688 rei
552 647 689 687 exitus
722 646 931 685 indicavit.
995 644 1098 692 Quis
1131 644 1242 683 enim
1274 657 1359 682 non
1393 642 1517 682 modo
1551 642 1677 689 liber,
1718 642 1783 680 sed
1813 653 1957 680 servus

189 715 377 754 libertate
418 710 570 764 dignus
601 709 700 756 fuit,
744 710 810 748 cui
841 714 981 748 nostra
1014 707 1124 747 salus
1159 720 1252 746 cara
1284 720 1366 745 non
1401 707 1541 745 esset?
1602 702 1668 743 ⁶26.
1702 702 1824 751 Quod
1857 702 1890 742 si
1924 702 1957 740 is

190 789 311 816 casus
342 773 490 814 fuisset
520 786 672 819 rerum,
704 784 809 824 quas
841 784 916 824 pro
948 771 1081 810 salute
1112 771 1170 808 rei
1203 768 1397 821 publicae
1429 768 1649 819 gessimus,
1681 773 1726 806 ut
1757 779 1840 806 non
1871 778 1958 804 om-

189 838 313 878 nibus
353 842 494 890 gratus
536 841 668 882 esset,
712 839 753 873 et
791 834 825 873 si
867 846 942 873 nos
984 832 1264 872 multitudinis
1301 829 1475 870 furentis
1515 830 1770 869 inflammata
1801 828 2010 871 invidiam

191 900 423 955 pepulisset
453 898 760 950 tribuniciaque
801 897 863 935 vis
907 897 948 935 in
981 908 1044 934 nie
1077 894 1306 948 populum,
1349 894 1454 933 sicut
1485 891 1695 932 Gracchus
1728 892 1769 931 in
1801 892 1960 931 Laena-

191 970 296 1010 tem,
321 961 568 1002 Saturninus
598 960 638 999 in
661 959 896 1006 Metellum,
928 958 1162 1004 incitasset,
1194 956 1417 1002 ferremus,
1451 970 1474 995 0
1498 955 1651 1003 Quinte
1682 955 1830 1002 frater,
1863 968 1960 994 con-

193 1026 514 1076 solarenturque
553 1037 628 1063 nos
670 1036 753 1061 non
796 1029 878 1061 tam
911 1020 1177 1074 philosophi,
1219 1019 1290 1073 qui
1322 1018 1497 1058 Athenis
1528 1018 1719 1065 fuerunt,
1762 1015 1849 1071 [qui
1881 1018 1959 1057 hoc

193 1089 329 1129 facere
368 1083 537 1138 debent]
588 1098 709 1139 quam
751 1084 970 1124 clarissimi
1004 1083 1104 1129 viri,
1147 1082 1218 1135 qui
1250 1081 1322 1121 illa
1352 1081 1454 1120 urbe
1486 1081 1595 1134 pulsi
1627 1094 1768 1120 carere
1800 1081 1958 1132 ingrata

193 1152 360 1192 civitate
393 1162 518 1203 quam
550 1161 717 1188 manere
748 1149 789 1186 in
821 1146 997 1200 inproba
1029 1145 1278 1185 maluerunt.
1326 1144 1570 1197 Pompeium
1602 1157 1700 1183 vero
1733 1142 1844 1196 quod
1878 1154 2011 1183 una15

193 1215 272 1254 ista
303 1214 345 1253 in
375 1226 419 1252 re
451 1225 536 1251 non
567 1211 622 1250 ita
653 1209 773 1250 valde
804 1210 978 1263 probas,
1021 1209 1091 1248 vix
1132 1207 1232 1247 satis
1272 1205 1372 1246 mibi
1409 1206 1513 1245 illud
1546 1205 1701 1246 videris
1733 1207 1959 1253 attendere,

194 1289 278 1316 non
311 1275 446 1315 solum
478 1275 515 1314 ei
548 1273 648 1327 quid
681 1280 792 1313 esset
822 1272 1026 1325 optimum
1057 1271 1283 1310 videndum
1315 1269 1463 1316 fuisse,
1497 1268 1569 1308 sed
1602 1271 1725 1309 etiam
1758 1268 1858 1322 quid
1890 1282 1962 1308 ne-

194 1338 434 1379 cessarium.
482 1337 620 1376 Sensit
651 1336 761 1376 enim
796 1335 938 1375 deberi
967 1348 1051 1373 non
1084 1347 1208 1386 posse
1238 1332 1337 1372 huic
1369 1332 1526 1371 civitati
1558 1332 1669 1371 illam
1693 1338 1960 1385 potestatem:

194 1401 350 1454 quippe
383 1412 508 1454 quam
540 1405 653 1439 tanto
686 1411 814 1452 opere
845 1397 1028 1451 populus
1059 1402 1202 1436 noster
1232 1396 1416 1448 ignotam
1449 1395 1691 1448 expetisset,
1724 1395 1795 1447 qui
1822 1400 1964 1447 posset

195 1477 335 1504 carere
367 1463 560 1516 cognita?
622 1462 831 1514 Sapientis
871 1466 1009 1499 autem
1050 1459 1152 1498 civis
1194 1457 1271 1497 suit
1308 1470 1473 1497 causam
1506 1471 1584 1496 nec
1614 1457 1891 1510 perniciosam
1924 1461 2014 1496 et·20

197 1526 256 1566 ita
286 1526 546 1580 popularem,
578 1529 624 1564 ut
653 1537 737 1563 non
769 1528 912 1577 posset
941 1522 1101 1569 obsisti,
1133 1521 1368 1574 perniciose
1400 1519 1591 1573 populari
1623 1521 1701 1560 civi
1732 1533 1816 1559 non
1839 1519 1964 1559 relin-

197 1601 342 1642 quere.
403 1587 493 1627 Scis
525 1587 674 1634 solere,
705 1585 844 1632 frater,
876 1586 919 1624 in
950 1585 1073 1624 huius
1106 1584 1218 1623 modi
1252 1596 1458 1629 sermone,
1489 1588 1535 1622 ut
1566 1583 1730 1622 transiri
1763 1583 1845 1622 alio
1867 1595 1965 1635 pos-

198 1651 272 1698 sit,
312 1650 394 1690 dici
428 1649 703 1689 «admodum»
743 1654 815 1688 aut
854 1661 1027 1701 «prosus
1058 1646 1115 1686 ita
1145 1652 1248 1686 est».
1329 1647 1378 1695 Q.
1421 1644 1541 1685 Haud
1582 1645 1776 1698 equidem
1816 1646 1966 1687 adsen-

199 1713 305 1760 tior,
347 1718 387 1752 tu
428 1718 565 1752 tamen
607 1711 659 1751 ad
690 1711 854 1764 reliqua
884 1723 1034 1764 pergas
1064 1709 1204 1749 velim.
1273 1710 1326 1749 M.
1369 1710 1615 1747 Perseveras
1648 1714 1691 1747 tu
1725 1709 1892 1763 quidem
1926 1716 1967 1750 et

201 1775 243 1814 in
274 1781 345 1814 tua
376 1780 515 1814 vetere
538 1774 744 1814 sententia
766 1786 1001 1826 permanes.
1054 1773 1133 1812 ΑΗ.
1156 1774 1240 1812 Nec
1263 1785 1328 1811 me
1349 1770 1521 1811 hercule
1544 1784 1620 1824 ego
1643 1784 1742 1812 sane
1764 1785 1786 1812 a
1809 1771 1965 1820 Quinto
1981 1779 2017 1809 25

204 1842 346 1876 nostro
377 1836 601 1884 dissentio,
633 1836 706 1876 sed
739 1850 787 1876 ea
818 1849 924 1889 quae
954 1841 1113 1875 restant
1143 1834 1377 1874 audiamus.

310 1900 402 1939 XII.
441 1897 511 1937 ⁶27.
553 1900 608 1939 M.
643 1899 846 1952 Deinceps
878 1899 1005 1951 igitur
1035 1898 1228 1937 omnibus
1259 1896 1569 1948 magistratibus
1607 1897 1794 1949 auspicia
1836 1903 1875 1936 et
1905 1897 1968 1936 iu-

201 1963 311 2003 dicia
345 1962 514 2002 dantur:
555 1961 731 2008 iudicia,
768 1966 814 2000 ut
844 1966 955 2000 esset
986 1960 1132 2013 populi
1165 1965 1374 2012 potestas,
1417 1958 1467 1997 ad
1501 1972 1624 2011 quam
1657 1965 1967 2012 provocaretur,

200 2025 414 2079 auspicia,
459 2030 506 2064 ut
550 2024 702 2064 multos
748 2023 920 2064 inutiles
966 2023 1202 2063 comitiatus
1243 2021 1478 2075 probabiles
1524 2020 1762 2075 inpedirent
1801 2035 1968 2069 morae;

198 2101 324 2141 saepe
365 2087 476 2127 enim
517 2086 661 2140 populi
700 2086 903 2139 impetum
934 2085 1136 2125 iniustum
1168 2084 1367 2136 auspiciis
1399 2083 1439 2122 di
1471 2083 1726 2123 immortales
1759 2098 1970 2138 represse-
1987 2093 2024 2122 30

198 2156 308 2190 runt.
366 2151 431 2189 Ex
461 2150 511 2189 iis
543 2154 708 2196 autem,
750 2149 821 2202 qui
854 2148 1137 2200 magistratum
1171 2152 1392 2199 ceperunt,
1431 2146 1543 2198 quod
1576 2151 1746 2187 senatus
1779 2146 1970 2196 efficitur,

288 2298 318 2329 4,
343 2300 472 2336 optume
488 2299 517 2327 et
533 2295 714 2326 dulcissime
730 2297 754 2326 A
767 2296 790 2326 B
819 2312 853 2317 —
882 2296 1025 2326 incendit
1042 2295 1113 2333 ΑΒ,
1141 2294 1202 2326 sed
1222 2295 1255 2325 in
1272 2296 1295 2325 A
1322 2304 1342 2323 nr
1359 2295 1522 2334 punctata
1553 2311 1588 2316 -
1615 2294 1646 2325 Ξ.
1666 2294 1873 2325 tribunitiam
1891 2296 1915 2326 A
1932 2311 1967 2317 ·-

198 2348 418 2380 contentiones
430 2354 504 2377 cum
516 2345 688 2377 tribunatu
704 2346 726 2376 B
748 2364 781 2368 —
802 2346 832 2377 3.
846 2346 951 2385 plebes
968 2347 1026 2377 A²z
1043 2345 1143 2385 plebis
1159 2344 1198 2376 Αι
1213 2345 1235 2376 Β
1255 2361 1289 2366 -
1310 2345 1449 2375 incitata
1463 2353 1543 2375 cum
1561 2345 1698 2376 Baitero
1716 2344 1837 2377 inclusi
1857 2362 1890 2367 —
1911 2354 1972 2376 no-

200 2401 287 2429 stras
303 2396 398 2428 rebus
411 2396 434 2427 B
452 2413 486 2418 —
506 2394 536 2426 4.
553 2396 713 2426 adiuncta
729 2403 842 2426 errore
855 2397 880 2426 Α
892 2396 915 2426 Β
938 2413 971 2416 -
991 2396 1136 2426 militare
1148 2397 1174 2425 A
1191 2412 1224 2416 —
1245 2404 1349 2434 neque
1361 2403 1430 2426 om.
1448 2395 1470 2425 B
1493 2412 1527 2416 —
1547 2396 1577 2426 5.
1590 2395 1688 2436 peste]
1705 2399 1864 2434 potestate
1879 2396 1968 2426 coni.

201 2447 291 2479 Bake
313 2464 346 2469 —
365 2446 421 2477 cui
434 2446 496 2476 nisi
509 2446 653 2486 scripsi:
673 2442 824 2482 cuiA¹ss,
843 2445 895 2476 eui
911 2446 938 2475 si
953 2447 1010 2481 A2;
1028 2445 1081 2475 cui
1097 2446 1124 2475 si
1140 2453 1203 2475 non
1219 2444 1243 2475 O
1265 2462 1298 2465 ——
1320 2444 1350 2476 6.
1370 2445 1515 2488 cesissem
1529 2447 1552 2476 A
1572 2463 1614 2467 -—
1631 2445 1661 2476 7.
1681 2446 1761 2476 haec
1776 2447 1800 2476 Α
1813 2445 1856 2476 Β;
1876 2445 1934 2476 hoc
1947 2445 1972 2475 O

204 2515 240 2521 —
257 2497 351 2528 rerB
371 2513 405 2518 —
426 2496 519 2534 liber,
537 2496 591 2526 sed
607 2503 720 2526 servus
733 2496 907 2526 Goerenz:
928 2495 1009 2526 liber
1025 2503 1138 2526 servus
1153 2496 1177 2525 Α
1190 2495 1232 2532 Β,
1252 2495 1331 2526 liber
1346 2496 1400 2525 sed
1413 2496 1512 2525 etiam
1527 2503 1642 2525 servus
1657 2495 1741 2526 dett.
1763 2498 1795 2527 et
1810 2496 1847 2535 O,
1866 2497 1929 2529 sed
1948 2497 1973 2529 O

202 2546 326 2587 [etiam]
342 2563 377 2568 —
397 2546 448 2577 ⁴0.
468 2549 587 2586 gratae
603 2548 705 2576 essent
719 2545 963 2585 Wagner—si
979 2554 1038 2576 nos
1050 2544 1143 2576 A¹Bz
1162 2546 1188 2575 si
1206 2546 1236 2575 in
1255 2554 1312 2574 nos
1324 2546 1364 2575 A¹2
1382 2546 1423 2575 (in
1439 2554 1465 2576 s.
1482 2543 1502 2575 l.
1519 2553 1565 2576 m.
1586 2546 1615 2583 Ξ)
1636 2561 1669 2566 -
1688 2546 1817 2584 fuerent
1831 2548 1879 2578 his
1895 2547 1918 2578 B
1936 2565 1969 2569 -—

202 2598 255 2627 Η.
271 2596 400 2636 pepulis
414 2596 436 2626 B
452 2611 497 2618 —
511 2594 752 2634 tribuniciaque
768 2596 816 2626 cis
832 2597 1011 2626 Goerenz:
1031 2595 1278 2633 tribunitiaquis
1291 2595 1362 2625 AB.
1382 2594 1586 2626 Emendatio
1601 2596 1781 2627 Goerenzii
1796 2596 1972 2638 plerisque

202 2645 350 2688 probata
369 2653 493 2686 parum
512 2644 703 2686 probabilis
722 2647 791 2677 est:
818 2654 917 2681 nam,
945 2648 981 2676 ut
999 2644 1063 2675 alia
1081 2647 1238 2681 taceam,
1265 2652 1368 2684 supra
1394 2645 1519 2674 invidia
1537 2653 1605 2675 non
1632 2646 1881 2679 nominativus.
1909 2646 1973 2678 sed

204 2694 376 2727 ablativus
401 2695 550 2726 videtur.
591 2697 706 2727 Potius
732 2696 798 2726 hoc
823 2695 895 2726 fere
920 2697 1160 2736 exspectatur:
1187 2698 1215 2725 et
1238 2695 1265 2725 si
1288 2702 1347 2724 nos
1369 2694 1587 2724 multitudinis
1607 2695 1745 2732 furentis
1767 2697 1816 2726 cis
1839 2697 1972 2736 inflam-

201 2748 295 2776 mata
317 2745 446 2776 invidia
466 2746 640 2784 pepulisset
664 2749 693 2776 et
717 2745 867 2776 tribunus
896 2745 1016 2784 aliquis
1048 2745 1082 2775 in
1108 2753 1157 2775 me
1178 2743 1335 2783 populum
1360 2760 1377 2765 -
1393 2760 1411 2765 -
1435 2743 1611 2773 incitasset.
1652 2761 1687 2765 —
1726 2744 1778 2774 42-
1804 2746 1973 2777 metallum

203 2795 267 2827 AB
295 2811 330 2816 —
357 2795 674 2834 consularenturque
697 2797 735 2831 Α,
763 2794 856 2825 idem
882 2803 940 2825 nos
962 2804 1026 2825 non
1050 2798 1118 2825 tam
1144 2794 1175 2824 in
1202 2802 1269 2824 ras.
1296 2791 1405 2823 habet
1432 2809 1466 2814 -—
1495 2792 1546 2823 43.
1571 2792 1679 2823 verba
1704 2794 1761 2832 qui
1782 2794 1841 2825 hoc
1862 2796 1974 2835 facere

205 2845 333 2883 debent,
367 2845 435 2876 iam
466 2844 511 2876 ob
544 2853 714 2886 praesens
746 2846 885 2885 tempus
916 2846 1097 2885 suspecta,
1130 2846 1167 2874 ut
1191 2844 1347 2883 ineptum
1373 2841 1484 2881 glossa
1511 2841 1742 2880 exclusimus,
1776 2844 1970 2884 profectum

204 2894 288 2926 illud
312 2893 355 2925 ab
380 2894 522 2925 homine
546 2893 691 2933 insulso,
718 2895 775 2934 qui
801 2893 1017 2925 monendum
1043 2895 1181 2934 putaret
1206 2901 1394 2923 commune
1414 2891 1702 2932 philosophorum
1721 2893 1873 2926 officium
1893 2904 1970 2927 esse

207 2943 291 2975 alios
316 2943 499 2975 consolari.
539 2959 573 2965 —
615 2944 664 2974 45.
693 2952 827 2974 manere
850 2940 989 2982 inproba
1013 2944 1077 2974 ΑΒ
1114 2960 1147 2965 -
1188 2942 1238 2973 46.
1266 2942 1358 2972 balde
1382 2942 1404 2972 B
1433 2958 1468 2964 -
1503 2945 1595 2972 satus
1618 2942 1642 2972 B
1669 2959 1703 2964 —
1730 2943 1858 2975 uideres
1882 2944 1904 2975 B
1933 2961 1967 2967 ——

209 2993 261 3024 47.
286 2993 449 3024 uidentem
471 2992 583 3033 fuisset
606 2994 705 3024 etiam
728 2993 752 3023 B
778 3010 819 3014 —
853 2993 904 3024 48.
930 2993 1065 3023 ciuitate
1089 2994 1127 3023 A¹
1154 3009 1188 3013 —
1217 2992 1268 3022 49.
1296 2994 1386 3021 tanto
1411 2999 1530 3029 oppere
1554 2991 1576 3021 B
1606 3007 1639 3013 —
1668 2992 1721 3023 Ἣ.
1745 3001 1838 3031 posse
1861 2994 1972 3032 opsisti

203 3042 406 3082 perniciosae
429 3042 453 3072 B
481 3059 516 3064 —
541 3042 762 3081 relinquet-ere
785 3042 812 3072 A
837 3059 878 3063 —
901 3042 954 3072 92.
981 3042 1047 3072 alio
1066 3041 1170 3080 possit
1193 3041 1255 3071 dici
1280 3042 1305 3071 A
1332 3041 1364 3071 in
1382 3048 1449 3070 ras.
1468 3039 1576 3071 habet
1601 3057 1636 3062 —
1662 3040 1716 3071 23.
1739 3050 1860 3080 prosus
1882 3044 1922 3073 At
1933 3042 1968 3072 B:

205 3099 344 3131 prorsus
366 3092 444 3122 A²O
482 3108 516 3114 —
554 3094 614 3123 aut
635 3092 784 3130 equidem
807 3091 871 3121 AB
911 3109 946 3114 —
983 3091 1036 3123 24.
1062 3091 1161 3122 uelim
1185 3093 1207 3121 Α
1235 3090 1266 3120 in
1294 3098 1380 3125 ras„
1417 3088 1504 3120 uetiti
1529 3089 1552 3120 B
1593 3107 1626 3111 —
1667 3090 1719 3121 25.
1745 3099 1804 3122 nec
1835 3091 1972 3130 Madvig

212 3141 350 3181 (opusc.
376 3141 417 3179 11,
436 3141 530 3179 462):
555 3149 642 3172 nunc
667 3143 692 3172 A
708 3141 751 3171 B:
780 3141 816 3179 Q.
835 3140 930 3171 Nunc
951 3140 1142 3171 mehercule.
1179 3140 1243 3171 Ait.
1269 3139 1339 3178 qu
1362 3147 1440 3169 sane
1465 3140 1531 3170 etc.
1559 3139 1583 3170 Ο
1618 3155 1652 3161 -
1690 3139 1743 3170 26.
1769 3140 1922 3170 dissensio
1946 3140 1970 3171 B

215 3205 247 3213 —
276 3190 466 3221 audiuimus
488 3190 512 3221 B
540 3207 575 3213 —
601 3191 654 3221 27.
679 3190 784 3230 ἐρίων
807 3198 876 3221 om.
899 3190 922 3221 B
949 3207 983 3211 —
1012 3190 1064 3221 28.
1089 3192 1193 3229 potest
1216 3189 1260 3219 ad
1284 3196 1385 3227 quam
1409 3188 1430 3218 Β
1458 3205 1493 3209 -—
1518 3191 1714 3227 provocaret
1737 3189 1827 3220 Bake
1854 3205 1889 3211 —
1917 3189 1969 3219 29.

212 3239 418 3270 commitatus
440 3239 504 3270 AB
531 3255 567 3261 —
601 3239 652 3271 30.
678 3240 801 3270 iustum
823 3239 847 3270 B
875 3255 910 3261 -
937 3239 983 3270 dii
1006 3239 1029 3270 B
1049 3239 1074 3270 O
1108 3256 1141 3261 —
1176 3237 1372 3268 immortalis
1400 3241 1645 3276 repraesserunt
1667 3239 1711 3275 A,
1737 3237 1918 3269 immortali
1941 3245 1974 3268 se

211 3287 473 3327 perscripserunt
495 3288 520 3320 B
547 3305 583 3312 -—
610 3287 662 3320 34.
687 3296 731 3320 ex
752 3288 802 3319 his
824 3287 888 3319 AB
916 3305 950 3312 —
977 3288 1173 3328 magistrum
1196 3287 1221 3318 B
1247 3302 1282 3309 —
1309 3289 1483 3326 coeperunt
1504 3288 1543 3318 A.
