2249 3624
358 156 403 198 24
415 157 439 197 4
799 157 1228 200 TUSCVLANARUM
1258 159 1694 200 DISPUTATIONUM

361 268 517 308 maiora
550 267 720 306 moliri?
771 267 825 305 M.
857 265 908 304 Ut
939 265 1131 310 doceam,
1174 265 1208 303 si
1240 264 1421 317 possim,
1452 278 1537 304 non
1569 264 1694 304 modo
1726 265 1878 305 malum
1910 279 1990 305 non
2024 279 2128 313 esse,

360 329 432 368 sed
465 329 619 368 bonum
654 329 777 368 etiam
810 331 900 367 esse
932 331 1120 366 mortem.
1171 326 1217 366 A.
1250 327 1342 365 Non
1373 327 1541 378 postulo
1574 326 1615 365 id
1640 326 1836 379 quidem,
1867 340 1969 366 aveo
1991 332 2128 367 tamen

360 391 516 431 audire.
571 391 622 430 Ut
663 389 772 429 enim
812 402 897 428 non
938 386 1092 428 efficias
1124 388 1236 441 quod
1268 389 1352 436 vis,
1393 394 1530 428 tamen
1561 402 1670 428 mors
1701 393 1747 427 ut
1776 388 1931 428 malum
1961 402 2045 429 non
2077 391 2130 430 sit

360 451 527 493 efficies.
589 453 670 491 Sed
710 451 813 491 nihil
845 457 884 491 te
916 450 1212 503 interpellabo:
1254 451 1536 489 continentem
1569 451 1800 490 orationem
1832 451 1974 490 audire
2005 452 2127 492 malo.

326 513 425 554 5117.
456 516 510 555 M.
543 514 686 562 Quid?
719 515 752 553 si
783 518 822 552 te
855 526 1056 565 rogavero
1088 512 1267 565 aliquid,
1299 526 1438 552 nonne
1470 511 1774 565 respondebis?
1819 514 1865 552 A.
1894 514 2127 566 Superbum

358 577 399 616 id
432 577 599 629 quidem
633 580 720 623 est3
759 575 855 621 sed,
887 575 966 613 nisi
998 574 1102 626 quid
1132 588 1304 614 necesse
1329 576 1424 622 erit,
1458 576 1565 614 malo
1587 589 1669 614 non
1698 588 1833 627 roges.
1879 576 1949 614 IX.
1973 577 2025 614 M.
2050 575 2129 615 Ge-

358 653 442 679 ram
476 639 550 678 tibi
584 651 739 677 morem
771 644 812 677 et
843 650 911 684 ea,
944 650 1050 689 quae
1084 637 1168 684 vis,
1199 642 1243 676 ut
1273 644 1420 689 potero
1454 637 1695 689 explicabo,
1727 651 1804 677 nec
1835 642 1974 677 tamen
2008 637 2128 690 quasi

357 701 531 755 Pythius
571 700 744 752 Apollo,
784 704 896 738 certa
934 704 978 738 ut
1019 699 1101 738 sint
1132 705 1173 738 et
1203 699 1286 737 fixa
1318 713 1425 752 quae
1457 701 1624 746 dixero,
1667 700 1740 739 sed
1773 706 1818 739 ut
1848 699 2128 739 homunculus

358 778 467 804 unus
500 776 521 801 e
556 762 692 801 multis
725 759 959 814 probabilia
993 762 1236 800 coniectura
1258 775 1452 814 sequens.
1507 761 1621 801 Ultra
1643 762 1752 801 enim
1780 775 1863 815 quo
1886 761 2130 814 progrediar

308 836 343 864 40
359 841 480 880 quam
512 830 555 864 ut
586 825 671 864 veri
704 825 855 864 similia
888 824 1049 863 videam
1083 837 1166 862 non
1199 824 1354 863 habeo:
1395 830 1504 863 certa
1537 824 1676 863 dicent
1706 824 1756 871 ii,
1798 824 1869 877 qui
1902 829 1942 863 et
1972 822 2127 875 percipi

358 902 406 928 ea
437 901 562 941 posse
596 887 739 926 dicunt
770 892 810 926 et
841 899 885 926 se
917 885 1119 939 sapientis
1151 898 1242 924 esse
1274 884 1533 938 profitentur.
1584 886 1630 925 Α.
1655 888 1736 932 Tu,
1768 891 1813 925 ut
1834 886 2020 925 videtur:
2053 897 2129 924 nos

357 951 409 990 ad
440 949 696 990 audiendum
728 948 861 1001 parati
895 961 1050 987 sumus.

471 1009 536 1051 ¹18.
568 1013 622 1051 M.
654 1012 764 1051 Mors
797 1011 925 1064 igitur
954 1011 1066 1063 ipsa,
1107 1023 1215 1063 quae
1244 1009 1408 1048 videtur
1445 1010 1661 1049 notissima
1698 1023 1763 1049 res
1796 1023 1905 1058 esse,
1949 1009 2046 1063 quid
2078 1010 2131 1050 sit

358 1074 532 1128 primum
566 1079 629 1113 est
658 1073 899 1113 videndum.
947 1073 1053 1112 Sunt
1084 1073 1193 1112 enim
1227 1073 1298 1125 qui
1330 1071 1559 1110 discessum
1592 1073 1717 1111 animi
1741 1085 1762 1111 a
1791 1086 1964 1125 corpore
1986 1078 2132 1124 putent

307 1146 342 1175 15
358 1150 448 1176 esse
481 1141 680 1182 mortem;
714 1141 810 1175 sunt
841 1136 912 1188 qui
943 1135 1102 1174 nullum
1136 1140 1333 1174 censeant
1352 1134 1441 1172 fieri
1464 1133 1716 1181 discessum,
1749 1134 1823 1174 sed
1846 1147 1927 1173 una
1949 1135 2130 1173 animum

358 1204 398 1239 et
428 1212 579 1252 corpus
611 1197 801 1238 occidere
833 1197 1105 1250 animumque
1144 1197 1185 1236 in
1218 1209 1390 1248 corpore
1423 1196 1624 1248 extingui.
1681 1196 1763 1243 Qui
1795 1196 2012 1236 discedere
2044 1197 2131 1236 ani—

357 1276 468 1301 mum
515 1266 708 1307 censent,
754 1260 824 1299 alii
864 1259 1001 1299 statim
1045 1259 1260 1311 dissipari,
1307 1258 1376 1296 alii
1418 1257 1488 1296 diu
1528 1270 1796 1311 permanere,
1843 1258 1913 1298 alii
1953 1271 2130 1311 semper.

359 1323 471 1371 Quid
506 1323 558 1362 sit
588 1335 713 1375 porro
746 1323 833 1375 ipse
865 1322 1028 1360 animus
1061 1327 1132 1360 aut
1162 1320 1231 1359 ubi
1259 1325 1330 1360 aut
1354 1319 1477 1367 unde,
1510 1333 1656 1372 magna
1679 1320 1886 1362 dissensio
1910 1327 1985 1360 est.
2025 1320 2131 1360 Aliis

358 1399 429 1426 cor
458 1386 597 1438 ipsum
628 1385 791 1423 animus
812 1383 991 1430 videtur,
1025 1397 1077 1422 ex
1099 1396 1182 1436 quo
1216 1382 1488 1428 excordeS,
1521 1382 1794 1422 vaecordes
1820 1382 2132 1423 concordes-

307 1457 343 1486 20
359 1461 440 1500 que
473 1447 667 1486 dicuntur
698 1451 739 1486 et
770 1447 914 1485 Nasica
945 1445 1014 1484 ille
1046 1445 1232 1498 prudens
1263 1445 1326 1484 bis
1358 1445 1501 1483 consul
1536 1444 1813 1485 Corculum
1846 1451 1887 1485 et

583 1509 803 1562 Egregie
836 1509 1084 1548 cordatus
1117 1510 1267 1547 homo
1300 1513 1456 1546 catus
1488 1507 1670 1547 Aelius
1704 1508 1905 1547 Sextus.

359 1571 424 1613 49.
456 1572 734 1624 Empedocles
778 1572 963 1611 animum
1005 1584 1095 1610 esse
1138 1576 1280 1609 censet
1323 1569 1440 1608 cordi
1482 1570 1683 1608 suffusum
1717 1570 1977 1623 sanguinem.
2029 1569 2131 1609 Aliis

357 1650 454 1690 pars
487 1635 692 1689 quaedam
735 1634 892 1673 cerebri
926 1634 1013 1672 visa
1046 1639 1108 1672 est
1139 1633 1266 1672 animi
1302 1633 1578 1686 principatum
1612 1638 1766 1672 tenere.
1818 1633 1922 1672 Aliis
1954 1646 2031 1672 nec
2062 1647 2132 1673 cor

358 1700 494 1751 ipsum
528 1698 665 1751 placet
696 1710 771 1736 nec
795 1697 955 1736 cerebri
978 1695 1189 1748 quandam
1211 1701 1369 1747 partem
1393 1708 1483 1734 esse
1507 1695 1709 1741 animum,
1744 1696 1813 1735 sed
1836 1696 1906 1735 alii
1928 1697 1969 1735 in
1992 1696 2130 1742 corde,

308 1770 344 1800 25
359 1761 427 1801 alii
459 1761 501 1799 in
533 1761 706 1799 cerebro
739 1760 936 1799 dixerunt
968 1759 1094 1797 animi
1127 1771 1218 1797 esse
1252 1757 1392 1796 sedem
1417 1763 1455 1796 et
1488 1759 1638 1796 locum.
1684 1759 1877 1797 Animum
1901 1764 2038 1798 autem
2060 1758 2130 1798 alii

359 1823 559 1870 animam,
600 1828 645 1862 ut
675 1822 761 1862 sere
793 1821 938 1861 nostri.
994 1819 1186 1859 Declarat
1214 1833 1389 1867 nomen3
1431 1833 1523 1858 nam
1557 1826 1595 1859 et
1633 1833 1794 1872 agere
1829 1820 2053 1859 animam
2092 1826 2132 1860 et

360 1885 540 1926 efflare
571 1885 785 1924 dicimus
814 1882 869 1937 [et
891 1883 1143 1922 animosos
1177 1888 1217 1921 et
1255 1884 1376 1920 bene
1400 1882 1647 1921 animatos
1681 1888 1721 1921 et
1752 1896 1812 1921 ex
1844 1882 1995 1920 animi
2027 1895 2131 1921 sen-

359 1945 552 2000 tentia];
586 1948 675 2000 ipse
708 1953 846 1987 antem
874 1946 1037 1985 animus
1069 1944 1118 1983 ab
1151 1945 1288 1983 anima
1321 1944 1455 1983 dictus
1487 1951 1562 1983 est.
1609 1946 1765 1984 Zenoni
1799 1945 1935 1983 Stoico
1968 1944 2131 1984 animus

360 2012 467 2065 ignis
499 2009 678 2050 videtur.
738 2010 788 2047 Χ.
823 2009 903 2047 Sed
941 2008 1044 2046 haec
1081 2007 1273 2059 quidem,
1316 2020 1422 2059 qnae
1463 2008 1574 2053 dixi,
1619 2021 1712 2053 cor,
1759 2007 1998 2054 cerebrum,
2045 2007 2134 2047 ani-

309 2082 345 2111 30
360 2087 490 2119 mam,
521 2074 660 2125 ignem
692 2072 834 2124 volg03
863 2070 1025 2123 reliqna
1056 2069 1142 2109 fere
1176 2069 1351 2121 singuli,
1383 2075 1427 2107 ut
1456 2069 1586 2108 multo
1619 2076 1712 2108 ante
1735 2074 1908 2115 veteres,
1941 2069 2132 2121 proxime

360 2142 497 2176 autem
533 2135 832 2180 Aristoxenus,
867 2134 1050 2171 musicus
1090 2132 1285 2184 idemque
1324 2131 1624 2183 philosophus,
1670 2131 1802 2184 ipsius
1844 2132 2029 2184 corporis
2072 2131 2134 2170 in—

360 2198 587 2238 tentionem
624 2196 857 2249 quandam,
891 2194 1003 2234 velut
1048 2195 1088 2233 in
1130 2200 1250 2233 cantu
1292 2199 1331 2232 et
1367 2192 1516 2232 fidibus
1558 2207 1663 2246 quae
1702 2194 1920 2233 harmonia
1961 2193 2133 2241 dicitur;

361 2262 419 2301 sic
458 2274 509 2300 ex
550 2259 734 2311 corporis
766 2259 893 2297 totius
924 2263 1072 2296 natura
1105 2264 1145 2296 et
1177 2255 1305 2309 ligura
1339 2256 1475 2295 varios
1515 2263 1651 2295 motus
1695 2256 1794 2295 cieri
1835 2261 2049 2309 tamquam
2090 2256 2133 2294 in

362 2328 484 2363 cantu
518 2336 654 2362 sonos.
700 2318 765 2359 020.
798 2320 875 2358 Hic
898 2319 948 2358 ab
981 2317 1157 2359 artificio
1191 2333 1265 2359 suo
1297 2332 1380 2357 non
1412 2320 1585 2358 recessit
1607 2325 1646 2357 et
1668 2324 1806 2358 tamen
1829 2318 1937 2357 dixit
1957 2317 2134 2371 aliquid,

311 2395 346 2423 35
363 2385 473 2439 quod
511 2386 648 2437 ipsum
686 2382 810 2435 quale
849 2387 960 2421 esset
1007 2388 1095 2421 erat
1136 2382 1265 2421 multo
1305 2387 1399 2420 ante
1438 2386 1479 2420 et
1525 2381 1681 2420 dictum
1722 2387 1762 2420 et
1803 2380 2072 2432 explanatum
2112 2393 2135 2420 a

362 2449 544 2487 Platone.
597 2447 857 2485 Xenocrates
890 2445 1017 2484 animi
1041 2442 1211 2496 liguram
1245 2450 1285 2482 et
1316 2443 1434 2495 quasi
1466 2456 1618 2496 corpus
1649 2444 1816 2495 negavit
1846 2457 1936 2482 esse
1968 2456 2133 2482 verum:

362 2523 580 2550 numerum
618 2509 724 2548 dixit
755 2521 866 2553 esse,
907 2508 1023 2546 cuius
1057 2507 1141 2553 vis,
1180 2512 1225 2545 ut
1255 2506 1336 2545 iam
1368 2511 1461 2544 ante
1492 2506 1749 2558 Pythagorae
1780 2506 1915 2544 visum
1948 2510 2053 2552 erat,
2092 2506 2134 2544 in

451 2685 480 2714 ⁵2.
509 2682 600 2723 aveo]
626 2682 725 2713 habeo
750 2682 788 2713 C.
816 2681 903 2720 Cf.§
929 2680 1001 2710 442.
1034 2697 1067 2701 —
1096 2678 1125 2710 4.
1154 2683 1182 2710 le
1206 2687 1382 2719 superscr.
1402 2680 1433 2710 in
1454 2680 1478 2709 G
1501 2679 1626 2709 eaden]
1653 2687 1698 2709 m.
1723 2696 1755 2700 —
1784 2679 1813 2708 5.
1841 2687 1903 2708 non
1930 2678 2136 2717 respondebis

365 2736 401 2765 O.
436 2734 510 2764 Vid.
538 2732 673 2772 Madvig
705 2732 747 2762 ad
783 2732 852 2762 Cic.
881 2730 923 2761 (le
950 2729 1056 2760 Finib.
1086 2730 1109 2759 ll
1138 2728 1155 2768 ἓ
1182 2730 1232 2759 40.
1263 2746 1297 2750 ——
1330 2730 1347 2759 6
1387 2730 1515 2767 quidem
1541 2731 1635 2764 esset‚·
1667 2728 1721 2757 sed
1746 2727 1835 2758 Bake
1862 2727 1882 2758 1.
1910 2727 1929 2758 1.
1957 2737 1989 2767 p.
2015 2728 2067 2759 7'-.
2097 2746 2131 2750 —

364 2793 402 2814 ree
425 2792 518 2823 roges
544 2783 567 2813 Ο
597 2798 630 2804 -
665 2782 714 2812 slO.
742 2781 871 2812 rideam
895 2780 1018 2810 similia
1042 2779 1066 2808 O
1095 2795 1128 2798 —
1163 2778 1194 2807 1ιὶ
1220 2778 1301 2815 GR,
1327 2778 1371 2807 hii
1397 2779 1419 2808 Β
1451 2796 1480 2799 -
1518 2778 1567 2809 44.
1593 2780 1711 2816 putant
1737 2777 1760 2807 C
1790 2795 1819 2798 —
1856 2778 1906 2808 118.
1934 2782 1993 2808 aut
2016 2777 2070 2807 ubi
2088 2795 2135 2800 --

364 2842 420 2864 cor
451 2833 556 2871 ipsum
588 2832 718 2862 animus
749 2830 783 2861 in
817 2831 840 2860 G
872 2830 904 2860 in
937 2829 1092 2867 margine
1125 2827 1286 2858 inferiore
1318 2827 1478 2867 suppleta
1510 2829 1590 2858 sunt
1619 2827 1743 2858 eaden]
1769 2836 1814 2858 ni.
1844 2845 1877 2848 —
1906 2832 1964 2857 aut
1987 2828 2134 2858 unde--

364 2883 601 2921 concordesque
624 2882 779 2912 dicuncm·
802 2880 934 2910 Nonius
960 2888 992 2918 p.
1013 2878 1064 2909 66.
1096 2896 1127 2899 κ-
1159 2879 1208 2908 26.
1236 2879 1350 2908 nostri.
1379 2878 1537 2908 Declarac
1560 2886 1688 2908 nomen.
1715 2878 1803 2907 Nam
1826 2878 2004 2908 Davisius:
2032 2879 2135 2909 nostri

365 2933 534 2963 declaravi!
564 2939 691 2961 nomen.
726 2931 812 2961 Nam
845 2929 889 2960 C:
922 2929 1025 2958 nostri
1057 2927 1227 2958 declarant
1255 2929 1395 2958 nomine.
1429 2929 1515 2958 Nam
1541 2926 1706 2963 VVolsius,
1735 2927 1779 2963 03
1812 2927 1915 2957 nostri
1946 2926 2134 2959 declarant:

366 2991 444 3012 nom
468 2981 558 3011 Bake
584 2979 603 3010 l.
625 2979 644 3011 l.
674 2990 704 3021 p.
726 2980 778 3011 74.
808 2980 857 3010 Cf.
878 2978 1023 3019 Philipp.
1044 2978 1070 3007 V
1094 2978 1113 3016 §
1131 2977 1182 3008 43.
1210 2978 1235 3008 X
1254 2978 1271 3017 g
1290 2977 1342 3008 “ER
1365 2995 1399 2998 —
1427 2978 1479 3008 ⁹27.
1507 2980 1536 3007 et
1560 2978 1724 3007 animosos
1740 2994 1786 2999 --
1802 2977 1960 3007 sententia
1985 2975 2135 3008 delenda

367 3040 444 3063 esse
471 3031 603 3070 primus
628 3030 710 3060 vidit
735 3030 958 3065 Schuetzius3
986 3025 1137 3070 λογικὸν
1162 3022 1373 3071 ἁμάρτημα
1398 3028 1576 3058 Ciceronis
1602 3028 1710 3066 ipsius
1736 3035 1841 3067 quam
1867 3026 2039 3066 glossema
2060 3035 2135 3057 ma-

366 3081 427 3112 luit
451 3088 642 3120 agnoscere
668 3080 692 3109 Ο
722 3097 751 3100 -
782 3080 834 3110 w.
862 3088 919 3109 cor
943 3079 987 3109 C:
1014 3087 1083 3115 cor,
1109 3078 1303 3117 sanquinem
1321 3078 1355 3108 O.
1387 3078 1527 3108 «Omisit
1546 3078 1740 3116 sangyuinem
1759 3077 1893 3115 Cicero,
1921 3076 2014 3116 quod
2033 3084 2135 3107 unius

367 3131 517 3162 hominis
543 3129 630 3160 haec
656 3131 730 3160 crat
747 3130 873 3170 opinio,
902 3138 969 3159 non
987 3127 1089 3167 vulgo
1107 3128 1173 3158 hoc
1191 3127 1411 3167 putabatur.»
1441 3128 1558 3157 Ktorz.
1584 3145 1615 3148 —
1645 3126 1695 3157 30.
1719 3127 1859 3166 sinyuli:
1885 3129 1919 3156 u!
1942 3126 2044 3156 mullo
2061 3129 2136 3157 ante

366 3180 512 3220 Bentley
537 3178 626 3219 (coll.
648 3189 680 3210 v.
700 3179 770 3217 3ἓ3);
804 3180 924 3219 singuli
957 3182 991 3209 ul
1022 3179 1115 3209 orium
1145 3181 1220 3207 (wilc
1245 3179 1286 3209 ‹23
1321 3177 1452 3216 singuli.
1482 3177 1521 3208 Ut
1544 3178 1566 3216 ἦ
1588 3177 1682 3207 mum
1706 3180 1781 3207 ame
1805 3177 1829 3207 Ο
1858 3193 1890 3197 ——
1925 3175 1976 3205 34.
2003 3176 2136 3206 misicus

368 3240 458 3262 corr.
487 3230 612 3261 eadem
638 3238 683 3260 m.
713 3230 745 3260 in
768 3231 911 3260 musicus
935 3230 959 3261 R
988 3246 1021 3251 —
1050 3228 1102 3259 3¹¹2.
1129 3229 1284 3258 armonia
1309 3228 1332 3258 G
1348 3228 1370 3258 R
1400 3245 1432 3249 —
1461 3228 1512 3258 36.
1534 3236 1597 3258 csse
1613 3236 1746 3257 verum:
1771 3234 1945 3257 numerum
1963 3224 2128 3257 Klotzius:

367 3290 447 3321 esse,
479 3289 593 3313 verum
622 3288 795 3311 numerum
825 3280 867 3317 03
900 3287 983 3317 esso,
1017 3278 1154 3320 [verum]
1185 3285 1357 3308 numerum
1382 3276 1591 3317 Trcgdorus.
1631 3275 1794 3307 «Scilicet
1819 3277 1845 3307 is
1871 3284 2011 3316 quoque
2036 3277 2133 3308 recte
