2249 3624
253 147 299 191 74
310 147 335 191 4
973 153 1042 193 DE
1074 152 1301 193 OFFICIIS

256 258 438 298 maxime
469 259 685 312 probabile
716 262 920 306 occurrat,
952 258 994 297 id
1026 264 1168 298 nostro
1201 260 1291 299 iure
1322 258 1446 299 liceat
1477 258 1717 299 defendere.
1777 261 1859 300 Sed
1890 261 2016 303 redeo

255 320 306 360 ad
338 320 568 360 formulam.
629 321 676 361 V.
715 318 780 360 21.
811 321 1038 361 Detrahere
1069 321 1196 374 igitur
1225 321 1346 361 alteri
1377 321 1540 374 aliquid
1572 327 1612 362 et
1642 322 1853 363 hominem
1884 324 2018 364 homi-

254 384 319 423 nis
350 383 614 423 incommodo
646 397 766 423 suum
800 383 1063 422 commodum
1096 396 1248 436 augere
1276 384 1408 436 magis
1430 390 1493 423 est
1514 390 1657 424 contra
1682 390 1869 426 naturam
1893 400 2017 440 quam

255 459 389 493 mors,
431 458 555 498 quam
587 450 836 498 paupertas,
878 458 1002 498 quam
1034 445 1178 493 dolor,
1221 459 1347 498 quam
1380 451 1542 493 cetera,
1583 460 1691 500 quae
1732 454 1909 499 possunt
1947 454 2019 489 aut

220 511 420 562 5corpori
458 508 646 548 accidere
686 513 758 548 aut
801 508 925 547 rebus
968 509 1167 547 externis.
1240 510 1340 548 Nam
1383 509 1592 562 principio
1635 510 1745 549 tollit
1785 512 2017 551 convictum

251 571 476 611 humanum
509 575 549 610 et
579 570 835 609 societatem.
901 570 942 609 Si
974 570 1084 609 enim
1117 571 1174 610 sic
1208 571 1360 610 erimus
1392 571 1567 619 adfecti,
1605 578 1651 611 ut
1691 579 1858 626 propter
1896 588 2018 614 suum

251 634 430 687 quisque
463 633 789 673 emolumentum
822 633 974 685 spoliet
1011 639 1083 672 aut
1120 633 1250 672 violet
1279 633 1478 681 alterum,
1519 635 1720 688 disrumpi
1752 649 1924 675 necesse
1957 641 2020 676 est

250 709 364 742 eam,
410 709 515 748 quae
542 695 724 735 maxime
758 701 820 735 est
852 695 1079 735 secundum
1114 702 1325 743 naturam,
1358 698 1528 737 humani
1561 699 1726 750 generis
1760 701 2017 738 societatem.

248 756 316 797 ⁶22.
357 758 431 805 Ut,
471 758 504 797 si
547 771 676 796 unum
720 757 920 811 quodque
961 759 1191 797 membrum
1233 772 1401 798 sensum
1434 759 1544 798 hunc
1576 760 1771 807 haberet,
1817 766 1863 799 ut
1894 774 2019 813 posse

198 826 412 873 toputaret
453 833 496 860 se
537 819 701 867 valere,
744 821 777 859 si
822 820 1002 873 proximi
1043 821 1216 860 membri
1258 822 1540 862 valetudinem
1583 823 1632 862 ad
1676 836 1719 862 se
1751 824 2019 870 traduxisset,

248 883 456 922 debilitari
498 888 538 922 et
576 883 747 922 interire
791 888 919 922 totum
954 897 1102 936 corpus
1134 897 1305 923 necesse
1338 891 1468 931 esset,
1509 886 1591 932 sie,
1635 886 1668 924 si
1701 899 1808 925 unus
1841 886 2020 939 quisque

247 951 432 984 nostrum
465 945 513 984 ad
549 959 592 984 se
624 947 760 998 rapiat
791 946 1008 986 commoda
1042 947 1216 986 aliorum
1252 947 1527 1000 detrahatque
1560 948 1671 1000 quod
1704 949 1856 1001 cuique
1888 950 2022 1001 possit

246 1007 515 1047 emolumenti
556 1008 618 1047 sui
661 1010 812 1060 gratia,
854 1009 1032 1047 societas
1066 1008 1280 1047 homiuum
1321 1015 1361 1048 et
1393 1010 1671 1049 communitas
1704 1016 1916 1050 evertatur
1948 1025 2021 1051 ne-

247 1082 362 1109 cesse
406 1075 481 1109 est.
554 1072 655 1110 Nam
700 1072 778 1111 sibi
821 1077 865 1110 ut
907 1071 1088 1124 quisque
1131 1071 1244 1109 malit
1286 1072 1397 1123 quod
1439 1072 1489 1110 ad
1524 1086 1641 1112 usum
1674 1074 1782 1113 vitae
1815 1075 2020 1126 pertineat

197 1144 372 1185 usquam
417 1131 536 1171 alteri
584 1132 822 1184 adquirere,
871 1146 1116 1171 concessum
1162 1139 1223 1172 est
1263 1147 1347 1172 non
1390 1140 1652 1187 repugnante
1693 1141 1862 1175 natura:
1913 1136 2017 1176 illud

247 1200 394 1234 natura
426 1208 509 1233 non
544 1196 720 1248 patitur,
762 1202 808 1235 ut
839 1196 1016 1235 aliorum
1050 1196 1195 1249 spoliis
1230 1202 1392 1234 nostras
1424 1196 1665 1244 facultates,
1705 1198 1873 1250 copias,
1918 1212 2020 1251 opes

246 1271 487 1309 augeamus.
547 1255 615 1296 ‘'23.
651 1259 795 1310 Neque
828 1272 925 1296 vero
960 1257 1037 1297 boc
1070 1258 1204 1297 solum
1237 1264 1397 1305 natura,
1429 1258 1468 1296 id
1503 1265 1565 1297 est
1595 1259 1684 1298 iure
1715 1260 1923 1312 gentium,
1947 1261 2019 1300 sed

247 1320 371 1359 etiam
419 1317 582 1371 legibus
625 1321 900 1373 populorum,
954 1321 1107 1372 quibus
1159 1322 1199 1360 in
1249 1321 1424 1373 singulis
1466 1321 1701 1361 civitatibus
1746 1337 1812 1363 res
1854 1324 2021 1377 publica

247 1382 504 1428 continetur,
550 1382 696 1421 eodem
739 1383 861 1422 modo
904 1384 1177 1422 constitutum
1220 1389 1306 1430 est,
1351 1390 1393 1422 ut
1431 1396 1517 1422 non
1558 1383 1681 1423 liceat
1712 1385 1778 1424 sui
1810 1385 2021 1425 commodi

195 1456 231 1485 ⁶20
247 1458 372 1484 causa
403 1459 556 1485 nocere
588 1447 722 1485 alteri.
784 1447 871 1485 Hoc
905 1447 1014 1485 enim
1050 1453 1242 1499 spectant
1274 1447 1410 1498 leges,
1451 1445 1531 1484 hoc
1564 1445 1732 1492 volunt,
1765 1447 2020 1486 incolumem

248 1521 339 1547 esse
372 1508 522 1547 civium
555 1509 909 1555 coniunctionem,
944 1523 1067 1561 quam
1102 1511 1174 1562 qui
1207 1509 1423 1555 dirimunt,
1457 1521 1528 1546 eos
1562 1514 1694 1547 morte
1727 1509 1900 1556 exsilio,
1933 1509 2018 1548 vin-

246 1569 318 1608 clis
352 1571 503 1609 damno
537 1577 741 1610 coercent.
800 1574 937 1624 Atque
972 1571 1047 1611 boc
1079 1572 1208 1611 multo
1242 1572 1371 1623 magis
1406 1570 1535 1609 efficit
1566 1571 1656 1621 ipsa
1687 1577 1861 1611 naturae
1901 1571 2021 1618 ratio,

247 1645 354 1685 quae
398 1638 459 1671 est
502 1633 569 1671 lex
609 1633 747 1673 diviua
788 1640 828 1672 et
861 1634 1063 1679 humana,
1107 1635 1172 1672 cui
1208 1647 1352 1686 parere
1385 1633 1455 1686 qui
1490 1633 1589 1672 velit
1619 1655 1671 1660 —
1705 1647 1849 1672 omnes
1882 1639 2020 1673 autem

247 1696 473 1748 parebunt,
506 1697 576 1748 qui
610 1697 840 1735 secundum
877 1704 1064 1735 naturam
1098 1697 1237 1735 volent
1273 1697 1411 1734 vivere
1444 1718 1496 1723 —
1530 1709 1758 1747 numquam
1792 1696 2023 1735 committet

194 1768 229 1796 ³25
246 1763 291 1797 ut
321 1759 503 1798 alienum
536 1765 703 1811 appetat
735 1766 774 1798 et
806 1760 868 1805 id,
902 1760 1013 1811 quod
1048 1759 1166 1798 alteri
1202 1758 1442 1803 detraxerit,
1476 1755 1554 1796 sibi
1588 1758 1791 1796 adsumat.
1851 1756 1917 1796 24.
1950 1759 2021 1797 Et-

244 1821 354 1861 enim
387 1821 515 1860 multo
550 1822 679 1873 magis
712 1827 775 1861 est
807 1823 1035 1861 secundum
1071 1827 1257 1861 naturam
1292 1821 1514 1859 excelsitas
1547 1819 1674 1858 animi
1710 1826 1749 1859 et
1775 1820 2019 1872 magnitudo

242 1884 427 1936 itemque
459 1884 657 1929 comitem,
703 1884 884 1930 iustitia,
926 1884 1152 1923 liberalitas
1187 1896 1312 1936 quam
1347 1882 1561 1934 voluptas,
1595 1895 1719 1934 quam
1754 1883 1861 1928 vita,
1894 1894 2020 1934 quam

244 1946 434 1985 divitiae:
479 1959 586 1997 quae
628 1946 797 1998 quidem
840 1952 1107 1985 contemnere
1148 1952 1187 1984 et
1228 1959 1301 1997 pro
1342 1945 1474 1983 nihilo
1518 1944 1673 1983 ducere
1706 1952 2019 1996 comparantem

245 2022 338 2047 cum
379 2008 558 2047 utilitate
599 2008 810 2046 communi
855 2008 992 2059 magui
1035 2008 1161 2047 animi
1205 2014 1246 2046 et
1277 2007 1433 2046 excelsi
1465 2012 1541 2045 cst.
1605 2004 1849 2058 [Detrahere
1880 2013 2020 2047 autem

193 2071 295 2109 :zode
338 2070 468 2109 altero
510 2070 571 2108 sui
615 2071 823 2109 commodi
868 2084 990 2108 causa
1035 2071 1163 2119 magis
1205 2075 1267 2108 est
1299 2075 1443 2108 eontra
1475 2074 1688 2115 naturam,
1736 2082 1862 2121 quam
1895 2083 2019 2116 mors,

245 2146 371 2186 quam
415 2132 558 2178 dolor,
602 2145 724 2184 quam
767 2138 903 2171 cetera
944 2134 1106 2183 generis
1150 2129 1368 2182 eiusdem]
1448 2129 1516 2170 25.
1563 2132 1750 2184 Itemque
1785 2132 1917 2183 magis
1959 2137 2022 2172 est

245 2195 477 2235 secundum
509 2200 696 2234 naturam
738 2208 810 2246 pro
844 2196 1036 2234 omnibus
1069 2194 1286 2246 gentibus,
1331 2195 1362 2233 si
1397 2192 1484 2233 lieri
1521 2195 1676 2246 possit,
1719 2194 2020 2234 conservandis

245 2264 314 2297 aut
346 2258 535 2296 iuvandis
569 2257 773 2295 maximos
806 2257 969 2295 labores
1012 2257 1314 2308 molestiasque
1355 2256 1568 2308 suscipere
1601 2256 1829 2296 imitantem
1865 2257 2022 2297 Hercu-

245 2320 325 2358 lem
358 2320 501 2366 illum,
547 2334 668 2372 quem
714 2319 928 2358 homiuum
969 2318 1077 2357 sama
1119 2317 1419 2357 beneficiorum
1454 2331 1613 2356 memor
1643 2319 1685 2357 in
1718 2319 1895 2358 concilio
1929 2332 2022 2359 cae-

198 2381 410 2420 35lestium
445 2382 678 2427 collocavit,
713 2394 835 2433 quam
869 2382 1007 2420 vivere
1039 2382 1077 2420 iu
1112 2380 1337 2419 solitudine
1371 2393 1453 2418 non
1487 2380 1610 2419 modo
1643 2380 1732 2419 sine
1764 2380 1858 2419 ullis
1891 2381 2022 2420 mole-

247 2444 356 2489 stiis,
401 2444 473 2482 sed
515 2444 639 2482 etiam
679 2443 720 2481 in
756 2443 947 2482 maximis
980 2443 1291 2494 voluptatibus,
1332 2443 1614 2482 abundantem
1648 2443 1841 2482 omnibus
1874 2444 2020 2496 copiis,

247 2511 290 2544 ut
322 2507 503 2544 excellas
535 2506 656 2545 etiam
691 2504 1003 2557 pulchritudine
1036 2511 1073 2543 et
1106 2506 1278 2544 viribus.
1331 2505 1541 2552 Quocirca
1573 2506 1731 2557 optimo
1767 2506 1948 2559 quisque
1982 2511 2022 2546 et

247 2568 586 2619 splendidissimo
628 2568 796 2619 iugenio
838 2567 961 2617 louge
993 2567 1105 2606 illam
1139 2568 1263 2605 vitam
1297 2567 1395 2605 huic
1425 2568 1656 2619 anteponit.
1717 2568 1779 2606 Ex
1812 2581 1896 2621 quo
1931 2568 2022 2607 effi-

248 2627 356 2668 citur
378 2629 586 2669 bominem
612 2636 783 2668 naturae
806 2628 1097 2668 oboedientem
1123 2629 1282 2668 homini
1306 2643 1458 2669 nocere
1481 2643 1565 2668 uon
1589 2643 1725 2682 posse.
1768 2627 1834 2668 26.
1857 2630 2019 2670 Deinde

200 2692 318 2743 toqui
351 2692 523 2731 alterum
556 2692 703 2738 violat,
736 2697 781 2730 ut
812 2692 901 2743 ipse
934 2692 1094 2744 aliquid
1128 2692 1334 2730 commodi
1368 2698 1673 2744 consequatur,
1706 2699 1776 2731 aut
1807 2693 1911 2732 nihil
1945 2705 2018 2732 ex-

335 2832 364 2863 li.
393 2842 491 2870 quam
516 2834 608 2863 dulm-
632 2842 734 2871 quam
756 2836 938 2872 paupertas
970 2841 987 2862 c
1030 2850 1061 2853 *—
1105 2833 1135 2863 7.
1163 2833 1309 2871 ciirwnpi
1335 2834 1389 2864 Bc
1421 2834 1470 2869 (in
1497 2834 1520 2864 B
1546 2835 1626 2863 aute
1651 2842 1669 2862 ν
1693 2832 1810 2863 littera
1836 2834 1953 2871 erasa)
1981 2850 2016 2855 —-

249 2883 299 2913 40.
327 2883 541 2912 militudinem
569 2884 626 2913 ΒΗ
657 2901 689 2905 ——
721 2884 772 2913 Μ.
800 2884 826 2912 si
852 2891 920 2912 otu.
943 2890 959 2912 c
989 2899 1021 2903 --
1056 2882 1101 2912 13.
1129 2891 1190 2911 sua
1214 2884 1325 2921 mulia
1352 2891 1372 2913 a.
1401 2901 1426 2903 —
1462 2883 1514 2914 114.
1542 2886 1598 2913 cst.
1629 2883 1665 2912 Ul
1690 2883 1775 2913 enim
1799 2883 1859 2913 sibu
1884 2884 2022 2923 quisque

248 2939 265 2961 o
295 2948 326 2952 —
362 2932 407 2961 15.
435 2942 624 2963 (vasensem
648 2936 692 2963 est
717 2934 736 2963 b
765 2951 799 2954 —
835 2933 884 2962 47.
913 2936 1036 2962 namra
1062 2932 1094 2962 id
1119 2936 1163 2962 est
1189 2933 1259 2962 iure
1285 2934 1328 2962 13:
1363 2937 1489 2963 ruitura
1514 2936 1543 2963 ec
1566 2933 1640 2963 iure
1664 2941 1694 2964 o.
1738 2933 1788 2964 Cf.
1815 2933 1952 2972 Madvig
1976 2932 2020 2963 ad

249 2981 318 3012 (lic.
347 2980 389 3009 (le
418 2981 522 3011 rimu.
552 2993 570 3021 p
609 2983 676 3013 1355.
709 3001 741 3004 -—
770 2983 822 3012 Ξῖ.
851 2983 990 3012 uinculis
1015 2990 1031 3011 c
1062 2999 1092 3003 -›
1121 2982 1172 3012 22.
1201 2983 1368 3013 cohercent
1395 2985 1418 3013 t:
1446 3001 1479 3006 -
1511 2982 1564 3013 ⁶24..
1584 2983 1698 3013 uotum
1722 2983 1745 3013 B
1775 3000 1810 3005 —
1836 2991 2021 3021 numquam

247 3032 421 3060 committe!
439 3047 454 3051 -
470 3048 484 3052 —
502 3032 560 3060 >im
585 3036 730 3062 assumas
762 3032 891 3062 Nouius
917 3041 948 3071 p.
971 3032 1041 3061 288.
1087 3049 1118 3052 —
1161 3036 1334 3062 committe!
1361 3040 1378 3063 ο
1414 3051 1456 3055 -
1496 3033 1548 3063 '‘25.
1576 3032 1693 3063 etenim
1716 3033 1823 3071 magis
1847 3035 1893 3063 esc
1916 3049 1933 3054 -
1950 3049 1967 3054 -
1991 3035 2021 3063 et

248 3080 440 3118 ηιηψιὲίιιιίο
468 3081 594 3110 Nonius
620 3090 639 3120 p
669 3082 729 3111 -l-S't}
774 3100 806 3102 —
839 3082 887 3111 27.
915 3082 1052 3110 comitas
1079 3082 1121 3111 tl:
1149 3082 1367 3111 communitas
1392 3081 1458 3112 alii.
1496 3081 1544 3112 (Il.
1565 3082 1582 3121 ἓ
1603 3082 1675 3112 118,
1705 3099 1739 3103 -
1767 3082 1819 3112 29.
1839 3081 2020 3112 Detrahere

248 3134 409 3159 (ιιιΙωιι--
426 3130 552 3167 Ueneris
577 3131 717 3161 etasdvm
749 3140 767 3161 e
800 3132 868 3168 §2¹
900 3129 1092 3165 inculcata,
1121 3131 1187 3159 iuni
1214 3133 1361 3160 (zi-utero
1388 3133 1417 3161 et
1450 3130 1641 3161 lat-chilato
1667 3133 1843 3171 suspecta,
1872 3139 1935 3170 ego
1961 3139 2019 3161 se-

250 3178 347 3209 clusi.
380 3195 410 3200 -
440 3179 492 3208 31.
520 3180 626 3209 vectius
651 3183 695 3210 cst
718 3182 737 3211 b
766 3198 799 3201 —
827 3180 878 3211 314.
899 3180 1059 3210 homiuem
1083 3181 1175 3217 sunm
1201 3180 1427 3219 beneficiorum
1454 3181 1614 3211 memoria
1639 3181 1674 3211 in
1699 3180 1831 3211 consilio
1855 3187 1873 3210 ο
1901 3197 1935 3202 -
1963 3179 2015 3208 36.

249 3228 489 3258 habundantem
515 3228 536 3258 B
566 3246 599 3251 —
634 3230 684 3260 339.
711 3231 930 3260 lzmzinnmu
949 3240 1010 3260 non
1035 3238 1125 3268 posse
1151 3231 1348 3262 Lactantius
1374 3232 1455 3261 lust.
1483 3230 1551 3260 div.
1580 3230 1634 3269 Vl,
1654 3231 1706 3262 41.
1735 3247 1768 3252 -
1798 3229 2013 3261 oboedientem

250 3279 368 3310 Bllb:
396 3278 593 3324 obedientem
616 3286 648 3317 a,
676 3279 871 3311 obedientem
896 3288 947 3312 co
977 3295 1010 3302 —
1039 3280 1091 3311 40.
1120 3280 1180 3319 ipsc*
1205 3287 1235 3310 c.
