<?xml version="1.0" encoding="UTF-8"?>
<!DOCTYPE html PUBLIC "-//W3C//DTD XHTML 1.0 Transitional//EN"
    "http://www.w3.org/TR/xhtml1/DTD/xhtml1-transitional.dtd">
<html xmlns="http://www.w3.org/1999/xhtml" xml:lang="en" lang="en">
 <head>
  <title>
</title>
<meta http-equiv="Content-Type" content="text/html;charset=utf-8" />
  <meta name='ocr-system' content='tesseract 3.04.00' />
  <meta name='ocr-capabilities' content='ocr_page ocr_carea ocr_par ocr_line ocrx_word'/>
</head>
<body>
  <div class='ocr_page' id='page_1' title='image "./operaquaesupersu04ciceuoft_0470.png"; bbox 0 0 2249 3624; ppageno 0'>
   <div class='ocr_carea' id='block_1_1' title="bbox 340 96 1512 142">
    <p class='ocr_par' dir='ltr' id='par_1_1' title="bbox 340 96 1512 142">
     <span class='ocr_line' id='line_1_1' title="bbox 340 96 1512 142; baseline 0.003 -3"><span class='ocrx_word' id='word_1_1' title='bbox 340 96 422 140; x_wconf 71' lang='lat'>4⁴6</span> <span class='ocrx_word' id='word_1_2' title='bbox 937 99 1008 141; x_wconf 91' lang='lat' dir='ltr'>DE</span> <span class='ocrx_word' id='word_1_3' title='bbox 1038 98 1263 141; x_wconf 86' lang='lat' dir='ltr'>DEORUM</span> <span class='ocrx_word' id='word_1_4' title='bbox 1294 99 1512 142; x_wconf 84' lang='lat' dir='ltr'><strong>NATURA</strong></span> 
     </span>
    </p>
   </div>
   <div class='ocr_carea' id='block_1_2' title="bbox 271 205 2111 2459">
    <p class='ocr_par' dir='ltr' id='par_1_2' title="bbox 271 205 2111 2459">
     <span class='ocr_line' id='line_1_2' title="bbox 342 205 2109 262; baseline 0.005 -16"><span class='ocrx_word' id='word_1_5' title='bbox 342 207 598 259; x_wconf 69' lang='grc' dir='ltr'><em>Φαίνωνᾳυθ</em></span> <span class='ocrx_word' id='word_1_6' title='bbox 629 219 652 247; x_wconf 90' lang='lat' dir='ltr'>a</span> <span class='ocrx_word' id='word_1_7' title='bbox 683 205 853 247; x_wconf 87' lang='lat' dir='ltr'>Graecis</span> <span class='ocrx_word' id='word_1_8' title='bbox 884 207 1144 255; x_wconf 85' lang='lat' dir='ltr'>nominatur,</span> <span class='ocrx_word' id='word_1_9' title='bbox 1177 220 1284 261; x_wconf 91' lang='lat' dir='ltr'>quae</span> <span class='ocrx_word' id='word_1_10' title='bbox 1315 220 1338 248; x_wconf 84' lang='lat' dir='ltr'>a</span> <span class='ocrx_word' id='word_1_11' title='bbox 1363 211 1472 248; x_wconf 89' lang='lat' dir='ltr'>terra</span> <span class='ocrx_word' id='word_1_12' title='bbox 1494 206 1612 248; x_wconf 89' lang='lat' dir='ltr'>abest</span> <span class='ocrx_word' id='word_1_13' title='bbox 1632 207 1882 262; x_wconf 89' lang='lat' dir='ltr'>plurimum,</span> <span class='ocrx_word' id='word_1_14' title='bbox 1913 224 2003 253; x_wconf 83' lang='lat' dir='ltr'>xxx</span> <span class='ocrx_word' id='word_1_15' title='bbox 2021 211 2109 255; x_wconf 86' lang='lat' dir='ltr'>fere</span> 
     </span>
     <span class='ocr_line' id='line_1_3' title="bbox 338 268 2109 324; baseline 0.005 -15"><span class='ocrx_word' id='word_1_16' title='bbox 338 270 459 310; x_wconf 92' lang='lat' dir='ltr'>annis</span> <span class='ocrx_word' id='word_1_17' title='bbox 491 284 657 311; x_wconf 90' lang='lat' dir='ltr'>cursum</span> <span class='ocrx_word' id='word_1_18' title='bbox 689 284 809 311; x_wconf 90' lang='lat' dir='ltr'>suum</span> <span class='ocrx_word' id='word_1_19' title='bbox 841 268 1028 318; x_wconf 88' lang='lat' dir='ltr'>conficit,</span> <span class='ocrx_word' id='word_1_20' title='bbox 1059 271 1100 310; x_wconf 92' lang='lat' dir='ltr'>in</span> <span class='ocrx_word' id='word_1_21' title='bbox 1133 284 1217 324; x_wconf 91' lang='lat' dir='ltr'>quo</span> <span class='ocrx_word' id='word_1_22' title='bbox 1250 283 1373 310; x_wconf 92' lang='lat' dir='ltr'>cursu</span> <span class='ocrx_word' id='word_1_23' title='bbox 1396 269 1525 310; x_wconf 83' lang='lat' dir='ltr'>multa</span> <span class='ocrx_word' id='word_1_24' title='bbox 1544 269 1790 311; x_wconf 90' lang='lat' dir='ltr'>mirabiliter</span> <span class='ocrx_word' id='word_1_25' title='bbox 1809 271 1998 315; x_wconf 85' lang='lat' dir='ltr'>efficiens</span> <span class='ocrx_word' id='word_1_26' title='bbox 2020 281 2109 317; x_wconf 93' lang='lat' dir='ltr'>tum</span> 
     </span>
     <span class='ocr_line' id='line_1_4' title="bbox 338 332 2110 387; baseline 0.003 -15"><span class='ocrx_word' id='word_1_27' title='bbox 338 334 650 381; x_wconf 89' lang='lat' dir='ltr'>antecedendo,</span> <span class='ocrx_word' id='word_1_28' title='bbox 690 338 776 373; x_wconf 90' lang='lat' dir='ltr'>tum</span> <span class='ocrx_word' id='word_1_29' title='bbox 807 333 1082 380; x_wconf 85' lang='lat' dir='ltr'>retardando,</span> <span class='ocrx_word' id='word_1_30' title='bbox 1124 338 1208 372; x_wconf 85' lang='lat' dir='ltr'>tum</span> <span class='ocrx_word' id='word_1_31' title='bbox 1242 332 1493 385; x_wconf 88' lang='lat' dir='ltr'>vespertinis</span> <span class='ocrx_word' id='word_1_32' title='bbox 1533 333 1789 386; x_wconf 87' lang='lat' dir='ltr'>temporibus</span> <span class='ocrx_word' id='word_1_33' title='bbox 1822 334 2110 387; x_wconf 84' lang='lat' dir='ltr'>delitiscendo,</span> 
     </span>
     <span class='ocr_line' id='line_1_5' title="bbox 337 393 2111 449; baseline 0.004 -15"><span class='ocrx_word' id='word_1_34' title='bbox 337 399 425 434; x_wconf 91' lang='lat' dir='ltr'>tum</span> <span class='ocrx_word' id='word_1_35' title='bbox 456 396 670 435; x_wconf 81' lang='lat' dir='ltr'>matutinis</span> <span class='ocrx_word' id='word_1_36' title='bbox 702 409 865 435; x_wconf 88' lang='lat' dir='ltr'>rursum</span> <span class='ocrx_word' id='word_1_37' title='bbox 898 410 941 435; x_wconf 90' lang='lat' dir='ltr'>se</span> <span class='ocrx_word' id='word_1_38' title='bbox 973 393 1220 449; x_wconf 75' lang='lat' dir='ltr'>aperiendo]‚</span> <span class='ocrx_word' id='word_1_39' title='bbox 1253 394 1359 435; x_wconf 91' lang='lat' dir='ltr'>nihil</span> <span class='ocrx_word' id='word_1_40' title='bbox 1389 395 1565 434; x_wconf 89' lang='lat' dir='ltr'>inmutat</span> <span class='ocrx_word' id='word_1_41' title='bbox 1591 396 1856 449; x_wconf 82' lang='lat' dir='ltr'>sempiternis</span> <span class='ocrx_word' id='word_1_42' title='bbox 1878 399 2111 440; x_wconf 83' lang='lat' dir='ltr'>saeclorum</span> 
     </span>
     <span class='ocr_line' id='line_1_6' title="bbox 304 454 2111 516; baseline 0.003 -18"><span class='ocrx_word' id='word_1_43' title='bbox 304 457 564 506; x_wconf 73' lang='lat' dir='ltr'>saetatihus,</span> <span class='ocrx_word' id='word_1_44' title='bbox 597 458 698 511; x_wconf 89' lang='lat' dir='ltr'>quin</span> <span class='ocrx_word' id='word_1_45' title='bbox 731 458 877 498; x_wconf 86' lang='lat' dir='ltr'>eadem</span> <span class='ocrx_word' id='word_1_46' title='bbox 909 457 1041 497; x_wconf 89' lang='lat' dir='ltr'>isdem</span> <span class='ocrx_word' id='word_1_47' title='bbox 1073 457 1333 510; x_wconf 88' lang='lat' dir='ltr'>temporibus</span> <span class='ocrx_word' id='word_1_48' title='bbox 1357 454 1522 496; x_wconf 83' lang='lat' dir='ltr'>efficiat.</span> <span class='ocrx_word' id='word_1_49' title='bbox 1573 456 1686 497; x_wconf 88' lang='lat' dir='ltr'>Infra</span> <span class='ocrx_word' id='word_1_50' title='bbox 1717 463 1856 499; x_wconf 90' lang='lat' dir='ltr'>autem</span> <span class='ocrx_word' id='word_1_51' title='bbox 1887 460 1994 502; x_wconf 90' lang='lat' dir='ltr'>hanc</span> <span class='ocrx_word' id='word_1_52' title='bbox 2014 476 2111 516; x_wconf 89' lang='lat' dir='ltr'>pro-</span> 
     </span>
     <span class='ocr_line' id='line_1_7' title="bbox 335 518 2111 575; baseline 0.005 -18"><span class='ocrx_word' id='word_1_53' title='bbox 335 519 432 571; x_wconf 91' lang='lat' dir='ltr'>pius</span> <span class='ocrx_word' id='word_1_54' title='bbox 474 533 498 559; x_wconf 88' lang='lat' dir='ltr'>a</span> <span class='ocrx_word' id='word_1_55' title='bbox 537 525 647 560; x_wconf 90' lang='lat' dir='ltr'>terra</span> <span class='ocrx_word' id='word_1_56' title='bbox 685 521 796 560; x_wconf 88' lang='lat' dir='ltr'>Iovis</span> <span class='ocrx_word' id='word_1_57' title='bbox 838 520 958 560; x_wconf 88' lang='lat' dir='ltr'>stella</span> <span class='ocrx_word' id='word_1_58' title='bbox 996 519 1146 567; x_wconf 86' lang='lat' dir='ltr'>fertur,</span> <span class='ocrx_word' id='word_1_59' title='bbox 1188 532 1296 573; x_wconf 91' lang='lat' dir='ltr'>quae</span> <span class='ocrx_word' id='word_1_60' title='bbox 1330 521 1512 559; x_wconf 50' lang='grc' dir='ltr'><em>Φαέθων</em></span> <span class='ocrx_word' id='word_1_61' title='bbox 1545 518 1713 567; x_wconf 89' lang='lat' dir='ltr'>dicitur,</span> <span class='ocrx_word' id='word_1_62' title='bbox 1756 534 1890 575; x_wconf 87' lang='lat' dir='ltr'>eaque</span> <span class='ocrx_word' id='word_1_63' title='bbox 1929 524 2111 565; x_wconf 90' lang='lat' dir='ltr'>eundem</span> 
     </span>
     <span class='ocr_line' id='line_1_8' title="bbox 336 579 2110 641; baseline 0.005 -21"><span class='ocrx_word' id='word_1_64' title='bbox 336 581 558 622; x_wconf 90' lang='lat' dir='ltr'>duodecim</span> <span class='ocrx_word' id='word_1_65' title='bbox 599 583 814 635; x_wconf 85' lang='lat' dir='ltr'>signorum</span> <span class='ocrx_word' id='word_1_66' title='bbox 853 582 995 621; x_wconf 90' lang='lat' dir='ltr'>orbem</span> <span class='ocrx_word' id='word_1_67' title='bbox 1036 582 1156 621; x_wconf 88' lang='lat' dir='ltr'>annis</span> <span class='ocrx_word' id='word_1_68' title='bbox 1196 581 1418 621; x_wconf 88' lang='lat' dir='ltr'>duodecim</span> <span class='ocrx_word' id='word_1_69' title='bbox 1466 579 1636 621; x_wconf 89' lang='lat' dir='ltr'>conficit</span> <span class='ocrx_word' id='word_1_70' title='bbox 1682 583 1956 639; x_wconf 89' lang='lat' dir='ltr'>easdemque,</span> <span class='ocrx_word' id='word_1_71' title='bbox 2005 601 2110 641; x_wconf 90' lang='lat' dir='ltr'>quas</span> 
     </span>
     <span class='ocr_line' id='line_1_9' title="bbox 335 642 2111 700; baseline 0.005 -17"><span class='ocrx_word' id='word_1_72' title='bbox 335 643 503 683; x_wconf 81' lang='lat' dir='ltr'>Saturni</span> <span class='ocrx_word' id='word_1_73' title='bbox 535 645 673 693; x_wconf 90' lang='lat' dir='ltr'>stella,</span> <span class='ocrx_word' id='word_1_74' title='bbox 706 645 833 685; x_wconf 86' lang='lat' dir='ltr'>efficit</span> <span class='ocrx_word' id='word_1_75' title='bbox 863 644 904 684; x_wconf 92' lang='lat' dir='ltr'>in</span> <span class='ocrx_word' id='word_1_76' title='bbox 929 658 1053 684; x_wconf 90' lang='lat' dir='ltr'>cursu</span> <span class='ocrx_word' id='word_1_77' title='bbox 1075 645 1314 684; x_wconf 88' lang='lat' dir='ltr'>varietates.</span> <span class='ocrx_word' id='word_1_78' title='bbox 1374 642 1439 682; x_wconf 77' lang='lat'>53.</span> <span class='ocrx_word' id='word_1_79' title='bbox 1472 644 1578 684; x_wconf 89' lang='lat' dir='ltr'>Huic</span> <span class='ocrx_word' id='word_1_80' title='bbox 1610 650 1749 686; x_wconf 89' lang='lat' dir='ltr'>autem</span> <span class='ocrx_word' id='word_1_81' title='bbox 1780 649 2016 700; x_wconf 87' lang='lat' dir='ltr'>proximum</span> <span class='ocrx_word' id='word_1_82' title='bbox 2047 651 2111 690; x_wconf 90' lang='lat' dir='ltr'>in-</span> 
     </span>
     <span class='ocr_line' id='line_1_10' title="bbox 333 704 2111 767; baseline 0.004 -22"><span class='ocrx_word' id='word_1_83' title='bbox 333 704 528 746; x_wconf 90' lang='lat' dir='ltr'>feriorem</span> <span class='ocrx_word' id='word_1_84' title='bbox 562 707 705 747; x_wconf 89' lang='lat' dir='ltr'>orbem</span> <span class='ocrx_word' id='word_1_85' title='bbox 736 712 851 747; x_wconf 90' lang='lat' dir='ltr'>tenet</span> <span class='ocrx_word' id='word_1_86' title='bbox 871 706 1084 759; x_wconf 74' lang='grc' dir='ltr'><strong><em>Πυρόεις,</em></strong></span> <span class='ocrx_word' id='word_1_87' title='bbox 1119 721 1227 762; x_wconf 91' lang='lat' dir='ltr'>quae</span> <span class='ocrx_word' id='word_1_88' title='bbox 1249 708 1370 748; x_wconf 87' lang='lat' dir='ltr'>stella</span> <span class='ocrx_word' id='word_1_89' title='bbox 1391 708 1531 748; x_wconf 82' lang='lat' dir='ltr'>Martis</span> <span class='ocrx_word' id='word_1_90' title='bbox 1554 709 1804 762; x_wconf 89' lang='lat' dir='ltr'>appellatur,</span> <span class='ocrx_word' id='word_1_91' title='bbox 1836 725 1970 766; x_wconf 92' lang='lat' dir='ltr'>eaque</span> <span class='ocrx_word' id='word_1_92' title='bbox 1990 718 2111 767; x_wconf 90' lang='lat' dir='ltr'>quat-</span> 
     </span>
     <span class='ocr_line' id='line_1_11' title="bbox 284 768 2111 823; baseline 0.004 -13"><span class='ocrx_word' id='word_1_93' title='bbox 284 782 320 811; x_wconf 73' lang='lat'>⁴0</span> <span class='ocrx_word' id='word_1_94' title='bbox 335 773 430 808; x_wconf 89' lang='lat' dir='ltr'>tuor</span> <span class='ocrx_word' id='word_1_95' title='bbox 460 774 501 809; x_wconf 88' lang='lat' dir='ltr'>et</span> <span class='ocrx_word' id='word_1_96' title='bbox 531 769 677 822; x_wconf 85' lang='lat' dir='ltr'>viginti</span> <span class='ocrx_word' id='word_1_97' title='bbox 707 769 943 818; x_wconf 88' lang='lat' dir='ltr'>mensibus,</span> <span class='ocrx_word' id='word_1_98' title='bbox 975 784 1070 818; x_wconf 85' lang='lat' dir='ltr'>sex,</span> <span class='ocrx_word' id='word_1_99' title='bbox 1101 776 1146 811; x_wconf 90' lang='lat' dir='ltr'>ut</span> <span class='ocrx_word' id='word_1_100' title='bbox 1176 771 1342 823; x_wconf 88' lang='lat' dir='ltr'>opinor,</span> <span class='ocrx_word' id='word_1_101' title='bbox 1374 768 1524 810; x_wconf 90' lang='lat' dir='ltr'>diebus</span> <span class='ocrx_word' id='word_1_102' title='bbox 1555 772 1717 820; x_wconf 89' lang='lat' dir='ltr'>minus,</span> <span class='ocrx_word' id='word_1_103' title='bbox 1750 775 1930 815; x_wconf 91' lang='lat' dir='ltr'>eundem</span> <span class='ocrx_word' id='word_1_104' title='bbox 1960 775 2111 816; x_wconf 90' lang='lat' dir='ltr'>lustrat</span> 
     </span>
     <span class='ocr_line' id='line_1_12' title="bbox 333 831 2111 886; baseline 0.004 -15"><span class='ocrx_word' id='word_1_105' title='bbox 333 831 495 879; x_wconf 91' lang='lat' dir='ltr'>orbem,</span> <span class='ocrx_word' id='word_1_106' title='bbox 532 846 656 885; x_wconf 88' lang='lat' dir='ltr'>quem</span> <span class='ocrx_word' id='word_1_107' title='bbox 689 832 795 873; x_wconf 90' lang='lat' dir='ltr'>duae</span> <span class='ocrx_word' id='word_1_108' title='bbox 828 833 1080 886; x_wconf 88' lang='lat' dir='ltr'>superiores.</span> <span class='ocrx_word' id='word_1_109' title='bbox 1131 832 1244 873; x_wconf 90' lang='lat' dir='ltr'>Infra</span> <span class='ocrx_word' id='word_1_110' title='bbox 1273 833 1381 873; x_wconf 90' lang='lat' dir='ltr'>hanc</span> <span class='ocrx_word' id='word_1_111' title='bbox 1411 838 1550 873; x_wconf 90' lang='lat' dir='ltr'>autem</span> <span class='ocrx_word' id='word_1_112' title='bbox 1584 834 1705 874; x_wconf 90' lang='lat' dir='ltr'>stella</span> <span class='ocrx_word' id='word_1_113' title='bbox 1726 836 1918 877; x_wconf 88' lang='lat' dir='ltr'>Mercurii</span> <span class='ocrx_word' id='word_1_114' title='bbox 1942 843 2028 878; x_wconf 89' lang='lat' dir='ltr'>est:</span> <span class='ocrx_word' id='word_1_115' title='bbox 2061 851 2111 879; x_wconf 89' lang='lat' dir='ltr'>ea</span> 
     </span>
     <span class='ocr_line' id='line_1_13' title="bbox 332 893 2111 950; baseline 0.005 -17"><span class='ocrx_word' id='word_1_116' title='bbox 332 893 530 945; x_wconf 79' lang='grc' dir='ltr'><em>Στίλβων</em></span> <span class='ocrx_word' id='word_1_117' title='bbox 560 895 795 949; x_wconf 89' lang='lat' dir='ltr'>appellatur</span> <span class='ocrx_word' id='word_1_118' title='bbox 825 910 847 936; x_wconf 91' lang='lat' dir='ltr'>a</span> <span class='ocrx_word' id='word_1_119' title='bbox 871 896 1040 936; x_wconf 88' lang='lat' dir='ltr'>Graecis</span> <span class='ocrx_word' id='word_1_120' title='bbox 1060 911 1069 936; x_wconf 73' lang='grc' dir='ltr'>ε</span> <span class='ocrx_word' id='word_1_121' title='bbox 1099 909 1209 949; x_wconf 85' lang='lat' dir='ltr'>quae</span> <span class='ocrx_word' id='word_1_122' title='bbox 1240 909 1349 935; x_wconf 89' lang='lat' dir='ltr'>anno</span> <span class='ocrx_word' id='word_1_123' title='bbox 1371 895 1458 935; x_wconf 88' lang='lat' dir='ltr'>fere</span> <span class='ocrx_word' id='word_1_124' title='bbox 1481 900 1671 935; x_wconf 86' lang='lat' dir='ltr'>vertente</span> <span class='ocrx_word' id='word_1_125' title='bbox 1693 897 1939 950; x_wconf 88' lang='lat' dir='ltr'>signiferum</span> <span class='ocrx_word' id='word_1_126' title='bbox 1960 900 2111 942; x_wconf 85' lang='lat' dir='ltr'>lustrat</span> 
     </span>
     <span class='ocr_line' id='line_1_14' title="bbox 333 956 2109 1012; baseline 0.005 -16"><span class='ocrx_word' id='word_1_127' title='bbox 333 956 475 996; x_wconf 89' lang='lat' dir='ltr'>orbem</span> <span class='ocrx_word' id='word_1_128' title='bbox 507 971 647 1011; x_wconf 91' lang='lat' dir='ltr'>neque</span> <span class='ocrx_word' id='word_1_129' title='bbox 679 971 702 998; x_wconf 92' lang='lat' dir='ltr'>a</span> <span class='ocrx_word' id='word_1_130' title='bbox 732 959 822 999; x_wconf 89' lang='lat' dir='ltr'>sole</span> <span class='ocrx_word' id='word_1_131' title='bbox 854 958 1020 1012; x_wconf 88' lang='lat' dir='ltr'>longius</span> <span class='ocrx_word' id='word_1_132' title='bbox 1051 972 1253 1012; x_wconf 90' lang='lat' dir='ltr'>umquam</span> <span class='ocrx_word' id='word_1_133' title='bbox 1276 959 1401 999; x_wconf 91' lang='lat' dir='ltr'>unius</span> <span class='ocrx_word' id='word_1_134' title='bbox 1425 958 1532 1011; x_wconf 90' lang='lat' dir='ltr'>signi</span> <span class='ocrx_word' id='word_1_135' title='bbox 1554 959 1777 999; x_wconf 91' lang='lat' dir='ltr'>intervallo</span> <span class='ocrx_word' id='word_1_136' title='bbox 1800 960 1991 1011; x_wconf 91' lang='lat' dir='ltr'>discedit,</span> <span class='ocrx_word' id='word_1_137' title='bbox 2021 968 2109 1004; x_wconf 89' lang='lat' dir='ltr'>tum</span> 
     </span>
     <span class='ocr_line' id='line_1_15' title="bbox 331 1021 2108 1079; baseline 0.005 -22"><span class='ocrx_word' id='word_1_138' title='bbox 331 1023 621 1067; x_wconf 82' lang='lat' dir='ltr'>antevertens,</span> <span class='ocrx_word' id='word_1_139' title='bbox 660 1026 749 1060; x_wconf 91' lang='lat' dir='ltr'>tum</span> <span class='ocrx_word' id='word_1_140' title='bbox 787 1021 1064 1075; x_wconf 90' lang='lat' dir='ltr'>subsequens.</span> <span class='ocrx_word' id='word_1_141' title='bbox 1115 1021 1263 1061; x_wconf 90' lang='lat' dir='ltr'>Infima</span> <span class='ocrx_word' id='word_1_142' title='bbox 1300 1026 1362 1061; x_wconf 89' lang='lat' dir='ltr'>est</span> <span class='ocrx_word' id='word_1_143' title='bbox 1394 1021 1585 1074; x_wconf 91' lang='lat' dir='ltr'>quinque</span> <span class='ocrx_word' id='word_1_144' title='bbox 1617 1022 1847 1063; x_wconf 82' lang='lat' dir='ltr'>errantium</span> <span class='ocrx_word' id='word_1_145' title='bbox 1884 1029 2108 1079; x_wconf 84' lang='lat' dir='ltr'>terraeque</span> 
     </span>
     <span class='ocr_line' id='line_1_16' title="bbox 281 1082 2108 1138; baseline 0.003 -15"><span class='ocrx_word' id='word_1_146' title='bbox 281 1094 317 1124; x_wconf 70' lang='grc'>45</span> <span class='ocrx_word' id='word_1_147' title='bbox 331 1082 523 1134; x_wconf 85' lang='lat' dir='ltr'>proxima</span> <span class='ocrx_word' id='word_1_148' title='bbox 553 1083 675 1123; x_wconf 87' lang='lat' dir='ltr'>stella</span> <span class='ocrx_word' id='word_1_149' title='bbox 705 1084 900 1133; x_wconf 89' lang='lat' dir='ltr'>Veneris,</span> <span class='ocrx_word' id='word_1_150' title='bbox 932 1098 1039 1138; x_wconf 87' lang='lat' dir='ltr'>quae</span> <span class='ocrx_word' id='word_1_151' title='bbox 1073 1083 1317 1136; x_wconf 74' lang='grc' dir='ltr'><em>Φωσφόρος</em></span> <span class='ocrx_word' id='word_1_152' title='bbox 1350 1083 1529 1130; x_wconf 87' lang='lat' dir='ltr'>Graece,</span> <span class='ocrx_word' id='word_1_153' title='bbox 1562 1083 1732 1123; x_wconf 87' lang='lat' dir='ltr'>Lucifer</span> <span class='ocrx_word' id='word_1_154' title='bbox 1763 1085 1908 1127; x_wconf 87' lang='lat' dir='ltr'>Latine</span> <span class='ocrx_word' id='word_1_155' title='bbox 1941 1087 2108 1137; x_wconf 90' lang='lat' dir='ltr'>dicitur,</span> 
     </span>
     <span class='ocr_line' id='line_1_17' title="bbox 330 1145 2109 1200; baseline 0.003 -15"><span class='ocrx_word' id='word_1_156' title='bbox 330 1158 423 1185; x_wconf 89' lang='lat' dir='ltr'>cum</span> <span class='ocrx_word' id='word_1_157' title='bbox 456 1146 743 1198; x_wconf 86' lang='lat' dir='ltr'>antegreditur</span> <span class='ocrx_word' id='word_1_158' title='bbox 773 1147 927 1195; x_wconf 91' lang='lat' dir='ltr'>solem,</span> <span class='ocrx_word' id='word_1_159' title='bbox 960 1161 1054 1187; x_wconf 91' lang='lat' dir='ltr'>cum</span> <span class='ocrx_word' id='word_1_160' title='bbox 1086 1147 1356 1200; x_wconf 88' lang='lat' dir='ltr'>subsequitur</span> <span class='ocrx_word' id='word_1_161' title='bbox 1385 1151 1540 1194; x_wconf 90' lang='lat' dir='ltr'>autem,</span> <span class='ocrx_word' id='word_1_162' title='bbox 1562 1145 1796 1199; x_wconf 68' lang='lat' dir='ltr'>‘&#39;Eo-nsoog.</span> <span class='ocrx_word' id='word_1_163' title='bbox 1849 1150 1910 1189; x_wconf 90' lang='lat' dir='ltr'>Ea</span> <span class='ocrx_word' id='word_1_164' title='bbox 1941 1163 2109 1191; x_wconf 91' lang='lat' dir='ltr'>cursum</span> 
     </span>
     <span class='ocr_line' id='line_1_18' title="bbox 329 1209 2108 1267; baseline 0.003 -20"><span class='ocrx_word' id='word_1_165' title='bbox 329 1221 439 1248; x_wconf 90' lang='lat' dir='ltr'>anno</span> <span class='ocrx_word' id='word_1_166' title='bbox 471 1209 641 1250; x_wconf 89' lang='lat' dir='ltr'>conficit</span> <span class='ocrx_word' id='word_1_167' title='bbox 662 1216 703 1250; x_wconf 90' lang='lat' dir='ltr'>et</span> <span class='ocrx_word' id='word_1_168' title='bbox 732 1209 996 1250; x_wconf 85' lang='lat' dir='ltr'>latitudinem</span> <span class='ocrx_word' id='word_1_169' title='bbox 1021 1210 1204 1250; x_wconf 86' lang='lat' dir='ltr'>lustrans</span> <span class='ocrx_word' id='word_1_170' title='bbox 1227 1209 1414 1263; x_wconf 85' lang='lat' dir='ltr'>signiferi</span> <span class='ocrx_word' id='word_1_171' title='bbox 1437 1209 1548 1249; x_wconf 92' lang='lat' dir='ltr'>orbis</span> <span class='ocrx_word' id='word_1_172' title='bbox 1572 1214 1612 1250; x_wconf 91' lang='lat' dir='ltr'>et</span> <span class='ocrx_word' id='word_1_173' title='bbox 1638 1209 1961 1263; x_wconf 88' lang='lat' dir='ltr'>longitudinem,</span> <span class='ocrx_word' id='word_1_174' title='bbox 1993 1212 2108 1267; x_wconf 88' lang='lat' dir='ltr'>quod</span> 
     </span>
     <span class='ocr_line' id='line_1_19' title="bbox 328 1271 2108 1328; baseline 0.002 -17"><span class='ocrx_word' id='word_1_175' title='bbox 328 1271 438 1311; x_wconf 88' lang='lat' dir='ltr'>idem</span> <span class='ocrx_word' id='word_1_176' title='bbox 467 1271 629 1312; x_wconf 89' lang='lat' dir='ltr'>faciunt</span> <span class='ocrx_word' id='word_1_177' title='bbox 659 1272 805 1313; x_wconf 89' lang='lat' dir='ltr'>stellae</span> <span class='ocrx_word' id='word_1_178' title='bbox 838 1273 1091 1326; x_wconf 87' lang='lat' dir='ltr'>superiores,</span> <span class='ocrx_word' id='word_1_179' title='bbox 1124 1286 1265 1326; x_wconf 91' lang='lat' dir='ltr'>neque</span> <span class='ocrx_word' id='word_1_180' title='bbox 1286 1285 1485 1326; x_wconf 90' lang='lat' dir='ltr'>umquam</span> <span class='ocrx_word' id='word_1_181' title='bbox 1508 1272 1559 1311; x_wconf 90' lang='lat' dir='ltr'>ab</span> <span class='ocrx_word' id='word_1_182' title='bbox 1581 1271 1670 1312; x_wconf 91' lang='lat' dir='ltr'>sole</span> <span class='ocrx_word' id='word_1_183' title='bbox 1694 1272 1873 1313; x_wconf 92' lang='lat' dir='ltr'>duorum</span> <span class='ocrx_word' id='word_1_184' title='bbox 1895 1274 2108 1328; x_wconf 89' lang='lat' dir='ltr'>signorum</span> 
     </span>
     <span class='ocr_line' id='line_1_20' title="bbox 327 1334 2108 1388; baseline 0.003 -14"><span class='ocrx_word' id='word_1_185' title='bbox 327 1334 549 1376; x_wconf 90' lang='lat' dir='ltr'>intervallo</span> <span class='ocrx_word' id='word_1_186' title='bbox 570 1335 734 1388; x_wconf 92' lang='lat' dir='ltr'>longius</span> <span class='ocrx_word' id='word_1_187' title='bbox 758 1335 936 1376; x_wconf 87' lang='lat' dir='ltr'>discedit</span> <span class='ocrx_word' id='word_1_188' title='bbox 957 1342 1043 1376; x_wconf 91' lang='lat' dir='ltr'>tum</span> <span class='ocrx_word' id='word_1_189' title='bbox 1066 1334 1333 1382; x_wconf 89' lang='lat' dir='ltr'>antecedens,</span> <span class='ocrx_word' id='word_1_190' title='bbox 1357 1340 1443 1375; x_wconf 91' lang='lat' dir='ltr'>tum</span> <span class='ocrx_word' id='word_1_191' title='bbox 1463 1335 1739 1388; x_wconf 90' lang='lat' dir='ltr'>subsequens.</span> <span class='ocrx_word' id='word_1_192' title='bbox 1770 1337 1884 1376; x_wconf 88' lang='lat' dir='ltr'>XXI.</span> <span class='ocrx_word' id='word_1_193' title='bbox 1902 1335 1970 1378; x_wconf 74' lang='lat'>54.</span> <span class='ocrx_word' id='word_1_194' title='bbox 1990 1338 2108 1379; x_wconf 89' lang='lat' dir='ltr'>Hanc</span> 
     </span>
     <span class='ocr_line' id='line_1_21' title="bbox 277 1396 2108 1450; baseline 0.002 -14"><span class='ocrx_word' id='word_1_195' title='bbox 277 1396 454 1450; x_wconf 62' lang='lat' dir='ltr'>aoigitur</span> <span class='ocrx_word' id='word_1_196' title='bbox 490 1397 533 1437; x_wconf 92' lang='lat' dir='ltr'>in</span> <span class='ocrx_word' id='word_1_197' title='bbox 574 1398 706 1438; x_wconf 91' lang='lat' dir='ltr'>stellis</span> <span class='ocrx_word' id='word_1_198' title='bbox 749 1398 1047 1446; x_wconf 86' lang='lat' dir='ltr'>constantiam,</span> <span class='ocrx_word' id='word_1_199' title='bbox 1088 1399 1195 1438; x_wconf 89' lang='lat' dir='ltr'>hanc</span> <span class='ocrx_word' id='word_1_200' title='bbox 1230 1403 1386 1438; x_wconf 85' lang='lat' dir='ltr'>tantam</span> <span class='ocrx_word' id='word_1_201' title='bbox 1418 1403 1504 1438; x_wconf 89' lang='lat' dir='ltr'>tam</span> <span class='ocrx_word' id='word_1_202' title='bbox 1534 1398 1664 1438; x_wconf 85' lang='lat' dir='ltr'>variis</span> <span class='ocrx_word' id='word_1_203' title='bbox 1695 1398 1887 1439; x_wconf 89' lang='lat' dir='ltr'>cursibus</span> <span class='ocrx_word' id='word_1_204' title='bbox 1917 1399 1960 1439; x_wconf 91' lang='lat' dir='ltr'>in</span> <span class='ocrx_word' id='word_1_205' title='bbox 1993 1399 2108 1440; x_wconf 90' lang='lat' dir='ltr'>omni</span> 
     </span>
     <span class='ocr_line' id='line_1_22' title="bbox 325 1459 2106 1514; baseline 0.001 -13"><span class='ocrx_word' id='word_1_206' title='bbox 325 1459 572 1501; x_wconf 85' lang='lat' dir='ltr'>aeternitate</span> <span class='ocrx_word' id='word_1_207' title='bbox 604 1461 939 1501; x_wconf 87' lang='lat' dir='ltr'>convenientiam</span> <span class='ocrx_word' id='word_1_208' title='bbox 970 1467 1208 1514; x_wconf 87' lang='lat' dir='ltr'>temporum</span> <span class='ocrx_word' id='word_1_209' title='bbox 1241 1474 1324 1501; x_wconf 90' lang='lat' dir='ltr'>non</span> <span class='ocrx_word' id='word_1_210' title='bbox 1354 1474 1527 1514; x_wconf 90' lang='lat' dir='ltr'>possum</span> <span class='ocrx_word' id='word_1_211' title='bbox 1559 1460 1806 1514; x_wconf 87' lang='lat' dir='ltr'>intellegere</span> <span class='ocrx_word' id='word_1_212' title='bbox 1839 1462 1928 1503; x_wconf 91' lang='lat' dir='ltr'>sine</span> <span class='ocrx_word' id='word_1_213' title='bbox 1951 1467 2106 1511; x_wconf 91' lang='lat' dir='ltr'>mente,</span> 
     </span>
     <span class='ocr_line' id='line_1_23' title="bbox 325 1523 2106 1579; baseline 0.002 -16"><span class='ocrx_word' id='word_1_214' title='bbox 325 1524 507 1571; x_wconf 89' lang='lat' dir='ltr'>ratione,</span> <span class='ocrx_word' id='word_1_215' title='bbox 541 1523 731 1563; x_wconf 89' lang='lat' dir='ltr'>consilio.</span> <span class='ocrx_word' id='word_1_216' title='bbox 775 1523 893 1572; x_wconf 88' lang='lat' dir='ltr'>Quae</span> <span class='ocrx_word' id='word_1_217' title='bbox 925 1538 1017 1564; x_wconf 89' lang='lat' dir='ltr'>cum</span> <span class='ocrx_word' id='word_1_218' title='bbox 1042 1525 1087 1564; x_wconf 90' lang='lat' dir='ltr'>in</span> <span class='ocrx_word' id='word_1_219' title='bbox 1109 1524 1316 1565; x_wconf 90' lang='lat' dir='ltr'>sideribus</span> <span class='ocrx_word' id='word_1_220' title='bbox 1338 1524 1478 1565; x_wconf 88' lang='lat' dir='ltr'>inesse</span> <span class='ocrx_word' id='word_1_221' title='bbox 1499 1523 1742 1573; x_wconf 91' lang='lat' dir='ltr'>videamus,</span> <span class='ocrx_word' id='word_1_222' title='bbox 1773 1538 1859 1565; x_wconf 91' lang='lat' dir='ltr'>non</span> <span class='ocrx_word' id='word_1_223' title='bbox 1880 1538 2106 1579; x_wconf 89' lang='lat' dir='ltr'>possumus</span> 
     </span>
     <span class='ocr_line' id='line_1_24' title="bbox 326 1586 2105 1642; baseline 0.001 -15"><span class='ocrx_word' id='word_1_224' title='bbox 326 1599 376 1627; x_wconf 91' lang='lat' dir='ltr'>ea</span> <span class='ocrx_word' id='word_1_225' title='bbox 418 1586 511 1640; x_wconf 90' lang='lat' dir='ltr'>ipsa</span> <span class='ocrx_word' id='word_1_226' title='bbox 547 1599 633 1626; x_wconf 90' lang='lat' dir='ltr'>non</span> <span class='ocrx_word' id='word_1_227' title='bbox 672 1586 715 1626; x_wconf 93' lang='lat' dir='ltr'>in</span> <span class='ocrx_word' id='word_1_228' title='bbox 748 1586 923 1627; x_wconf 91' lang='lat' dir='ltr'>deorum</span> <span class='ocrx_word' id='word_1_229' title='bbox 963 1601 1139 1628; x_wconf 91' lang='lat' dir='ltr'>numero</span> <span class='ocrx_word' id='word_1_230' title='bbox 1171 1600 1390 1640; x_wconf 90' lang='lat' dir='ltr'>reponere.</span> <span class='ocrx_word' id='word_1_231' title='bbox 1436 1587 1522 1626; x_wconf 89' lang='lat' dir='ltr'>Nec</span> <span class='ocrx_word' id='word_1_232' title='bbox 1551 1600 1650 1627; x_wconf 88' lang='lat' dir='ltr'>vero</span> <span class='ocrx_word' id='word_1_233' title='bbox 1682 1600 1756 1627; x_wconf 89' lang='lat' dir='ltr'>eae</span> <span class='ocrx_word' id='word_1_234' title='bbox 1787 1587 1953 1636; x_wconf 90' lang='lat' dir='ltr'>stellae,</span> <span class='ocrx_word' id='word_1_235' title='bbox 1997 1600 2105 1642; x_wconf 87' lang='lat' dir='ltr'>quae</span> 
     </span>
     <span class='ocr_line' id='line_1_25' title="bbox 324 1647 2105 1703; baseline 0.001 -14"><span class='ocrx_word' id='word_1_236' title='bbox 324 1648 557 1689; x_wconf 87' lang='lat' dir='ltr'>inerrantes</span> <span class='ocrx_word' id='word_1_237' title='bbox 598 1654 821 1697; x_wconf 89' lang='lat' dir='ltr'>vocantur,</span> <span class='ocrx_word' id='word_1_238' title='bbox 861 1664 946 1689; x_wconf 91' lang='lat' dir='ltr'>non</span> <span class='ocrx_word' id='word_1_239' title='bbox 986 1647 1223 1702; x_wconf 83' lang='lat' dir='ltr'>significant</span> <span class='ocrx_word' id='word_1_240' title='bbox 1253 1648 1429 1689; x_wconf 88' lang='lat' dir='ltr'>eandem</span> <span class='ocrx_word' id='word_1_241' title='bbox 1461 1653 1643 1689; x_wconf 87' lang='lat' dir='ltr'>mentem</span> <span class='ocrx_word' id='word_1_242' title='bbox 1667 1654 1794 1703; x_wconf 91' lang='lat' dir='ltr'>atque</span> <span class='ocrx_word' id='word_1_243' title='bbox 1822 1650 2105 1703; x_wconf 91' lang='lat' dir='ltr'>prudentiam,</span> 
     </span>
     <span class='ocr_line' id='line_1_26' title="bbox 275 1712 2105 1767; baseline 0.002 -17"><span class='ocrx_word' id='word_1_244' title='bbox 275 1720 311 1749; x_wconf 74' lang='lat'>25</span> <span class='ocrx_word' id='word_1_245' title='bbox 327 1726 504 1767; x_wconf 90' lang='lat' dir='ltr'>quarum</span> <span class='ocrx_word' id='word_1_246' title='bbox 535 1718 599 1753; x_wconf 90' lang='lat' dir='ltr'>est</span> <span class='ocrx_word' id='word_1_247' title='bbox 628 1713 840 1752; x_wconf 87' lang='lat' dir='ltr'>cotidiana</span> <span class='ocrx_word' id='word_1_248' title='bbox 871 1713 1127 1753; x_wconf 89' lang='lat' dir='ltr'>conveniens</span> <span class='ocrx_word' id='word_1_249' title='bbox 1159 1717 1442 1765; x_wconf 90' lang='lat' dir='ltr'>constansque</span> <span class='ocrx_word' id='word_1_250' title='bbox 1473 1712 1709 1760; x_wconf 84' lang='lat' dir='ltr'>conversio,</span> <span class='ocrx_word' id='word_1_251' title='bbox 1740 1725 1817 1753; x_wconf 90' lang='lat' dir='ltr'>nec</span> <span class='ocrx_word' id='word_1_252' title='bbox 1848 1712 2006 1754; x_wconf 87' lang='lat' dir='ltr'>habent</span> <span class='ocrx_word' id='word_1_253' title='bbox 2035 1726 2105 1754; x_wconf 89' lang='lat' dir='ltr'>ae-</span> 
     </span>
     <span class='ocr_line' id='line_1_27' title="bbox 325 1774 2104 1830; baseline 0.001 -14"><span class='ocrx_word' id='word_1_254' title='bbox 325 1776 484 1817; x_wconf 91' lang='lat' dir='ltr'>therios</span> <span class='ocrx_word' id='word_1_255' title='bbox 516 1789 662 1816; x_wconf 88' lang='lat' dir='ltr'>cursus</span> <span class='ocrx_word' id='word_1_256' title='bbox 693 1789 833 1829; x_wconf 88' lang='lat' dir='ltr'>neque</span> <span class='ocrx_word' id='word_1_257' title='bbox 865 1776 982 1816; x_wconf 88' lang='lat' dir='ltr'>caelo</span> <span class='ocrx_word' id='word_1_258' title='bbox 1013 1775 1301 1823; x_wconf 81' lang='lat' dir='ltr'>inhaerentes,</span> <span class='ocrx_word' id='word_1_259' title='bbox 1332 1780 1378 1814; x_wconf 86' lang='lat' dir='ltr'>ut</span> <span class='ocrx_word' id='word_1_260' title='bbox 1406 1774 1600 1828; x_wconf 86' lang='lat' dir='ltr'>plerique</span> <span class='ocrx_word' id='word_1_261' title='bbox 1633 1774 1778 1815; x_wconf 87' lang='lat' dir='ltr'>dicunt</span> <span class='ocrx_word' id='word_1_262' title='bbox 1807 1775 2006 1830; x_wconf 81' lang='lat' dir='ltr'>physicae</span> <span class='ocrx_word' id='word_1_263' title='bbox 2036 1789 2104 1817; x_wconf 90' lang='lat' dir='ltr'>ra-</span> 
     </span>
     <span class='ocr_line' id='line_1_28' title="bbox 325 1837 2100 1892; baseline 0.001 -14"><span class='ocrx_word' id='word_1_264' title='bbox 325 1837 450 1879; x_wconf 90' lang='lat' dir='ltr'>tionis</span> <span class='ocrx_word' id='word_1_265' title='bbox 481 1839 630 1892; x_wconf 88' lang='lat' dir='ltr'>ignari.</span> <span class='ocrx_word' id='word_1_266' title='bbox 677 1839 770 1878; x_wconf 84' lang='lat' dir='ltr'>Non</span> <span class='ocrx_word' id='word_1_267' title='bbox 803 1844 864 1878; x_wconf 90' lang='lat' dir='ltr'>est</span> <span class='ocrx_word' id='word_1_268' title='bbox 895 1839 1006 1879; x_wconf 88' lang='lat' dir='ltr'>enim</span> <span class='ocrx_word' id='word_1_269' title='bbox 1028 1837 1207 1879; x_wconf 84' lang='lat' dir='ltr'>aetheris</span> <span class='ocrx_word' id='word_1_270' title='bbox 1231 1851 1277 1877; x_wconf 93' lang='lat' dir='ltr'>ea</span> <span class='ocrx_word' id='word_1_271' title='bbox 1299 1842 1467 1885; x_wconf 90' lang='lat' dir='ltr'>natura,</span> <span class='ocrx_word' id='word_1_272' title='bbox 1499 1843 1545 1877; x_wconf 90' lang='lat' dir='ltr'>ut</span> <span class='ocrx_word' id='word_1_273' title='bbox 1566 1838 1605 1877; x_wconf 89' lang='lat' dir='ltr'>vi</span> <span class='ocrx_word' id='word_1_274' title='bbox 1629 1851 1704 1878; x_wconf 91' lang='lat' dir='ltr'>sua</span> <span class='ocrx_word' id='word_1_275' title='bbox 1725 1838 1867 1878; x_wconf 90' lang='lat' dir='ltr'>stellas</span> <span class='ocrx_word' id='word_1_276' title='bbox 1890 1838 2100 1892; x_wconf 83' lang='lat' dir='ltr'>conplexa</span> 
     </span>
     <span class='ocr_line' id='line_1_29' title="bbox 324 1900 2104 1955; baseline 0.001 -13"><span class='ocrx_word' id='word_1_277' title='bbox 324 1907 622 1954; x_wconf 89' lang='lat' dir='ltr'>contorqueat;</span> <span class='ocrx_word' id='word_1_278' title='bbox 656 1914 752 1941; x_wconf 91' lang='lat' dir='ltr'>nam</span> <span class='ocrx_word' id='word_1_279' title='bbox 784 1902 924 1942; x_wconf 90' lang='lat' dir='ltr'>tenuis</span> <span class='ocrx_word' id='word_1_280' title='bbox 956 1916 1002 1942; x_wconf 92' lang='lat' dir='ltr'>ac</span> <span class='ocrx_word' id='word_1_281' title='bbox 1032 1902 1256 1955; x_wconf 86' lang='lat' dir='ltr'>perlucens</span> <span class='ocrx_word' id='word_1_282' title='bbox 1289 1907 1328 1941; x_wconf 87' lang='lat' dir='ltr'>et</span> <span class='ocrx_word' id='word_1_283' title='bbox 1355 1900 1569 1955; x_wconf 81' lang='lat' dir='ltr'>aequabili</span> <span class='ocrx_word' id='word_1_284' title='bbox 1590 1901 1726 1941; x_wconf 89' lang='lat' dir='ltr'>calore</span> <span class='ocrx_word' id='word_1_285' title='bbox 1752 1902 1936 1942; x_wconf 85' lang='lat' dir='ltr'>suffusus</span> <span class='ocrx_word' id='word_1_286' title='bbox 1959 1903 2104 1943; x_wconf 83' lang='lat' dir='ltr'>aether</span> 
     </span>
     <span class='ocr_line' id='line_1_30' title="bbox 323 1962 2101 2018; baseline 0.001 -14"><span class='ocrx_word' id='word_1_287' title='bbox 323 1978 409 2005; x_wconf 90' lang='lat' dir='ltr'>non</span> <span class='ocrx_word' id='word_1_288' title='bbox 440 1966 539 2004; x_wconf 88' lang='lat' dir='ltr'>satis</span> <span class='ocrx_word' id='word_1_289' title='bbox 571 1970 693 2018; x_wconf 89' lang='lat' dir='ltr'>aptus</span> <span class='ocrx_word' id='word_1_290' title='bbox 725 1965 778 2004; x_wconf 90' lang='lat' dir='ltr'>ad</span> <span class='ocrx_word' id='word_1_291' title='bbox 809 1965 950 2006; x_wconf 89' lang='lat' dir='ltr'>stellas</span> <span class='ocrx_word' id='word_1_292' title='bbox 987 1965 1260 2005; x_wconf 84' lang='lat' dir='ltr'>continendas</span> <span class='ocrx_word' id='word_1_293' title='bbox 1292 1963 1470 2004; x_wconf 89' lang='lat' dir='ltr'>videtur.</span> <span class='ocrx_word' id='word_1_294' title='bbox 1530 1962 1597 2002; x_wconf 76' lang='lat'>55.</span> <span class='ocrx_word' id='word_1_295' title='bbox 1629 1963 1795 2004; x_wconf 90' lang='lat' dir='ltr'>Habent</span> <span class='ocrx_word' id='word_1_296' title='bbox 1824 1965 1952 2018; x_wconf 89' lang='lat' dir='ltr'>igitur</span> <span class='ocrx_word' id='word_1_297' title='bbox 1983 1978 2101 2005; x_wconf 90' lang='lat' dir='ltr'>suam</span> 
     </span>
     <span class='ocr_line' id='line_1_31' title="bbox 271 2026 2100 2080; baseline 0.001 -15"><span class='ocrx_word' id='word_1_298' title='bbox 271 2031 309 2064; x_wconf 85' lang='grc'>30</span> <span class='ocrx_word' id='word_1_299' title='bbox 323 2026 544 2080; x_wconf 83' lang='lat' dir='ltr'>sphaeram</span> <span class='ocrx_word' id='word_1_300' title='bbox 588 2027 733 2067; x_wconf 87' lang='lat' dir='ltr'>stellae</span> <span class='ocrx_word' id='word_1_301' title='bbox 772 2029 1026 2075; x_wconf 91' lang='lat' dir='ltr'>inerrantes,</span> <span class='ocrx_word' id='word_1_302' title='bbox 1059 2028 1109 2068; x_wconf 90' lang='lat' dir='ltr'>ab</span> <span class='ocrx_word' id='word_1_303' title='bbox 1141 2027 1328 2067; x_wconf 89' lang='lat' dir='ltr'>aetheria</span> <span class='ocrx_word' id='word_1_304' title='bbox 1359 2027 1657 2067; x_wconf 89' lang='lat' dir='ltr'>coniunctione</span> <span class='ocrx_word' id='word_1_305' title='bbox 1689 2032 1893 2067; x_wconf 89' lang='lat' dir='ltr'>secretam</span> <span class='ocrx_word' id='word_1_306' title='bbox 1925 2032 1966 2067; x_wconf 90' lang='lat' dir='ltr'>et</span> <span class='ocrx_word' id='word_1_307' title='bbox 1994 2026 2100 2067; x_wconf 90' lang='lat' dir='ltr'>libe-</span> 
     </span>
     <span class='ocr_line' id='line_1_32' title="bbox 322 2089 2102 2143; baseline 0.001 -14"><span class='ocrx_word' id='word_1_308' title='bbox 322 2103 423 2130; x_wconf 89' lang='lat' dir='ltr'>ram.</span> <span class='ocrx_word' id='word_1_309' title='bbox 484 2090 638 2129; x_wconf 89' lang='lat' dir='ltr'>Earum</span> <span class='ocrx_word' id='word_1_310' title='bbox 671 2095 810 2129; x_wconf 89' lang='lat' dir='ltr'>autem</span> <span class='ocrx_word' id='word_1_311' title='bbox 848 2104 1054 2143; x_wconf 89' lang='lat' dir='ltr'>perennes</span> <span class='ocrx_word' id='word_1_312' title='bbox 1086 2104 1233 2130; x_wconf 88' lang='lat' dir='ltr'>cursus</span> <span class='ocrx_word' id='word_1_313' title='bbox 1265 2096 1391 2143; x_wconf 87' lang='lat' dir='ltr'>atque</span> <span class='ocrx_word' id='word_1_314' title='bbox 1422 2090 1614 2143; x_wconf 87' lang='lat' dir='ltr'>perpetui</span> <span class='ocrx_word' id='word_1_315' title='bbox 1646 2103 1739 2129; x_wconf 89' lang='lat' dir='ltr'>cum</span> <span class='ocrx_word' id='word_1_316' title='bbox 1771 2089 2006 2130; x_wconf 86' lang='lat' dir='ltr'>admirabili</span> <span class='ocrx_word' id='word_1_317' title='bbox 2037 2090 2102 2130; x_wconf 91' lang='lat' dir='ltr'>in-</span> 
     </span>
     <span class='ocr_line' id='line_1_33' title="bbox 322 2152 2100 2207; baseline 0.001 -15"><span class='ocrx_word' id='word_1_318' title='bbox 322 2152 599 2207; x_wconf 90' lang='lat' dir='ltr'>credibilique</span> <span class='ocrx_word' id='word_1_319' title='bbox 632 2154 867 2193; x_wconf 89' lang='lat' dir='ltr'>constantia</span> <span class='ocrx_word' id='word_1_320' title='bbox 900 2154 1114 2193; x_wconf 89' lang='lat' dir='ltr'>declarant</span> <span class='ocrx_word' id='word_1_321' title='bbox 1144 2154 1185 2193; x_wconf 88' lang='lat' dir='ltr'>in</span> <span class='ocrx_word' id='word_1_322' title='bbox 1216 2154 1281 2193; x_wconf 87' lang='lat' dir='ltr'>his</span> <span class='ocrx_word' id='word_1_323' title='bbox 1304 2154 1387 2193; x_wconf 79' lang='lat' dir='ltr'>vim</span> <span class='ocrx_word' id='word_1_324' title='bbox 1420 2159 1461 2193; x_wconf 91' lang='lat' dir='ltr'>et</span> <span class='ocrx_word' id='word_1_325' title='bbox 1491 2158 1673 2193; x_wconf 90' lang='lat' dir='ltr'>mentem</span> <span class='ocrx_word' id='word_1_326' title='bbox 1696 2166 1787 2193; x_wconf 89' lang='lat' dir='ltr'>esse</span> <span class='ocrx_word' id='word_1_327' title='bbox 1809 2154 2008 2203; x_wconf 88' lang='lat' dir='ltr'>divinam,</span> <span class='ocrx_word' id='word_1_328' title='bbox 2039 2158 2100 2202; x_wconf 90' lang='lat' dir='ltr'>ut,</span> 
     </span>
     <span class='ocr_line' id='line_1_34' title="bbox 321 2215 2100 2270; baseline 0.001 -15"><span class='ocrx_word' id='word_1_329' title='bbox 321 2215 425 2256; x_wconf 88' lang='lat' dir='ltr'>haec</span> <span class='ocrx_word' id='word_1_330' title='bbox 454 2216 544 2269; x_wconf 89' lang='lat' dir='ltr'>ipsa</span> <span class='ocrx_word' id='word_1_331' title='bbox 576 2216 649 2270; x_wconf 94' lang='lat' dir='ltr'>qui</span> <span class='ocrx_word' id='word_1_332' title='bbox 681 2229 766 2256; x_wconf 88' lang='lat' dir='ltr'>non</span> <span class='ocrx_word' id='word_1_333' title='bbox 797 2217 948 2256; x_wconf 87' lang='lat' dir='ltr'>sentiat</span> <span class='ocrx_word' id='word_1_334' title='bbox 979 2217 1153 2257; x_wconf 86' lang='lat' dir='ltr'>deorum</span> <span class='ocrx_word' id='word_1_335' title='bbox 1184 2217 1267 2256; x_wconf 89' lang='lat' dir='ltr'>vim</span> <span class='ocrx_word' id='word_1_336' title='bbox 1298 2217 1474 2264; x_wconf 89' lang='lat' dir='ltr'>habere,</span> <span class='ocrx_word' id='word_1_337' title='bbox 1506 2217 1540 2256; x_wconf 92' lang='lat' dir='ltr'>is</span> <span class='ocrx_word' id='word_1_338' title='bbox 1572 2215 1677 2256; x_wconf 86' lang='lat' dir='ltr'>nihil</span> <span class='ocrx_word' id='word_1_339' title='bbox 1709 2216 1878 2257; x_wconf 90' lang='lat' dir='ltr'>omnino</span> <span class='ocrx_word' id='word_1_340' title='bbox 1899 2229 2100 2258; x_wconf 88' lang='lat' dir='ltr'>sensurus</span> 
     </span>
     <span class='ocr_line' id='line_1_35' title="bbox 323 2276 2099 2333; baseline 0.002 -16"><span class='ocrx_word' id='word_1_341' title='bbox 323 2291 413 2319; x_wconf 89' lang='lat' dir='ltr'>esse</span> <span class='ocrx_word' id='word_1_342' title='bbox 454 2276 660 2319; x_wconf 89' lang='lat' dir='ltr'>videatur.</span> <span class='ocrx_word' id='word_1_343' title='bbox 719 2278 785 2318; x_wconf 77' lang='lat'>56.</span> <span class='ocrx_word' id='word_1_344' title='bbox 824 2279 947 2319; x_wconf 91' lang='lat' dir='ltr'>Nulla</span> <span class='ocrx_word' id='word_1_345' title='bbox 984 2280 1111 2333; x_wconf 86' lang='lat' dir='ltr'>igitur</span> <span class='ocrx_word' id='word_1_346' title='bbox 1141 2280 1183 2319; x_wconf 89' lang='lat' dir='ltr'>in</span> <span class='ocrx_word' id='word_1_347' title='bbox 1216 2280 1330 2320; x_wconf 87' lang='lat' dir='ltr'>caelo</span> <span class='ocrx_word' id='word_1_348' title='bbox 1362 2293 1439 2320; x_wconf 84' lang='lat' dir='ltr'>nec</span> <span class='ocrx_word' id='word_1_349' title='bbox 1471 2278 1639 2319; x_wconf 83' lang='lat' dir='ltr'>fortuna</span> <span class='ocrx_word' id='word_1_350' title='bbox 1669 2292 1746 2319; x_wconf 90' lang='lat' dir='ltr'>nec</span> <span class='ocrx_word' id='word_1_351' title='bbox 1778 2279 1990 2320; x_wconf 90' lang='lat' dir='ltr'>temeritas</span> <span class='ocrx_word' id='word_1_352' title='bbox 2021 2292 2099 2320; x_wconf 92' lang='lat' dir='ltr'>nec</span> 
     </span>
     <span class='ocr_line' id='line_1_36' title="bbox 271 2342 2098 2396; baseline 0 -14"><span class='ocrx_word' id='word_1_353' title='bbox 271 2346 308 2376; x_wconf 83' lang='lat'>35</span> <span class='ocrx_word' id='word_1_354' title='bbox 323 2342 474 2382; x_wconf 89' lang='lat' dir='ltr'>erratio</span> <span class='ocrx_word' id='word_1_355' title='bbox 506 2355 582 2382; x_wconf 89' lang='lat' dir='ltr'>nec</span> <span class='ocrx_word' id='word_1_356' title='bbox 604 2342 765 2382; x_wconf 73' lang='lat' dir='ltr'>vanitas</span> <span class='ocrx_word' id='word_1_357' title='bbox 796 2342 924 2390; x_wconf 89' lang='lat' dir='ltr'>inest,</span> <span class='ocrx_word' id='word_1_358' title='bbox 958 2348 1189 2396; x_wconf 84' lang='lat' dir='ltr'>contraque</span> <span class='ocrx_word' id='word_1_359' title='bbox 1213 2343 1348 2382; x_wconf 89' lang='lat' dir='ltr'>omnis</span> <span class='ocrx_word' id='word_1_360' title='bbox 1371 2343 1487 2389; x_wconf 90' lang='lat' dir='ltr'>ordo,</span> <span class='ocrx_word' id='word_1_361' title='bbox 1510 2343 1675 2390; x_wconf 82' lang='lat' dir='ltr'>veritas,</span> <span class='ocrx_word' id='word_1_362' title='bbox 1697 2342 1818 2390; x_wconf 91' lang='lat' dir='ltr'>ratio,</span> <span class='ocrx_word' id='word_1_363' title='bbox 1841 2342 2098 2392; x_wconf 90' lang='lat' dir='ltr'>constantia;</span> 
     </span>
     <span class='ocr_line' id='line_1_37' title="bbox 322 2403 2098 2459; baseline 0 -15"><span class='ocrx_word' id='word_1_364' title='bbox 322 2417 514 2458; x_wconf 86' lang='lat' dir='ltr'>quaeque</span> <span class='ocrx_word' id='word_1_365' title='bbox 546 2403 610 2444; x_wconf 91' lang='lat' dir='ltr'>his</span> <span class='ocrx_word' id='word_1_366' title='bbox 642 2409 810 2452; x_wconf 86' lang='lat' dir='ltr'>vacant,</span> <span class='ocrx_word' id='word_1_367' title='bbox 844 2405 1042 2445; x_wconf 89' lang='lat' dir='ltr'>ementita</span> <span class='ocrx_word' id='word_1_368' title='bbox 1074 2410 1115 2445; x_wconf 91' lang='lat' dir='ltr'>et</span> <span class='ocrx_word' id='word_1_369' title='bbox 1143 2404 1247 2445; x_wconf 86' lang='lat' dir='ltr'>falsa</span> <span class='ocrx_word' id='word_1_370' title='bbox 1269 2405 1479 2459; x_wconf 89' lang='lat' dir='ltr'>plenaque</span> <span class='ocrx_word' id='word_1_371' title='bbox 1503 2404 1678 2452; x_wconf 84' lang='lat' dir='ltr'>erroris,</span> <span class='ocrx_word' id='word_1_372' title='bbox 1710 2417 1759 2444; x_wconf 90' lang='lat' dir='ltr'>ea</span> <span class='ocrx_word' id='word_1_373' title='bbox 1781 2405 1936 2445; x_wconf 90' lang='lat' dir='ltr'>circum</span> <span class='ocrx_word' id='word_1_374' title='bbox 1966 2409 2098 2444; x_wconf 86' lang='lat' dir='ltr'>terras</span> 
     </span>
    </p>
   </div>
   <div class='ocr_carea' id='block_1_3' title="bbox 411 2534 2099 2578">
    <p class='ocr_par' dir='ltr' id='par_1_3' title="bbox 411 2534 2099 2578">
     <span class='ocr_line' id='line_1_38' title="bbox 411 2534 2099 2578; baseline 0.001 -11"><span class='ocrx_word' id='word_1_375' title='bbox 411 2537 440 2567; x_wconf 73' lang='grc'>4.</span> <span class='ocrx_word' id='word_1_376' title='bbox 466 2537 650 2576; x_wconf 79' lang='lat' dir='ltr'>faenonque</span> <span class='ocrx_word' id='word_1_377' title='bbox 679 2536 844 2575; x_wconf 68' lang='lat' dir='ltr'>ABRV,</span> <span class='ocrx_word' id='word_1_378' title='bbox 875 2536 1037 2577; x_wconf 70' lang='lat' dir='ltr'>fenonque</span> <span class='ocrx_word' id='word_1_379' title='bbox 1062 2537 1086 2569; x_wconf 92' lang='lat' dir='ltr'>C</span> <span class='ocrx_word' id='word_1_380' title='bbox 1116 2555 1150 2560; x_wconf 87' lang='lat'>—-</span> <span class='ocrx_word' id='word_1_381' title='bbox 1183 2546 1250 2578; x_wconf 83' lang='lat' dir='ltr'>qua</span> <span class='ocrx_word' id='word_1_382' title='bbox 1274 2540 1385 2569; x_wconf 74' lang='lat' dir='ltr'>eterra</span> <span class='ocrx_word' id='word_1_383' title='bbox 1409 2537 1433 2569; x_wconf 96' lang='lat' dir='ltr'>C</span> <span class='ocrx_word' id='word_1_384' title='bbox 1462 2554 1497 2559; x_wconf 95' lang='lat'><em>-</em></span> <span class='ocrx_word' id='word_1_385' title='bbox 1531 2536 1562 2569; x_wconf 91' lang='lat'>3.</span> <span class='ocrx_word' id='word_1_386' title='bbox 1589 2537 1800 2568; x_wconf 82' lang='lat' dir='ltr'>delitescendo</span> <span class='ocrx_word' id='word_1_387' title='bbox 1823 2534 1867 2567; x_wconf 56' lang='grc' dir='ltr'><strong>Ψ</strong></span> <span class='ocrx_word' id='word_1_388' title='bbox 1879 2536 1915 2568; x_wconf 94' lang='lat' dir='ltr'>O.</span> <span class='ocrx_word' id='word_1_389' title='bbox 1949 2534 2026 2567; x_wconf 82' lang='lat' dir='ltr'>Vid.</span> <span class='ocrx_word' id='word_1_390' title='bbox 2053 2534 2099 2568; x_wconf 91' lang='lat' dir='ltr'>ad</span> 
     </span>
    </p>
   </div>
   <div class='ocr_carea' id='block_1_4' title="bbox 318 2586 2095 2729">
    <p class='ocr_par' dir='ltr' id='par_1_4' title="bbox 318 2586 2095 2729">
     <span class='ocr_line' id='line_1_39' title="bbox 321 2586 2095 2628; baseline 0 -10"><span class='ocrx_word' id='word_1_391' title='bbox 321 2594 371 2619; x_wconf 90' lang='lat' dir='ltr'>or.</span> <span class='ocrx_word' id='word_1_392' title='bbox 399 2595 432 2628; x_wconf 90' lang='lat' dir='ltr'>p.</span> <span class='ocrx_word' id='word_1_393' title='bbox 460 2588 503 2619; x_wconf 83' lang='lat' dir='ltr'>M.</span> <span class='ocrx_word' id='word_1_394' title='bbox 530 2586 637 2619; x_wconf 86' lang='lat' dir='ltr'>Tullio</span> <span class='ocrx_word' id='word_1_395' title='bbox 663 2587 680 2627; x_wconf 67' lang='grc' dir='ltr'><strong>ἓ</strong></span> <span class='ocrx_word' id='word_1_396' title='bbox 706 2586 758 2619; x_wconf 88' lang='lat'>33.</span> <span class='ocrx_word' id='word_1_397' title='bbox 789 2604 823 2608; x_wconf 97' lang='lat'><strong>—</strong></span> <span class='ocrx_word' id='word_1_398' title='bbox 857 2586 888 2619; x_wconf 75' lang='lat'>4.</span> <span class='ocrx_word' id='word_1_399' title='bbox 915 2596 1051 2618; x_wconf 81' lang='lat' dir='ltr'>rursum</span> <span class='ocrx_word' id='word_1_400' title='bbox 1075 2596 1166 2619; x_wconf 88' lang='lat' dir='ltr'>corr.</span> <span class='ocrx_word' id='word_1_401' title='bbox 1194 2588 1228 2618; x_wconf 87' lang='lat' dir='ltr'>in</span> <span class='ocrx_word' id='word_1_402' title='bbox 1259 2597 1389 2618; x_wconf 81' lang='lat' dir='ltr'>sursum</span> <span class='ocrx_word' id='word_1_403' title='bbox 1413 2587 1441 2617; x_wconf 80' lang='lat' dir='ltr'>V</span> <span class='ocrx_word' id='word_1_404' title='bbox 1469 2604 1503 2610; x_wconf 90' lang='lat'>—</span> <span class='ocrx_word' id='word_1_405' title='bbox 1536 2587 1722 2618; x_wconf 83' lang='lat' dir='ltr'>saeclorum</span> <span class='ocrx_word' id='word_1_406' title='bbox 1745 2586 1790 2616; x_wconf 88' lang='lat' dir='ltr'>V:</span> <span class='ocrx_word' id='word_1_407' title='bbox 1824 2586 1984 2618; x_wconf 84' lang='lat' dir='ltr'>seclorum</span> <span class='ocrx_word' id='word_1_408' title='bbox 2006 2587 2095 2626; x_wconf 85' lang='lat' dir='ltr'>AP;</span> 
     </span>
     <span class='ocr_line' id='line_1_40' title="bbox 320 2636 2095 2677; baseline -0.001 -7"><span class='ocrx_word' id='word_1_409' title='bbox 320 2639 527 2671; x_wconf 82' lang='lat' dir='ltr'>saeculorum</span> <span class='ocrx_word' id='word_1_410' title='bbox 550 2639 593 2675; x_wconf 79' lang='lat' dir='ltr'>B,</span> <span class='ocrx_word' id='word_1_411' title='bbox 620 2637 805 2669; x_wconf 82' lang='lat' dir='ltr'>seculorum</span> <span class='ocrx_word' id='word_1_412' title='bbox 830 2637 853 2668; x_wconf 94' lang='lat' dir='ltr'>C</span> <span class='ocrx_word' id='word_1_413' title='bbox 869 2637 893 2668; x_wconf 88' lang='lat' dir='ltr'>E</span> <span class='ocrx_word' id='word_1_414' title='bbox 910 2637 935 2668; x_wconf 93' lang='lat' dir='ltr'>O</span> <span class='ocrx_word' id='word_1_415' title='bbox 963 2655 997 2660; x_wconf 90' lang='lat'>—</span> <span class='ocrx_word' id='word_1_416' title='bbox 1024 2638 1054 2668; x_wconf 81' lang='lat'>5.</span> <span class='ocrx_word' id='word_1_417' title='bbox 1083 2637 1247 2677; x_wconf 74' lang='lat' dir='ltr'>efficiatur</span> <span class='ocrx_word' id='word_1_418' title='bbox 1269 2638 1293 2669; x_wconf 87' lang='lat' dir='ltr'>P</span> <span class='ocrx_word' id='word_1_419' title='bbox 1321 2655 1356 2660; x_wconf 94' lang='lat'><em>—</em></span> <span class='ocrx_word' id='word_1_420' title='bbox 1385 2637 1415 2668; x_wconf 84' lang='lat'>6.</span> <span class='ocrx_word' id='word_1_421' title='bbox 1442 2636 1570 2676; x_wconf 79' lang='lat' dir='ltr'>faelhon</span> <span class='ocrx_word' id='word_1_422' title='bbox 1597 2636 1641 2675; x_wconf 78' lang='lat' dir='ltr'>V,</span> <span class='ocrx_word' id='word_1_423' title='bbox 1666 2636 1777 2676; x_wconf 73' lang='lat' dir='ltr'>sueton</span> <span class='ocrx_word' id='word_1_424' title='bbox 1800 2637 1887 2674; x_wconf 84' lang='lat' dir='ltr'>AE,</span> <span class='ocrx_word' id='word_1_425' title='bbox 1912 2636 2022 2676; x_wconf 84' lang='lat' dir='ltr'>fethon</span> <span class='ocrx_word' id='word_1_426' title='bbox 2046 2636 2071 2668; x_wconf 95' lang='lat' dir='ltr'>C</span> <span class='ocrx_word' id='word_1_427' title='bbox 2087 2661 2095 2677; x_wconf 92' lang='lat'>‚</span> 
     </span>
     <span class='ocr_line' id='line_1_41' title="bbox 318 2685 2094 2729; baseline -0.002 -9"><span class='ocrx_word' id='word_1_428' title='bbox 318 2689 437 2729; x_wconf 77' lang='lat' dir='ltr'>fethom</span> <span class='ocrx_word' id='word_1_429' title='bbox 467 2689 491 2720; x_wconf 89' lang='lat' dir='ltr'>B</span> <span class='ocrx_word' id='word_1_430' title='bbox 531 2705 566 2711; x_wconf 97' lang='lat'><strong>—</strong></span> <span class='ocrx_word' id='word_1_431' title='bbox 605 2688 636 2719; x_wconf 79' lang='lat'>7.</span> <span class='ocrx_word' id='word_1_432' title='bbox 670 2687 839 2718; x_wconf 77' lang='lat' dir='ltr'>duodecim</span> <span class='ocrx_word' id='word_1_433' title='bbox 867 2686 1039 2727; x_wconf 74' lang='lat' dir='ltr'>siqnorum</span> <span class='ocrx_word' id='word_1_434' title='bbox 1068 2687 1177 2719; x_wconf 85' lang='lat' dir='ltr'>orbem</span> <span class='ocrx_word' id='word_1_435' title='bbox 1209 2688 1305 2719; x_wconf 77' lang='lat' dir='ltr'>annis</span> <span class='ocrx_word' id='word_1_436' title='bbox 1335 2687 1480 2727; x_wconf 82' lang='lat' dir='ltr'>margini</span> <span class='ocrx_word' id='word_1_437' title='bbox 1513 2686 1591 2718; x_wconf 86' lang='lat' dir='ltr'>ead.</span> <span class='ocrx_word' id='word_1_438' title='bbox 1618 2694 1665 2718; x_wconf 91' lang='lat' dir='ltr'>m.</span> <span class='ocrx_word' id='word_1_439' title='bbox 1692 2687 1843 2727; x_wconf 85' lang='lat' dir='ltr'>ascripta</span> <span class='ocrx_word' id='word_1_440' title='bbox 1872 2685 1980 2719; x_wconf 86' lang='lat' dir='ltr'>habet</span> <span class='ocrx_word' id='word_1_441' title='bbox 2002 2685 2032 2717; x_wconf 88' lang='lat' dir='ltr'>V</span> <span class='ocrx_word' id='word_1_442' title='bbox 2058 2703 2094 2708; x_wconf 88' lang='lat'>—-</span> 
     </span>
    </p>
   </div>
   <div class='ocr_carea' id='block_1_5' title="bbox 318 2731 2100 3275">
    <p class='ocr_par' dir='ltr' id='par_1_5' title="bbox 318 2731 2100 3275">
     <span class='ocr_line' id='line_1_42' title="bbox 320 2731 2100 2780; baseline -0.002 -10"><span class='ocrx_word' id='word_1_443' title='bbox 320 2738 351 2771; x_wconf 88' lang='lat'>8.</span> <span class='ocrx_word' id='word_1_444' title='bbox 378 2739 475 2780; x_wconf 75' lang='lat' dir='ltr'>efficit</span> <span class='ocrx_word' id='word_1_445' title='bbox 499 2740 522 2770; x_wconf 93' lang='lat' dir='ltr'>C</span> <span class='ocrx_word' id='word_1_446' title='bbox 553 2757 584 2762; x_wconf 90' lang='lat'>-</span> <span class='ocrx_word' id='word_1_447' title='bbox 614 2738 644 2769; x_wconf 90' lang='lat'>9.</span> <span class='ocrx_word' id='word_1_448' title='bbox 666 2737 783 2777; x_wconf 78' lang='lat' dir='ltr'>pyrois</span> <span class='ocrx_word' id='word_1_449' title='bbox 808 2737 872 2768; x_wconf 76' lang='lat' dir='ltr'>AB</span> <span class='ocrx_word' id='word_1_450' title='bbox 889 2738 912 2769; x_wconf 91' lang='lat' dir='ltr'>C</span> <span class='ocrx_word' id='word_1_451' title='bbox 929 2737 969 2774; x_wconf 65' lang='lat' dir='ltr'>Y,</span> <span class='ocrx_word' id='word_1_452' title='bbox 993 2738 1099 2777; x_wconf 77' lang='lat' dir='ltr'>pirois</span> <span class='ocrx_word' id='word_1_453' title='bbox 1122 2738 1146 2769; x_wconf 87' lang='lat' dir='ltr'>E</span> <span class='ocrx_word' id='word_1_454' title='bbox 1173 2755 1208 2760; x_wconf 90' lang='lat'><em>—</em></span> <span class='ocrx_word' id='word_1_455' title='bbox 1238 2738 1288 2769; x_wconf 70' lang='lat'>40.</span> <span class='ocrx_word' id='word_1_456' title='bbox 1317 2738 1498 2777; x_wconf 79' lang='lat' dir='ltr'>oppinorA</span> <span class='ocrx_word' id='word_1_457' title='bbox 1519 2754 1552 2759; x_wconf 97' lang='lat'>—</span> <span class='ocrx_word' id='word_1_458' title='bbox 1581 2737 1633 2768; x_wconf 76' lang='grc' dir='ltr'>Μ.</span> <span class='ocrx_word' id='word_1_459' title='bbox 1661 2739 1770 2767; x_wconf 80' lang='lat' dir='ltr'>autem</span> <span class='ocrx_word' id='word_1_460' title='bbox 1792 2736 1877 2768; x_wconf 81' lang='lat' dir='ltr'>hanc</span> <span class='ocrx_word' id='word_1_461' title='bbox 1900 2737 1925 2768; x_wconf 95' lang='grc' dir='ltr'><strong>Ο</strong></span> <span class='ocrx_word' id='word_1_462' title='bbox 1945 2754 1980 2759; x_wconf 92' lang='grc'>-</span> <span class='ocrx_word' id='word_1_463' title='bbox 2006 2731 2100 2768; x_wconf 74' lang='grc' dir='ltr'><em>είθῑίἃ</em></span> 
     </span>
     <span class='ocr_line' id='line_1_43' title="bbox 319 2786 2096 2828; baseline -0.002 -8"><span class='ocrx_word' id='word_1_464' title='bbox 319 2788 344 2820; x_wconf 90' lang='grc' dir='ltr'>Β</span> <span class='ocrx_word' id='word_1_465' title='bbox 374 2807 407 2812; x_wconf 93' lang='lat'>—-</span> <span class='ocrx_word' id='word_1_466' title='bbox 434 2789 578 2820; x_wconf 79' lang='lat' dir='ltr'>mercuri</span> <span class='ocrx_word' id='word_1_467' title='bbox 608 2788 671 2819; x_wconf 89' lang='lat' dir='ltr'>AB</span> <span class='ocrx_word' id='word_1_468' title='bbox 687 2787 726 2818; x_wconf 72' lang='lat' dir='ltr'>V¹</span> <span class='ocrx_word' id='word_1_469' title='bbox 756 2805 788 2810; x_wconf 97' lang='lat'><strong>—</strong></span> <span class='ocrx_word' id='word_1_470' title='bbox 822 2787 875 2818; x_wconf 74' lang='lat'>42.</span> <span class='ocrx_word' id='word_1_471' title='bbox 900 2786 1018 2818; x_wconf 78' lang='lat' dir='ltr'>stilbon</span> <span class='ocrx_word' id='word_1_472' title='bbox 1046 2788 1110 2819; x_wconf 80' lang='lat' dir='ltr'>AB</span> <span class='ocrx_word' id='word_1_473' title='bbox 1128 2788 1151 2819; x_wconf 95' lang='lat' dir='ltr'>C</span> <span class='ocrx_word' id='word_1_474' title='bbox 1167 2787 1234 2819; x_wconf 56' lang='lat' dir='ltr'>Ex·</span> <span class='ocrx_word' id='word_1_475' title='bbox 1261 2805 1296 2810; x_wconf 97' lang='lat'><strong>—</strong></span> <span class='ocrx_word' id='word_1_476' title='bbox 1328 2788 1396 2828; x_wconf 86' lang='lat' dir='ltr'>fere</span> <span class='ocrx_word' id='word_1_477' title='bbox 1417 2788 1563 2827; x_wconf 80' lang='lat' dir='ltr'>feruenle</span> <span class='ocrx_word' id='word_1_478' title='bbox 1587 2787 1611 2818; x_wconf 89' lang='lat' dir='ltr'>C</span> <span class='ocrx_word' id='word_1_479' title='bbox 1646 2803 1678 2808; x_wconf 89' lang='lat'>—</span> <span class='ocrx_word' id='word_1_480' title='bbox 1714 2786 1764 2818; x_wconf 69' lang='lat'>14.</span> <span class='ocrx_word' id='word_1_481' title='bbox 1790 2788 1906 2828; x_wconf 76' lang='lat' dir='ltr'>infima</span> <span class='ocrx_word' id='word_1_482' title='bbox 1934 2795 2026 2819; x_wconf 85' lang='lat' dir='ltr'>corr.</span> <span class='ocrx_word' id='word_1_483' title='bbox 2052 2794 2096 2817; x_wconf 87' lang='lat' dir='ltr'>ex</span> 
     </span>
     <span class='ocr_line' id='line_1_44' title="bbox 318 2834 2093 2880; baseline -0.002 -10"><span class='ocrx_word' id='word_1_484' title='bbox 318 2839 453 2880; x_wconf 80' lang='lat' dir='ltr'>infirma</span> <span class='ocrx_word' id='word_1_485' title='bbox 482 2840 509 2870; x_wconf 77' lang='lat' dir='ltr'><strong>A</strong></span> <span class='ocrx_word' id='word_1_486' title='bbox 523 2839 551 2869; x_wconf 84' lang='lat' dir='ltr'>V</span> <span class='ocrx_word' id='word_1_487' title='bbox 584 2856 618 2862; x_wconf 94' lang='lat'><strong>—</strong></span> <span class='ocrx_word' id='word_1_488' title='bbox 652 2840 825 2869; x_wconf 75' lang='lat' dir='ltr'>errantum</span> <span class='ocrx_word' id='word_1_489' title='bbox 856 2837 879 2868; x_wconf 93' lang='lat' dir='ltr'>C</span> <span class='ocrx_word' id='word_1_490' title='bbox 915 2855 949 2858; x_wconf 97' lang='lat'><strong>—</strong></span> <span class='ocrx_word' id='word_1_491' title='bbox 984 2838 1034 2868; x_wconf 68' lang='grc'>«15.</span> <span class='ocrx_word' id='word_1_492' title='bbox 1059 2837 1260 2877; x_wconf 79' lang='lat' dir='ltr'>phosphoros</span> <span class='ocrx_word' id='word_1_493' title='bbox 1285 2838 1308 2869; x_wconf 95' lang='lat' dir='ltr'>C</span> <span class='ocrx_word' id='word_1_494' title='bbox 1327 2863 1334 2875; x_wconf 91' lang='lat'>,</span> <span class='ocrx_word' id='word_1_495' title='bbox 1358 2837 1498 2877; x_wconf 85' lang='lat' dir='ltr'>fosforos</span> <span class='ocrx_word' id='word_1_496' title='bbox 1521 2836 1644 2875; x_wconf 78' lang='lat' dir='ltr'>APV,</span> <span class='ocrx_word' id='word_1_497' title='bbox 1683 2835 1808 2876; x_wconf 85' lang='lat' dir='ltr'>osforos</span> <span class='ocrx_word' id='word_1_498' title='bbox 1833 2838 2021 2879; x_wconf 85' lang='lat' dir='ltr'>(superscr.</span> <span class='ocrx_word' id='word_1_499' title='bbox 2049 2834 2093 2867; x_wconf 89' lang='lat' dir='ltr'>ab</span> 
     </span>
     <span class='ocr_line' id='line_1_45' title="bbox 320 2885 2095 2929; baseline -0.002 -9"><span class='ocrx_word' id='word_1_500' title='bbox 320 2889 414 2921; x_wconf 87' lang='lat' dir='ltr'>initio</span> <span class='ocrx_word' id='word_1_501' title='bbox 439 2889 456 2919; x_wconf 85' lang='lat' dir='ltr'>b</span> <span class='ocrx_word' id='word_1_502' title='bbox 481 2890 515 2920; x_wconf 91' lang='lat' dir='ltr'>in</span> <span class='ocrx_word' id='word_1_503' title='bbox 539 2888 627 2929; x_wconf 88' lang='lat' dir='ltr'>ras.)</span> <span class='ocrx_word' id='word_1_504' title='bbox 652 2888 700 2926; x_wconf 82' lang='grc' dir='ltr'>Β,</span> <span class='ocrx_word' id='word_1_505' title='bbox 725 2888 868 2928; x_wconf 84' lang='lat' dir='ltr'>fossoros</span> <span class='ocrx_word' id='word_1_506' title='bbox 892 2887 916 2919; x_wconf 87' lang='lat' dir='ltr'>E</span> <span class='ocrx_word' id='word_1_507' title='bbox 944 2905 979 2909; x_wconf 89' lang='lat'><strong>—</strong></span> <span class='ocrx_word' id='word_1_508' title='bbox 1006 2887 1122 2927; x_wconf 78' lang='lat' dir='ltr'>lucifer</span> <span class='ocrx_word' id='word_1_509' title='bbox 1145 2888 1245 2919; x_wconf 79' lang='lat' dir='ltr'>latine</span> <span class='ocrx_word' id='word_1_510' title='bbox 1262 2887 1401 2927; x_wconf 75' lang='lat' dir='ltr'>(latinae</span> <span class='ocrx_word' id='word_1_511' title='bbox 1416 2889 1442 2918; x_wconf 76' lang='lat' dir='ltr'><strong>A</strong></span> <span class='ocrx_word' id='word_1_512' title='bbox 1457 2887 1496 2927; x_wconf 84' lang='lat' dir='ltr'>V)</span> <span class='ocrx_word' id='word_1_513' title='bbox 1521 2887 1642 2918; x_wconf 78' lang='lat' dir='ltr'>dicitur</span> <span class='ocrx_word' id='word_1_514' title='bbox 1666 2885 1716 2924; x_wconf 61' lang='lat'>5213</span> <span class='ocrx_word' id='word_1_515' title='bbox 1743 2887 1860 2919; x_wconf 78' lang='lat' dir='ltr'>Latine</span> <span class='ocrx_word' id='word_1_516' title='bbox 1883 2887 2004 2919; x_wconf 77' lang='lat' dir='ltr'>dicitur</span> <span class='ocrx_word' id='word_1_517' title='bbox 2025 2886 2095 2918; x_wconf 84' lang='lat' dir='ltr'>Lu·-</span> 
     </span>
     <span class='ocr_line' id='line_1_46' title="bbox 318 2934 2093 2981; baseline -0.002 -9"><span class='ocrx_word' id='word_1_518' title='bbox 318 2941 399 2981; x_wconf 78' lang='lat' dir='ltr'>cifer</span> <span class='ocrx_word' id='word_1_519' title='bbox 423 2939 447 2971; x_wconf 97' lang='lat' dir='ltr'>O</span> <span class='ocrx_word' id='word_1_520' title='bbox 476 2956 509 2960; x_wconf 80' lang='lat'><em>-</em></span> <span class='ocrx_word' id='word_1_521' title='bbox 538 2938 589 2969; x_wconf 78' lang='grc'>46.</span> <span class='ocrx_word' id='word_1_522' title='bbox 615 2938 764 2977; x_wconf 80' lang='lat' dir='ltr'>hesperos</span> <span class='ocrx_word' id='word_1_523' title='bbox 789 2938 851 2969; x_wconf 82' lang='grc' dir='ltr'>ΑΒ</span> <span class='ocrx_word' id='word_1_524' title='bbox 867 2937 891 2969; x_wconf 94' lang='lat' dir='ltr'>C</span> <span class='ocrx_word' id='word_1_525' title='bbox 906 2938 929 2969; x_wconf 86' lang='grc' dir='ltr'>Ρ</span> <span class='ocrx_word' id='word_1_526' title='bbox 944 2938 992 2975; x_wconf 88' lang='lat' dir='ltr'>O;</span> <span class='ocrx_word' id='word_1_527' title='bbox 1019 2937 1169 2977; x_wconf 82' lang='lat' dir='ltr'>hesperos</span> <span class='ocrx_word' id='word_1_528' title='bbox 1192 2945 1370 2978; x_wconf 91' lang='lat' dir='ltr'>superscr.</span> <span class='ocrx_word' id='word_1_529' title='bbox 1396 2945 1434 2968; x_wconf 82' lang='lat' dir='ltr'>us</span> <span class='ocrx_word' id='word_1_530' title='bbox 1451 2937 1498 2974; x_wconf 78' lang='lat' dir='ltr'>V3</span> <span class='ocrx_word' id='word_1_531' title='bbox 1523 2937 1677 2977; x_wconf 80' lang='lat' dir='ltr'>hesperus</span> <span class='ocrx_word' id='word_1_532' title='bbox 1700 2936 1725 2968; x_wconf 90' lang='lat' dir='ltr'>E</span> <span class='ocrx_word' id='word_1_533' title='bbox 1751 2954 1786 2959; x_wconf 91' lang='lat'><strong>—</strong></span> <span class='ocrx_word' id='word_1_534' title='bbox 1815 2937 1866 2970; x_wconf 73' lang='lat'>⁴8.</span> <span class='ocrx_word' id='word_1_535' title='bbox 1894 2946 1916 2968; x_wconf 90' lang='lat' dir='ltr'><strong><em>a</em></strong></span> <span class='ocrx_word' id='word_1_536' title='bbox 1938 2937 2004 2969; x_wconf 84' lang='lat' dir='ltr'>sole</span> <span class='ocrx_word' id='word_1_537' title='bbox 2028 2934 2093 2968; x_wconf 92' lang='lat' dir='ltr'>CE</span> 
     </span>
     <span class='ocr_line' id='line_1_47' title="bbox 322 2986 2094 3028; baseline -0.001 -8"><span class='ocrx_word' id='word_1_538' title='bbox 322 3009 356 3014; x_wconf 85' lang='lat'>—-</span> <span class='ocrx_word' id='word_1_539' title='bbox 385 2990 437 3020; x_wconf 73' lang='lat'>49.</span> <span class='ocrx_word' id='word_1_540' title='bbox 464 2989 557 3020; x_wconf 78' lang='lat' dir='ltr'>Hanc</span> <span class='ocrx_word' id='word_1_541' title='bbox 586 2988 688 3028; x_wconf 71' lang='lat' dir='ltr'>iyitur</span> <span class='ocrx_word' id='word_1_542' title='bbox 703 3005 748 3011; x_wconf 85' lang='lat'>-—</span> <span class='ocrx_word' id='word_1_543' title='bbox 765 2991 894 3019; x_wconf 79' lang='lat' dir='ltr'>tantam</span> <span class='ocrx_word' id='word_1_544' title='bbox 924 2988 957 3019; x_wconf 77' lang='lat' dir='ltr'>in</span> <span class='ocrx_word' id='word_1_545' title='bbox 989 2991 1058 3019; x_wconf 80' lang='lat' dir='ltr'>tam</span> <span class='ocrx_word' id='word_1_546' title='bbox 1085 2988 1191 3019; x_wconf 79' lang='lat' dir='ltr'>variis</span> <span class='ocrx_word' id='word_1_547' title='bbox 1207 3005 1255 3010; x_wconf 85' lang='lat'>-—</span> <span class='ocrx_word' id='word_1_548' title='bbox 1271 2987 1306 3018; x_wconf 75' lang='lat' dir='ltr'>in</span> <span class='ocrx_word' id='word_1_549' title='bbox 1329 2986 1487 3019; x_wconf 78' lang='lat' dir='ltr'>sideribus</span> <span class='ocrx_word' id='word_1_550' title='bbox 1510 2995 1574 3019; x_wconf 86' lang='lat' dir='ltr'>esse</span> <span class='ocrx_word' id='word_1_551' title='bbox 1596 2987 1766 3019; x_wconf 77' lang='lat' dir='ltr'>videamus</span> <span class='ocrx_word' id='word_1_552' title='bbox 1781 3005 1829 3010; x_wconf 92' lang='lat'>—-</span> <span class='ocrx_word' id='word_1_553' title='bbox 1844 2995 2003 3028; x_wconf 82' lang='lat' dir='ltr'>reponere</span> <span class='ocrx_word' id='word_1_554' title='bbox 2024 2987 2094 3019; x_wconf 92' lang='lat' dir='ltr'>La-</span> 
     </span>
     <span class='ocr_line' id='line_1_48' title="bbox 320 3036 2093 3079; baseline -0.002 -7"><span class='ocrx_word' id='word_1_555' title='bbox 320 3040 468 3073; x_wconf 84' lang='lat' dir='ltr'>ctantius</span> <span class='ocrx_word' id='word_1_556' title='bbox 492 3039 576 3069; x_wconf 86' lang='lat' dir='ltr'>Inst.</span> <span class='ocrx_word' id='word_1_557' title='bbox 596 3038 635 3076; x_wconf 77' lang='grc' dir='ltr'>ΙΙ,</span> <span class='ocrx_word' id='word_1_558' title='bbox 655 3038 685 3069; x_wconf 86' lang='grc'>5.</span> <span class='ocrx_word' id='word_1_559' title='bbox 708 3055 743 3060; x_wconf 54' lang='lat' dir='ltr'>m</span> <span class='ocrx_word' id='word_1_560' title='bbox 770 3038 821 3069; x_wconf 71' lang='lat'>20.</span> <span class='ocrx_word' id='word_1_561' title='bbox 850 3038 883 3069; x_wconf 82' lang='lat' dir='ltr'>in</span> <span class='ocrx_word' id='word_1_562' title='bbox 906 3039 986 3069; x_wconf 87' lang='lat' dir='ltr'>ante</span> <span class='ocrx_word' id='word_1_563' title='bbox 1011 3037 1109 3069; x_wconf 79' lang='lat' dir='ltr'>stellis</span> <span class='ocrx_word' id='word_1_564' title='bbox 1132 3046 1200 3069; x_wconf 90' lang='lat' dir='ltr'>om.</span> <span class='ocrx_word' id='word_1_565' title='bbox 1221 3038 1244 3069; x_wconf 94' lang='lat' dir='ltr'><strong>B</strong></span> <span class='ocrx_word' id='word_1_566' title='bbox 1270 3056 1312 3060; x_wconf 97' lang='lat'><strong>—</strong></span> <span class='ocrx_word' id='word_1_567' title='bbox 1336 3037 1388 3070; x_wconf 73' lang='lat'>23.</span> <span class='ocrx_word' id='word_1_568' title='bbox 1414 3038 1487 3078; x_wconf 76' lang='lat' dir='ltr'>ipsa</span> <span class='ocrx_word' id='word_1_569' title='bbox 1510 3045 1688 3079; x_wconf 88' lang='lat' dir='ltr'>superscr.</span> <span class='ocrx_word' id='word_1_570' title='bbox 1708 3046 1755 3069; x_wconf 85' lang='lat' dir='ltr'>m.</span> <span class='ocrx_word' id='word_1_571' title='bbox 1774 3045 1846 3070; x_wconf 88' lang='lat' dir='ltr'>sec.</span> <span class='ocrx_word' id='word_1_572' title='bbox 1866 3037 1898 3069; x_wconf 87' lang='lat' dir='ltr'>in</span> <span class='ocrx_word' id='word_1_573' title='bbox 1917 3036 1946 3069; x_wconf 91' lang='lat' dir='ltr'>V</span> <span class='ocrx_word' id='word_1_574' title='bbox 1965 3055 2001 3060; x_wconf 96' lang='lat'>—</span> <span class='ocrx_word' id='word_1_575' title='bbox 2026 3045 2093 3068; x_wconf 74' lang='lat' dir='ltr'>non</span> 
     </span>
     <span class='ocr_line' id='line_1_49' title="bbox 320 3086 2092 3129; baseline -0.002 -7"><span class='ocrx_word' id='word_1_576' title='bbox 320 3090 396 3122; x_wconf 72' lang='lat' dir='ltr'>inde</span> <span class='ocrx_word' id='word_1_577' title='bbox 417 3090 534 3120; x_wconf 81' lang='lat' dir='ltr'>horum</span> <span class='ocrx_word' id='word_1_578' title='bbox 558 3087 598 3118; x_wconf 61' lang='grc' dir='ltr'>Ὦ</span> <span class='ocrx_word' id='word_1_579' title='bbox 623 3104 657 3109; x_wconf 85' lang='grc'>-</span> <span class='ocrx_word' id='word_1_580' title='bbox 685 3088 796 3120; x_wconf 78' lang='lat' dir='ltr'>stellae</span> <span class='ocrx_word' id='word_1_581' title='bbox 819 3096 878 3120; x_wconf 83' lang='lat' dir='ltr'>eae</span> <span class='ocrx_word' id='word_1_582' title='bbox 901 3089 926 3120; x_wconf 94' lang='lat' dir='ltr'>O</span> <span class='ocrx_word' id='word_1_583' title='bbox 955 3106 990 3111; x_wconf 88' lang='lat'>—</span> <span class='ocrx_word' id='word_1_584' title='bbox 1016 3088 1068 3119; x_wconf 69' lang='grc' dir='ltr'>Ξῖ.</span> <span class='ocrx_word' id='word_1_585' title='bbox 1094 3091 1129 3119; x_wconf 80' lang='grc' dir='ltr'>αι</span> <span class='ocrx_word' id='word_1_586' title='bbox 1155 3089 1262 3127; x_wconf 76' lang='lat' dir='ltr'>(corr.</span> <span class='ocrx_word' id='word_1_587' title='bbox 1282 3088 1316 3120; x_wconf 90' lang='lat' dir='ltr'>in</span> <span class='ocrx_word' id='word_1_588' title='bbox 1341 3091 1399 3119; x_wconf 76' lang='lat' dir='ltr'>aut</span> <span class='ocrx_word' id='word_1_589' title='bbox 1423 3096 1471 3120; x_wconf 88' lang='lat' dir='ltr'>m.</span> <span class='ocrx_word' id='word_1_590' title='bbox 1500 3096 1572 3120; x_wconf 86' lang='lat' dir='ltr'>sec.</span> <span class='ocrx_word' id='word_1_591' title='bbox 1591 3087 1680 3126; x_wconf 87' lang='lat' dir='ltr'>rec.)</span> <span class='ocrx_word' id='word_1_592' title='bbox 1704 3088 1732 3118; x_wconf 82' lang='grc' dir='ltr'><strong>Α</strong></span> <span class='ocrx_word' id='word_1_593' title='bbox 1754 3105 1797 3110; x_wconf 90' lang='lat'>——</span> <span class='ocrx_word' id='word_1_594' title='bbox 1824 3087 1876 3119; x_wconf 67' lang='lat'>28.</span> <span class='ocrx_word' id='word_1_595' title='bbox 1903 3086 1954 3129; x_wconf 87' lang='lat' dir='ltr'>ae]</span> <span class='ocrx_word' id='word_1_596' title='bbox 1979 3087 2041 3118; x_wconf 86' lang='lat' dir='ltr'>hac</span> <span class='ocrx_word' id='word_1_597' title='bbox 2062 3086 2092 3118; x_wconf 91' lang='lat' dir='ltr'><strong>A</strong></span> 
     </span>
     <span class='ocr_line' id='line_1_50' title="bbox 324 3136 2092 3179; baseline -0.002 -8"><span class='ocrx_word' id='word_1_598' title='bbox 324 3158 358 3163; x_wconf 91' lang='lat'>-—</span> <span class='ocrx_word' id='word_1_599' title='bbox 386 3139 439 3171; x_wconf 79' lang='lat'>32.</span> <span class='ocrx_word' id='word_1_600' title='bbox 466 3138 636 3170; x_wconf 73' lang='lat' dir='ltr'>declarant</span> <span class='ocrx_word' id='word_1_601' title='bbox 661 3145 750 3169; x_wconf 82' lang='lat' dir='ltr'>corr.</span> <span class='ocrx_word' id='word_1_602' title='bbox 778 3147 820 3170; x_wconf 77' lang='lat' dir='ltr'>ex</span> <span class='ocrx_word' id='word_1_603' title='bbox 844 3138 1009 3170; x_wconf 72' lang='lat' dir='ltr'>dederant</span> <span class='ocrx_word' id='word_1_604' title='bbox 1032 3137 1060 3169; x_wconf 83' lang='lat' dir='ltr'><strong>V</strong></span> <span class='ocrx_word' id='word_1_605' title='bbox 1086 3156 1121 3161; x_wconf 93' lang='lat'>—</span> <span class='ocrx_word' id='word_1_606' title='bbox 1155 3136 1207 3170; x_wconf 83' lang='lat'>33.</span> <span class='ocrx_word' id='word_1_607' title='bbox 1235 3137 1270 3179; x_wconf 76' lang='lat' dir='ltr'>is]</span> <span class='ocrx_word' id='word_1_608' title='bbox 1295 3138 1344 3170; x_wconf 84' lang='lat' dir='ltr'>his</span> <span class='ocrx_word' id='word_1_609' title='bbox 1367 3138 1525 3170; x_wconf 72' lang='lat' dir='ltr'><strong>AEPV1</strong></span> <span class='ocrx_word' id='word_1_610' title='bbox 1552 3155 1586 3161; x_wconf 87' lang='lat'><em>-</em></span> <span class='ocrx_word' id='word_1_611' title='bbox 1620 3137 1672 3170; x_wconf 81' lang='lat'>35.</span> <span class='ocrx_word' id='word_1_612' title='bbox 1698 3138 1835 3169; x_wconf 77' lang='lat' dir='ltr'>uanitas</span> <span class='ocrx_word' id='word_1_613' title='bbox 1858 3136 1908 3170; x_wconf 66' lang='lat' dir='ltr'>Ql:</span> <span class='ocrx_word' id='word_1_614' title='bbox 1940 3138 2092 3170; x_wconf 74' lang='lat' dir='ltr'>uarietas</span> 
     </span>
     <span class='ocr_line' id='line_1_51' title="bbox 322 3186 2091 3231; baseline 0.001 -10"><span class='ocrx_word' id='word_1_615' title='bbox 322 3188 390 3222; x_wconf 83' lang='lat' dir='ltr'>alii.</span> <span class='ocrx_word' id='word_1_616' title='bbox 411 3205 446 3211; x_wconf 91' lang='lat'><em>-</em></span> <span class='ocrx_word' id='word_1_617' title='bbox 473 3187 526 3219; x_wconf 88' lang='lat'>36.</span> <span class='ocrx_word' id='word_1_618' title='bbox 552 3187 705 3219; x_wconf 78' lang='lat' dir='ltr'>ementita</span> <span class='ocrx_word' id='word_1_619' title='bbox 728 3189 841 3228; x_wconf 90' lang='lat' dir='ltr'>prima</span> <span class='ocrx_word' id='word_1_620' title='bbox 864 3188 927 3221; x_wconf 87' lang='lat' dir='ltr'>litt.</span> <span class='ocrx_word' id='word_1_621' title='bbox 954 3197 996 3221; x_wconf 83' lang='lat' dir='ltr'>ex</span> <span class='ocrx_word' id='word_1_622' title='bbox 1021 3188 1238 3221; x_wconf 85' lang='lat' dir='ltr'>correctione</span> <span class='ocrx_word' id='word_1_623' title='bbox 1263 3188 1309 3227; x_wconf 87' lang='lat' dir='ltr'>V;</span> <span class='ocrx_word' id='word_1_624' title='bbox 1335 3189 1473 3221; x_wconf 80' lang='lat' dir='ltr'>mentita</span> <span class='ocrx_word' id='word_1_625' title='bbox 1495 3190 1576 3231; x_wconf 81' lang='lat' dir='ltr'>post</span> <span class='ocrx_word' id='word_1_626' title='bbox 1597 3186 1748 3221; x_wconf 85' lang='lat' dir='ltr'>litteram</span> <span class='ocrx_word' id='word_1_627' title='bbox 1773 3197 1912 3222; x_wconf 81' lang='lat' dir='ltr'>erasam</span> <span class='ocrx_word' id='word_1_628' title='bbox 1935 3189 1963 3221; x_wconf 82' lang='grc' dir='ltr'><strong>Α</strong></span> <span class='ocrx_word' id='word_1_629' title='bbox 1991 3206 2026 3212; x_wconf 93' lang='grc'>-</span> <span class='ocrx_word' id='word_1_630' title='bbox 2051 3194 2091 3222; x_wconf 79' lang='lat' dir='ltr'>ea</span> 
     </span>
     <span class='ocr_line' id='line_1_52' title="bbox 324 3237 813 3275; baseline -0.01 -1"><span class='ocrx_word' id='word_1_631' title='bbox 324 3247 417 3275; x_wconf 88' lang='lat' dir='ltr'>corr.</span> <span class='ocrx_word' id='word_1_632' title='bbox 443 3246 491 3271; x_wconf 90' lang='lat' dir='ltr'>m.</span> <span class='ocrx_word' id='word_1_633' title='bbox 519 3245 591 3271; x_wconf 85' lang='lat' dir='ltr'>sec.</span> <span class='ocrx_word' id='word_1_634' title='bbox 616 3237 652 3270; x_wconf 89' lang='lat' dir='ltr'>in</span> <span class='ocrx_word' id='word_1_635' title='bbox 675 3241 751 3270; x_wconf 79' lang='lat' dir='ltr'>eum</span> <span class='ocrx_word' id='word_1_636' title='bbox 773 3238 813 3270; x_wconf 86' lang='lat' dir='ltr'>V.</span> 
     </span>
    </p>
   </div>
  </div>
 </body>
</html>
