2249 3624
259 198 343 243 650
976 201 1047 241 DE
1079 199 1304 241 OFFICIIS

261 308 497 349 Labeonem
539 322 612 349 seu
653 321 778 361 quem
818 307 947 348 alium
984 330 1039 338 -—
1077 306 1183 346 nihil
1224 306 1336 345 enim
1375 304 1510 346 habeo
1550 309 1716 358 praeter
1752 304 1939 346 auditum
1968 328 2024 336 —

262 370 463 410 arbitrum
501 371 672 411 Nolanis
710 376 752 409 et
780 368 1066 421 Neapolitanis
1107 367 1159 407 de
1199 366 1351 408 finibus
1392 381 1416 408 a
1455 373 1601 408 senatu
1642 368 1806 416 datum,
1847 382 1942 408 cum
1971 368 2024 409 ad

261 432 399 473 locum
429 433 636 480 venisset,
675 445 770 472 cum
800 431 992 484 utrisque
1024 431 1249 483 separatim
1278 430 1490 478 locutum,
1530 443 1581 470 ne
1613 429 1764 483 cupide
1796 430 1896 484 quid
1929 443 2026 483 age-

261 500 373 542 rent,
404 507 456 534 ne
487 494 753 546 adpetenter,
785 499 912 546 atque
942 498 988 533 ut
1017 492 1182 545 regredi
1215 505 1342 546 quam
1372 493 1569 545 progredi
1601 493 1787 532 mallent.
1854 493 1901 533 Id
1931 507 2026 534 cum

228 557 426 609 butrique
456 555 667 603 fecissent,
699 556 960 609 aliquantum
992 555 1079 607 agri
1110 555 1153 594 in
1184 555 1322 594 medio
1354 555 1543 595 relictum
1565 560 1641 596 est.
1691 555 1838 609 Itaque
1860 555 2027 596 illorum

260 615 354 657 finis
386 618 462 665 sic,
492 624 539 657 ut
568 618 649 671 ipsi
681 618 895 664 dixerant,
926 617 1185 658 terminavit:
1222 618 1266 656 in
1297 617 1435 657 medio
1466 617 1658 657 relictum
1690 619 1802 671 quod
1835 623 1924 658 erat
1952 631 2029 671 po-

260 679 362 733 pulo
385 680 573 720 Romano
605 680 875 720 adiudicavit.
921 681 1126 733 Decipere
1156 680 1236 720 hoc
1268 679 1440 733 quidem
1463 685 1539 727 est,
1561 694 1645 720 non
1666 679 1865 720 iudicare.
1913 680 2030 728 Quo-

262 742 369 782 circa
400 743 443 781 in
474 744 587 783 omni
618 749 681 782 est
711 756 754 782 re
783 741 984 795 fugienda
1014 743 1110 782 talis
1142 742 1341 783 sollertia.

375 805 445 845 XI.
487 802 554 845 34.
597 806 703 845 Sunt
732 811 870 846 autem
902 804 1107 857 quaedam
1139 803 1275 846 officia
1316 806 1439 845 etiam
1472 806 1672 846 adversus
1705 819 1778 846 eos
1809 805 2029 853 servanda,

211 875 285 906 toa
326 866 479 920 quibus
519 868 714 908 iniuriam
755 867 979 921 acceperiS.
1048 869 1123 907 Est
1153 868 1263 907 enim
1295 868 1523 908 ulciscendi
1559 874 1600 908 et
1630 868 1834 921 puniendi
1866 868 2030 915 modus,

261 934 388 982 atque
420 929 533 969 haud
565 931 651 970 scio
693 943 746 970 an
785 930 885 970 satis
917 930 971 969 sit
1011 944 1128 976 eum,
1161 930 1230 982 qui
1263 930 1512 977 lacessierit,
1544 931 1724 970 iniuriae
1758 942 1856 969 suae
1887 930 2031 982 paeni-

261 996 372 1039 tere,
412 998 458 1032 ut
489 999 529 1032 et
558 992 649 1045 ipse
681 1006 733 1032 ne
765 992 867 1046 quid
901 992 980 1032 tale
1012 993 1185 1045 posthac
1218 998 1260 1032 et
1289 994 1418 1033 ceteri
1451 994 1534 1033 sint
1564 993 1615 1032 ad
1648 993 1843 1032 iniuriam
1874 991 2032 1032 tardio-

261 1066 342 1094 res.
401 1057 538 1109 Atque
577 1056 620 1094 in
657 1069 701 1095 re
740 1055 909 1109 publica
950 1056 1128 1095 maxime
1170 1055 1459 1095 conservanda
1499 1062 1598 1095 sunt
1635 1057 1726 1095 iura
1757 1054 1867 1095 belli.
1927 1055 2032 1094 Nam

263 1129 355 1156 cum
388 1117 469 1157 sint
500 1118 583 1157 duo
615 1131 769 1170 genera
800 1117 1062 1163 decertandi,
1094 1131 1224 1156 unum
1255 1131 1329 1171 per
1361 1118 1720 1170 disceptationem,
1752 1118 1926 1158 alterum
1957 1130 2033 1169 per

214 1188 249 1217 ⁴5
263 1179 368 1227 vim,
401 1194 581 1233 cumque
611 1181 716 1220 illud
750 1180 962 1234 proprium
996 1180 1048 1219 sit
1079 1179 1284 1226 hominis,
1323 1178 1401 1220 hoc
1431 1181 1672 1226 beluarum,
1705 1179 2033 1232 confugiendum

263 1247 327 1282 est
356 1242 406 1282 ad
438 1243 658 1295 posterius,
691 1243 725 1282 si
757 1244 818 1282 uti
850 1256 935 1282 non
960 1242 1057 1281 licet
1078 1243 1308 1295 superiore.
1368 1240 1436 1282 35.
1473 1242 1564 1290 Qua
1585 1256 1630 1282 re
1652 1242 1921 1295 suscipienda
1941 1242 2034 1295 qui-

264 1303 357 1344 dem
390 1305 502 1345 bella
532 1312 629 1345 sunt
660 1306 712 1345 ob
744 1319 834 1345 eam
867 1317 1057 1351 causam,
1100 1310 1146 1344 ut
1177 1305 1266 1344 sine
1297 1305 1451 1345 iniuria
1482 1306 1525 1345 in
1556 1318 1658 1358 pace
1691 1306 1876 1352 vivatur,
1915 1310 2034 1357 parta

263 1372 400 1406 autem
432 1368 605 1408 victoria
635 1367 910 1408 conservandi
941 1367 992 1414 ii,
1033 1367 1105 1419 qui
1137 1381 1219 1406 non
1254 1368 1445 1408 crudeles
1476 1368 1519 1407 in
1551 1368 1685 1415 bello,
1726 1380 1812 1407 non
1843 1368 2034 1407 inmanes

263 1428 452 1478 fuerunt,
484 1437 528 1471 ut
561 1432 738 1471 maiores
769 1431 902 1471 nostri
936 1430 1220 1477 Tusculanos,
1251 1432 1440 1483 Aequos,
1474 1431 1669 1477 Volscos,
1703 1430 1900 1478 Sabinos,
1930 1430 2035 1469 Her-

214 1493 381 1533 amnicos
414 1494 456 1533 in
488 1494 697 1534 civitatem
731 1495 851 1534 etiam
885 1498 1149 1545 acceperunt,
1182 1499 1222 1533 at
1254 1491 1550 1545 Karthaginem
1584 1498 1624 1532 et
1645 1493 1910 1532 Numantiam
1940 1491 2034 1532 fun-

265 1555 377 1595 ditus
409 1555 690 1597 sustulerunt:
722 1556 879 1596 nollem
914 1555 1179 1603 Corinthum,
1213 1556 1285 1594 sed
1319 1555 1444 1595 credo
1475 1554 1636 1608 aliquid
1668 1560 1852 1601 secutos,
1884 1567 2035 1607 oppor-

264 1619 485 1659 tunitatem
518 1620 598 1659 loci
631 1633 840 1666 maxume,
873 1632 924 1658 ne
955 1624 1099 1671 posset
1129 1618 1358 1671 aliquando
1390 1617 1439 1657 ad
1473 1617 1628 1656 bellum
1655 1616 1892 1657 faciendum
1916 1616 2035 1656 locus

265 1680 355 1734 ipse
386 1681 616 1722 adhortari.
680 1684 771 1722 Mea
804 1681 975 1735 quidem
1007 1681 1214 1720 sententia
1247 1681 1357 1733 paci,
1392 1693 1500 1733 quae
1532 1679 1635 1718 nihil
1666 1680 1856 1719 habitura
1888 1680 1942 1719 sit
1972 1680 2036 1719 in-

267 1744 482 1792 sidiarum,
515 1758 682 1798 semper
713 1750 776 1784 est
808 1744 1128 1784 consulendum.
1177 1745 1222 1782 ln
1255 1757 1339 1796 quo
1373 1744 1406 1783 si
1429 1742 1530 1782 mihi
1554 1748 1665 1782 esset
1686 1747 2035 1794 optemperatum,

216 1819 252 1848 25
269 1807 303 1847 si
334 1820 417 1846 non
451 1813 676 1860 optumam,
708 1812 749 1846 at
780 1807 964 1859 aliquam
997 1819 1083 1845 rem
1116 1806 1339 1858 publicam,
1373 1819 1481 1858 quae
1514 1818 1625 1844 nunc
1656 1805 1771 1844 nulla
1801 1811 1877 1851 est,
1908 1805 2037 1844 habe-

268 1875 421 1909 remus.
482 1871 654 1910 Etcum
687 1871 760 1917 iis,
804 1883 911 1922 quos
943 1869 982 1907 vi
1016 1868 1243 1915 deviceris,
1285 1868 1590 1907 consulendum
1631 1872 1713 1914 est,
1755 1873 1841 1907 tum
1874 1867 1922 1915 ii,
1965 1867 2036 1921 qui

268 1932 393 1972 armis
433 1933 580 1986 positis
620 1933 670 1972 ad
711 1933 1011 1984 imperatorum
1051 1929 1174 1970 fidem
1207 1929 1473 1983 confugient,
1511 1930 1703 1984 quamvis
1735 1944 1896 1970 murum
1929 1932 2037 1971 aries

267 1994 542 2047 percusserit,
582 1994 826 2047 recipiendi.
887 1995 934 2033 In
967 2007 1050 2047 quo
1082 1999 1195 2033 tanto
1228 2006 1356 2046 opere
1394 1993 1507 2045 apud
1540 1999 1705 2032 nostros
1737 1993 1895 2033 iustitia
1928 1993 2039 2034 culta

270 2062 344 2102 est,
374 2062 420 2096 ut
449 2057 491 2103 ii,
523 2058 594 2110 qui
628 2058 814 2097 civitates
846 2063 916 2096 aut
949 2056 1142 2096 nationes
1175 2056 1359 2095 devictas
1389 2055 1501 2094 bello
1533 2055 1575 2094 in
1607 2054 1734 2094 fidem
1766 2055 2038 2108 recepissent,

217 2130 253 2160 3ο
271 2132 411 2159 earum
453 2120 617 2172 patroni
659 2124 799 2158 essent
840 2132 956 2158 more
995 2118 1213 2158 maiorum.
1287 2115 1353 2156 36.
1397 2120 1455 2157 Ac
1494 2117 1594 2157 belli
1637 2117 1809 2170 quidem
1847 2119 2039 2171 aequitas

271 2182 530 2222 sanctissime
561 2182 692 2221 fetiali
726 2182 872 2234 populi
905 2181 1080 2221 Romani
1119 2181 1206 2220 iure
1240 2180 1470 2233 perscripta
1503 2185 1578 2219 est.
1637 2180 1701 2218 Ex
1733 2193 1817 2232 quo
1848 2180 2038 2232 intellegi

270 2249 410 2297 potest
439 2244 601 2284 nullum
633 2244 788 2283 bellum
821 2257 913 2283 esse
944 2244 1100 2283 iustum
1138 2243 1218 2282 nisi
1251 2242 1365 2295 quod
1398 2247 1469 2281 aut
1498 2242 1622 2281 rebus
1652 2241 1842 2294 repetitis
1874 2248 2041 2294 geratur

271 2313 343 2347 aut
373 2306 667 2346 denuntiatum
697 2312 793 2346 ante
826 2306 879 2346 sit
909 2311 949 2345 et
979 2304 1194 2346 indictum.
1258 2303 1463 2359 [Popilius
1488 2304 1716 2357 imperator
1746 2304 1916 2345 tenebat
1945 2318 2041 2358 pro-

360 2434 391 2466 3.
417 2444 457 2465 ne
481 2435 530 2467 C:
562 2438 599 2466 ut
621 2443 660 2465 ne
685 2443 703 2466 0
739 2451 773 2456 —
814 2434 844 2465 6.
869 2435 944 2474 finis
967 2432 1102 2465 BH¹bt
1133 2435 1213 2474 fines
1236 2435 1260 2465 A
1277 2431 1417 2465 H‘2aco
1454 2450 1488 2455 —
1527 2432 1558 2463 8.
1585 2433 1619 2463 in
1643 2432 1732 2463 omni
1754 2435 1861 2463 estre
1882 2432 2043 2473 fuyienda

272 2485 334 2516 AB
351 2486 376 2516 H
392 2485 466 2516 ab:
500 2485 533 2515 in
558 2485 645 2516 omni
669 2493 704 2515 re
726 2484 882 2524 fugienda
907 2492 948 2514 c:
983 2485 1013 2514 in
1040 2484 1127 2514 omni
1152 2492 1187 2514 re
1209 2483 1365 2524 fuyienda
1391 2486 1436 2513 est
1461 2490 1480 2513 0
1519 2500 1554 2504 —
1594 2483 1645 2512 ll.
1672 2490 1746 2513 eum
1770 2490 1838 2513 om.
1866 2489 1885 2513 c
1915 2499 1950 2504 —
1987 2482 2039 2513 42.

272 2539 300 2566 el
326 2539 359 2565 ut
382 2536 447 2574 ipse
470 2544 490 2575 p
530 2552 563 2556 —
598 2535 735 2573 posthac
757 2534 860 2573 faciat
883 2536 914 2564 et
945 2541 974 2564 c.
1019 2532 1067 2564 Cf.
1096 2532 1185 2572 382.
1223 2549 1259 2555 -
1298 2534 1342 2563 ad
1366 2533 1526 2563 iniuriam
1549 2532 1612 2562 sint
1643 2539 1659 2562 c
1699 2548 1733 2552 —-
1783 2531 1832 2563 ⁴8.
1860 2532 1884 2563 ii
1908 2532 2039 2563 AB2b:

272 2585 284 2615 i
309 2581 356 2623 13¹,
384 2585 415 2615 hi
439 2594 471 2621 a,
497 2585 541 2616 hii
568 2585 604 2616 H.
633 2585 678 2623 hij
703 2592 720 2615 c
747 2601 781 2605 —
817 2593 877 2614 non
903 2585 1052 2614 innzones
1076 2592 1144 2613 om.
1164 2592 1185 2622 p
1214 2601 1247 2605 >u
1278 2583 1327 2613 49.
1356 2581 1687 2613 hernicos.uei0s.1in
1713 2588 1730 2612 c
1760 2598 1793 2602 —
1822 2581 1872 2611 ΞΟ.
1900 2580 2041 2611 karlha-

273 2635 381 2674 qinein
405 2636 428 2666 B
445 2643 484 2666 c:
530 2635 756 2674 carlhayinem
781 2642 823 2670 a,
860 2634 1106 2671 charlhoqincm
1132 2634 1209 2671 Ab,
1246 2632 1474 2671 chortassinem
1500 2632 1525 2663 H
1565 2648 1599 2652 —
1644 2631 1697 2662 Ἣ.
1724 2630 1851 2669 aliquid
1882 2639 1972 2662 corr.
2000 2639 2044 2662 ex

274 2684 408 2722 aliquod
433 2685 479 2721 B;
517 2685 646 2724 aliquos
670 2686 694 2715 A
722 2685 824 2721 (corr.
851 2692 892 2713 ex
918 2683 1056 2722 aliquid)
1081 2691 1101 2721 p
1140 2699 1173 2703 —-
1211 2683 1467 2721 (›p«›rfwzi¹(1le772
1493 2682 1516 2713 C
1557 2699 1591 2703 —
1631 2681 1681 2712 25.
1709 2684 1743 2711 a!
1777 2681 1798 2711 B
1816 2688 1891 2712 ac:
1929 2681 1973 2711 ad
1995 2681 2041 2717 b;

275 2736 332 2763 aul
358 2734 400 2768 1{;
429 2743 498 2765 om.
529 2735 572 2770 (in
590 2743 711 2766 rasura
737 2733 835 2765 duar.
856 2732 930 2770 litt.)
955 2735 981 2763 Α
1008 2750 1047 2754 -
1072 2732 1123 2762 26.
1152 2733 1190 2762 iis
1214 2737 1236 2762 A
1255 2733 1334 2763 Bb:
1361 2733 1408 2762 ms
1433 2732 1506 2767 Ha.
1533 2731 1593 2769 hijs
1617 2738 1634 2761 c
1658 2747 1701 2753 —
1733 2730 1756 2760 ii
1781 2733 1805 2761 Α
1822 2730 1905 2761 Bb:
1931 2730 1977 2761 hii
2001 2730 2040 2768 H,

274 2783 306 2813 hi
331 2791 362 2818 a,
389 2783 435 2822 hij
458 2791 475 2814 c
504 2802 536 2806 —
566 2784 616 2816 ⁴28<
645 2787 815 2823 tantopere
842 2784 865 2814 C
893 2799 927 2804 —
960 2781 1011 2813 029,
1040 2781 1062 2811 iz·
1087 2781 1169 2812 Ab:
1195 2781 1240 2810 hii
1265 2781 1287 2811 B
1304 2782 1342 2817 ll,
1369 2781 1400 2811 hi
1425 2790 1462 2816 a,
1488 2781 1535 2818 hij
1559 2788 1576 2810 c
1604 2797 1638 2801 —
1666 2779 1808 2810 devictas
1831 2778 1910 2809 bello
1935 2787 2004 2810 om.
2025 2786 2044 2810 ο

275 2851 318 2856 -
341 2834 392 2864 31.
418 2834 528 2872 fecialt'
553 2835 607 2865 Bc
637 2852 670 2856 —
697 2834 749 2865 32.
776 2836 835 2864 aut
858 2834 889 2863 in
915 2832 1009 2862 rebus
1032 2839 1049 2862 c
1078 2849 1111 2852 —
1136 2832 1246 2869 petitis
1270 2831 1296 2862 ll
1324 2848 1359 2853 -
1394 2830 1445 2862 33.
1472 2831 1679 2861 enuntiatum
1702 2831 1728 2860 A
1745 2829 1798 2860 ab
1834 2846 1869 2851 -
1901 2829 2045 2868 Popilius

275 2884 459 2920 imperator
474 2902 521 2907 --
549 2885 579 2914 ιίι
605 2884 683 2914 bello
708 2884 866 2915 ¹movendo
891 2881 957 2913 del.
980 2881 1188 2920 Madxigius:
1223 2881 1366 2919 Popilius
1389 2881 1571 2919 imperator
1586 2897 1604 2902 -
1620 2887 1805 2919 —puqnare
1829 2887 1893 2909 non
1913 2881 2045 2917 poterat

277 2940 341 2972 pro
367 2931 577 2972 glossemate
602 2934 707 2965 habet
733 2936 769 2965 G.
790 2934 841 2965 Fr.
862 2934 974 2971 Unger
999 2929 1130 2970 (l'liilol.
1150 2929 1366 2961 Schneidew.
1393 2931 1435 2961 IV
1454 2939 1485 2970 p.
1503 2930 1563 2961 375
1589 2930 1700 2969 sqq.);
1728 2928 1872 2967 Popilius
1894 2929 2043 2967 impera-

278 2985 330 3013 tor
346 2991 480 3013 --cum
502 2983 588 3014 hoste
610 2993 761 3023 puynare
786 2983 816 3023 (g
831 2982 882 3021 37)
901 2981 967 3013 del.
982 2981 1166 3017 Koniehon'
1187 2981 1263 3011 crit.
1283 2982 1315 3011 et
1334 2988 1431 3019 exeg.
1451 2979 1507 3010 alt.
1527 2980 1623 3010 Trier
1642 2977 1724 3010 4844
1749 2986 1782 3018 p.
1804 2978 1842 3008 22
1868 2985 1946 3017 sqq.
1991 2977 2044 3008 «Si

279 3039 447 3070 usquam.
475 3034 569 3063 certe
596 3033 651 3064 hic
676 3035 776 3065 vetus
802 3031 959 3064 scholion
985 3031 1189 3062 historicum
1215 3030 1362 3060 orationi
1388 3030 1567 3061 Ciceronis
1592 3029 1762 3060 insertum
1788 3030 1841 3058 est
1866 3027 1941 3065 (etsi
1966 3034 2044 3057 om-

282 3089 344 3112 nes
371 3081 473 3111 codd.
496 3082 587 3113 hunc
606 3091 760 3123 pannum
782 3083 946 3114 adsutum
965 3080 1122 3117 habent),
1149 3079 1207 3110 ubi
1233 3089 1284 3115 ea,
1313 3088 1402 3119 quae
1429 3080 1712 3120 praecesserunt,
1739 3078 1839 3117 quasi
1864 3076 2045 3108 communi

283 3128 507 3161 conclusione
538 3131 590 3162 his
622 3132 739 3163 verbis
772 3132 1001 3171 colliguntur:
1038 3130 1092 3160 1:11,-
1117 3138 1180 3168 quo
1203 3129 1338 3166 inlelliqi
1361 3133 1482 3168 potest,
1514 3129 1641 3159 nullum
1672 3128 1786 3158 bellum
1816 3136 1882 3158 csse
1909 3127 2042 3163 iustum,

281 3179 345 3210 nisi
369 3180 454 3217 quod
470 3196 517 3202 --
536 3181 705 3218 indictum,
732 3181 847 3212 addita
873 3180 1067 3211 affirmante
1094 3178 1234 3209 Catonis
1261 3187 1311 3208 μιν
1330 3180 1464 3209 [oritate
1489 3178 1561 3209 his:
1595 3178 1640 3208 M.
1661 3177 1790 3215 quedem
1809 3175 1939 3207 Catonis
1959 3174 2045 3205 senis

283 3233 327 3262 esc
351 3229 499 3268 epislola.
548 3230 614 3261 Sed
641 3231 719 3261 huic
745 3230 906 3271 exemplo
931 3228 1096 3270 particula
1123 3230 1250 3267 quidem
1275 3228 1411 3259 adnexo
1437 3231 1470 3259 et
1495 3235 1662 3268 expresso
1687 3226 1867 3267 praecedit
1891 3223 2044 3264 explica-

285 3281 344 3317 tio,
371 3287 436 3318 qua
463 3278 605 3318 singula,
633 3288 722 3318 quae
747 3280 791 3311 ad
817 3280 985 3320 epistolae
1012 3281 1150 3319 tempus
1176 3280 1209 3308 et
1234 3279 1456 3309 occasionem
1476 3278 1662 3318 pertinent,
1682 3276 1942 3316 proponuntur3
1967 3274 2043 3303 tum

285 3337 370 3361 vero
395 3329 512 3369 inepte
539 3330 572 3361 et
596 3330 678 3361 satis
703 3329 832 3362 insulse
856 3330 1013 3362 additur:
1045 3330 1092 3362 Μ.
1119 3328 1248 3367 quidem
1272 3327 1404 3360 Catonis
1425 3328 1509 3360 senis
1532 3331 1578 3359 est
1599 3325 1755 3367 epistola,
1780 3325 1845 3357 etsi
1867 3325 1938 3356 iam
1961 3322 2042 3354 ante

2186 0 2219 158 ,ἶῙΣ-’ΞΞ
