2249 3624
497 171 584 211 Lm.
616 172 667 211 ΙΙ.
708 171 805 211 CAP.
838 173 1186 212 LXVII—LXX.
1227 171 1285 225 §§
1324 170 1568 212 137-444.
1833 170 1911 210 563

149 278 406 333 vigilantium
440 277 741 328 cogitationum
777 278 964 328 vestigia.
1025 280 1076 317 At
1109 278 1312 331 quaedam
1345 278 1538 318 adiuncta
1571 284 1694 324 sunt,
1738 285 1780 318 ut
1813 279 1912 318 mibi

150 344 201 383 de
223 345 491 381 monumento
515 339 648 385 Marii,
682 339 752 378 tibi
786 340 899 392 quod
933 352 1083 392 equus,
1117 342 1156 379 in
1189 355 1270 392 quo
1304 354 1380 391 ego
1415 341 1605 388 vchebar,
1640 354 1797 379 mecum
1831 353 1912 379 una

149 405 361 445 demersus
394 415 536 440 rursus
569 403 772 453 apparuit.
842 398 927 439 llil.
960 404 1020 440 An
1055 409 1095 441 tu
1131 416 1276 441 censes
1309 403 1432 441 ullam
1466 416 1589 442 anum
1624 409 1703 443 tani
1737 402 1910 441 deliram

148 467 324 507 futuram
363 462 513 509 fuisse,
548 470 591 502 ut
631 464 802 501 somniis
841 464 1050 508 crederet,
1084 465 1161 503 nisi
1196 465 1273 503 ista
1305 479 1400 504 casu
1435 479 1515 503 non
1550 479 1772 518 numquam
1807 465 1911 503 forte

149 535 302 568 temere
333 527 660 565 concurrerent?
713 525 952 563 Alexandro
987 526 1110 564 draco
1142 527 1256 579 loqui
1291 528 1403 566 visus
1436 534 1509 566 cst.
1570 529 1709 566 Potest
1741 529 1944 567 oinninob

147 590 226 629 hoc
258 601 348 628 esse
379 587 554 632 falsum,
587 593 723 638 potest
758 600 915 631 verum,
950 587 1043 633 scd,
1078 595 1214 626 utruni
1249 596 1330 635 est,
1365 603 1444 628 non
1477 596 1536 628 cst
1570 590 1769 629 mirabile.
1823 591 1911 628 Non

149 652 257 692 enim
288 650 448 689 audivit
479 649 548 688 ille
582 648 803 687 draconem
838 649 1094 701 loquentem,
1127 651 1198 688 sed
1232 657 1295 690 est
1327 653 1438 690 visus
1471 652 1636 697 audire,
1670 651 1912 704 etquidem,

149 727 232 768 quo
273 713 404 752 maius
446 712 523 757 sit,
566 724 657 750 cum
702 711 882 749 radicem
927 725 998 750 ore
1040 719 1218 759 teneret,
1262 713 1425 751 locutus
1464 719 1539 751 est.
1601 713 1681 751 Sed
1719 714 1819 752 nibil
1853 719 1914 751 est

148 789 338 828 magnum
360 773 600 813 somnianti.
641 773 808 820 Quaero
841 779 998 818 autem,
1031 787 1102 812 cur
1125 774 1362 813 Alexandro
1396 782 1474 813 tani
1499 776 1669 814 inlustre
1693 776 1913 820 somnium,

148 845 228 879 tam
269 843 449 883 certum,
491 849 567 874 nec
607 835 705 874 huic
747 834 880 874 eidem
919 835 1046 882 alias,
1087 849 1162 874 nec
1205 836 1329 874 inulta
1371 837 1533 875 ceteris.
1604 838 1702 876 Mihi
1744 837 1965 890 quidemw

148 905 310 955 praeter
340 899 417 938 hoc
448 898 680 937 Marianum
715 897 817 936 nihil
850 910 949 936 sane
983 898 1092 950 quod
1127 897 1396 936 meminerint.
1465 900 1630 938 Frustra
1663 900 1787 951 igitur
1817 912 1913 938 con-

148 968 336 1014 sumptae
380 966 439 1000 tot
481 966 624 999 noctes
667 967 748 999 tam
790 959 911 1010 longa
954 960 994 998 in
1036 965 1183 998 aetate.
1252 956 1339 998 142.
1380 961 1496 999 Nunc
1536 962 1704 1013 quidem
1747 967 1915 1014 propter

148 1024 494 1065 intermissionem
527 1022 705 1061 forensis
738 1035 889 1074 operae
922 1028 960 1061 et
992 1022 1302 1061 lucubrationes
1335 1022 1494 1061 detraxi
1535 1030 1574 1062 et
1604 1022 1914 1062 meridiationes

149 1086 312 1132 addidi,
354 1085 504 1139 quibus
547 1084 605 1123 uti
646 1090 765 1122 antea
799 1096 880 1122 non
914 1083 1121 1129 solebam,
1162 1097 1237 1122 nec
1270 1091 1349 1123 tam
1384 1085 1555 1123 multum
1589 1085 1797 1124 dormiens
1830 1085 1914 1124 ullo

149 1149 311 1190 somnio
345 1161 435 1187 sum
468 1146 718 1192 admonitus,
752 1147 876 1184 tantis
910 1147 1150 1198 praesertim
1185 1147 1234 1185 de
1269 1147 1405 1192 rebus,
1438 1160 1513 1186 nec
1546 1148 1642 1187 mihi
1678 1149 1805 1199 magis
1829 1157 1964 1186 uin-4⁵

151 1225 273 1265 quam
306 1211 469 1256 videor,
508 1222 631 1262 quam
664 1222 756 1247 cum
789 1213 859 1247 aut
890 1208 931 1246 in
963 1208 1052 1248 soro
1086 1209 1350 1261 magistratus
1391 1215 1461 1248 aut
1499 1211 1539 1248 in
1579 1210 1693 1249 curia
1725 1215 1914 1249 senatum

149 1274 292 1320 video,
324 1273 545 1312 somniare.

261 1335 408 1375 Lxlx.
440 1334 603 1373 Etenim
638 1356 690 1361 —
722 1346 774 1372 cx
805 1333 1010 1372 divisione
1043 1334 1123 1372 hoc
1155 1334 1385 1373 secundum
1418 1340 1480 1373 est
1501 1356 1554 1363 —
1586 1347 1694 1387 quae
1727 1340 1789 1374 cst
1819 1346 1917 1374 con-

149 1398 324 1438 tinuatio
368 1396 692 1448 coniunctioque
739 1401 940 1442 naturae,
992 1409 1144 1448 quam,
1191 1402 1235 1435 ut
1273 1396 1387 1442 dixi,
1443 1402 1589 1436 vocant
1631 1397 1916 1450 συμπάθειαν,

151 1461 240 1500 eius
263 1459 390 1506 modi,
422 1464 465 1498 ut
496 1458 713 1497 thesaurus
746 1471 798 1497 ex
830 1471 908 1496 ovo
941 1458 1127 1509 intellegi
1152 1458 1330 1498 debeat?
1376 1459 1476 1497 Nam
1500 1458 1649 1498 medici
1673 1473 1725 1499 ex
1747 1460 1918 1513 quibus-
1934 1467 1969 1495 -20

151 1522 243 1562 dam
274 1521 397 1560 rebus
431 1527 471 1560 et
501 1520 764 1559 advenientis
806 1525 845 1559 et
881 1521 1108 1560 crescentis
1151 1521 1317 1560 morbos
1351 1521 1622 1573 intellegunt,
1664 1534 1746 1560 non
1783 1521 1918 1560 nullas

152 1584 273 1624 etiam
304 1582 555 1622 valetudinis
578 1580 926 1635 significationes,
951 1589 993 1622 ut
1016 1581 1092 1622 hoc
1114 1583 1271 1635 ipsum,
1305 1582 1442 1635 pleni
1476 1583 1713 1622 enectine
1746 1584 1918 1629 simus,

152 1659 204 1685 ex
235 1644 418 1698 quodam
450 1657 603 1697 genere
636 1644 892 1684 somniorum
926 1645 1112 1697 intellegi
1146 1659 1267 1698 posse
1291 1645 1448 1685 dicunt.
1500 1645 1739 1685 Thesaurus
1762 1659 1858 1685 vero
1881 1650 1921 1684 et

151 1707 360 1748 hereditas
399 1713 440 1746 et
469 1706 604 1747 honos
642 1712 683 1746 et
714 1707 888 1746 victoria
927 1714 967 1747 et
998 1708 1124 1747 multa
1158 1708 1320 1760 generis
1352 1708 1541 1747 eiusdem
1574 1720 1656 1760 qua
1688 1721 1779 1747 cum
1812 1720 1921 1746 som-

152 1770 233 1810 niis
264 1770 441 1810 naturali
474 1770 723 1822 cognatione
755 1770 1017 1822 iunguntur?
1063 1767 1155 1810 1143.
1187 1771 1348 1810 Dicitur
1371 1769 1560 1822 quidam,
1583 1783 1675 1810 cum
1699 1770 1739 1808 in
1761 1769 1919 1808 somnis
1935 1776 1971 1804 25

154 1832 374 1886 complexu
397 1833 574 1872 Venerio
598 1832 861 1884 iungeretur,
884 1833 1066 1873 calculos
1089 1833 1278 1872 eiecisse.
1321 1832 1450 1871 Video
1472 1832 1766 1887 sympathiam3
1789 1831 1921 1871 visum

155 1901 216 1935 est
247 1895 355 1934 enim
388 1895 469 1934 tale
502 1894 711 1934 obiectum
745 1894 986 1942 dormienti,
1020 1901 1065 1936 ut
1096 1895 1157 1942 id,
1191 1895 1302 1949 quod
1335 1896 1496 1942 evenit,
1528 1903 1699 1934 naturae
1732 1894 1805 1941 vis,
1837 1907 1922 1933 non

154 1957 293 2010 opinio
326 1957 474 1996 erroris
507 1957 704 1996 effecerit.
767 1957 883 2005 Quae
915 1959 1042 2011 igitur
1072 1964 1220 1998 natura
1250 1958 1399 1998 obtulit
1429 1958 1541 1997 illam
1574 1957 1755 2009 speciem
1788 1956 1923 1995 Simo-

154 2021 253 2068 nidi,
285 2033 307 2060 a
340 2034 420 2074 qua
453 2026 663 2060 vetaretur
694 2022 917 2073 navigare?
951 2026 1021 2060 aut
1053 2020 1154 2074 quid
1186 2026 1358 2060 naturae
1389 2020 1629 2072 copulatum
1653 2018 1923 2058 habuitAlci·

154 2082 288 2123 biadis
329 2084 442 2136 quod
485 2083 679 2123 scribitur
717 2083 960 2122 somnium?
1002 2082 1072 2135 qui
1105 2082 1230 2135 paulo
1260 2088 1356 2122 ante
1398 2082 1611 2122 interitum
1644 2080 1756 2120 visus
1787 2086 1850 2120 est
1881 2081 1922 2119 in
1936 2086 1972 2115 30

155 2145 310 2184 somnis
342 2146 499 2185 amicae
531 2158 623 2185 esse
655 2146 827 2185 amictus
859 2144 1067 2192 amiculo;
1110 2145 1145 2184 is
1178 2158 1272 2184 cum
1304 2150 1413 2185 esset
1445 2144 1652 2198 proiectus
1683 2143 1922 2182 inhumatus

155 2206 205 2246 ab
245 2207 525 2261 omnibusque
571 2208 760 2247 desertus
802 2208 977 2255 iaceret,
1023 2208 1153 2248 amica
1195 2221 1346 2260 corpus
1389 2207 1479 2247 eius
1525 2207 1629 2246 texit
1668 2220 1741 2246 suo
1782 2206 1921 2259 pallio.

154 2268 262 2321 Ergo
294 2269 374 2308 hoc
407 2269 544 2310 inerat
574 2270 614 2309 in
648 2270 771 2310 rebus
802 2270 953 2310 futuris
985 2276 1025 2310 et
1057 2283 1202 2310 causas
1234 2269 1435 2309 naturalis
1466 2269 1678 2308 habebat?
1725 2281 1775 2308 an
1808 2274 1849 2307 et
1878 2273 1925 2307 ut

155 2331 363 2372 videretur
395 2338 434 2372 et
464 2338 509 2372 ut
540 2332 727 2372 eveniret
758 2345 878 2372 casus
910 2332 1081 2372 effecit?

268 2394 394 2434 LXX.
444 2391 537 2433 144.
583 2394 727 2442 Quid‘l
774 2395 959 2448 ipsorum
998 2396 1272 2448 interpretum
1311 2394 1580 2433 coniecturae
1620 2405 1761 2432 nonne
1792 2391 1974 2444 magis35

157 2456 324 2508 ingenia
365 2457 577 2497 declarant
615 2471 760 2497 eorum
800 2471 923 2510 quam
956 2457 1037 2496 vim
1070 2470 1406 2508 consensumque
1438 2457 1644 2494 naturae?
1693 2453 1843 2493 Cursor
1872 2452 1923 2492 ad

159 2516 350 2572 Olympia
380 2516 588 2571 proficisci
620 2520 807 2572 cogitans
839 2520 953 2559 visus
985 2525 1049 2559 est
1079 2520 1121 2558 in
1152 2519 1308 2558 somnis
1341 2531 1464 2557 curru
1487 2517 1782 2570 quadrigarum
1805 2514 1924 2562 vehi3

245 2696 274 2727 4.
300 2697 343 2727 ad
368 2697 405 2727 B¹
432 2714 467 2718 —
504 2697 535 2727 2.
562 2705 640 2736 equs
663 2699 704 2728 Αἱ
739 2714 773 2719 -
813 2697 843 2729 3.
870 2698 1067 2737 apparuerit
1091 2698 1113 2728 B
1151 2715 1193 2719 —
1229 2705 1331 2727 anum
1354 2703 1444 2726 corr.
1473 2703 1515 2726 ex
1538 2703 1675 2725 manum
1699 2695 1733 2725 in
1756 2695 1780 2725 B
1820 2711 1854 2716 —
1893 2695 1923 2725 5.

157 2748 260 2784 potest
283 2754 348 2777 esse
371 2745 508 2786 Erlang.
537 2764 572 2769 -
608 2748 639 2778 6.
666 2750 779 2778 ulrum
802 2751 846 2778 est
871 2747 986 2778 Klotz:
1020 2750 1134 2777 utrum
1157 2748 1197 2777 sit
1223 2746 1284 2778 CO
1319 2763 1348 2768 -
1385 2754 1451 2775 non
1474 2752 1539 2775 esse
1563 2744 1586 2774 C
1621 2760 1656 2766 —
1691 2743 1722 2774 7.
1749 2744 1828 2783 post
1852 2743 1927 2782 qai-

159 2794 229 2825 dem
251 2804 318 2827 una
343 2794 405 2827 litt.
426 2804 526 2827 erasa
551 2797 583 2827 in
602 2797 625 2827 B
646 2814 689 2819 —
721 2797 751 2828 8.
779 2805 834 2828 ore
859 2806 899 2828 ex
924 2805 1015 2828 more
1040 2805 1130 2827 corr.
1151 2797 1182 2826 in
1202 2796 1224 2827 B
1255 2812 1287 2817 —
1321 2795 1477 2833 loquutus
1501 2794 1543 2829 Β,
1577 2793 1703 2824 locutus
1726 2794 1772 2823 est
1795 2793 1927 2823 eicien—

160 2842 243 2874 dum
268 2853 346 2876 esse
371 2845 539 2876 censebat
561 2846 714 2877 Jortinus
750 2863 782 2868 —
817 2846 869 2877 40.
897 2846 973 2877 sort.
1000 2849 1125 2877 cereum
1149 2848 1233 2882 lum,
1261 2852 1319 2875 'nec
1346 2861 1379 2865 —
1415 2843 1497 2873 alios
1522 2840 1561 2871 V¹
1588 2859 1622 2864 —
1656 2842 1709 2872 Μ.
1736 2843 1928 2873 marianum

160 2892 197 2930 B,
222 2894 285 2925 sed
309 2903 410 2925 anmn
434 2896 467 2927 in
491 2904 561 2927 ras.
590 2913 625 2917 —
651 2896 890 2935 messminerim
914 2899 938 2927 Α
969 2913 1002 2917 -
1031 2896 1082 2926 ΛΞ.
1109 2896 1185 2934 loya
1211 2895 1234 2925 B
1262 2911 1295 2915 —
1324 2892 1375 2924 43.
1395 2891 1651 2923 intermisionem
1675 2894 1699 2922 A
1729 2909 1763 2914 —
1793 2893 1845 2922 45.
1864 2901 1928 2922 un-

161 2950 261 2981 quam
283 2946 328 2981 Α,
365 2953 507 2984 usquam
536 2945 618 2976 edd.
645 2948 725 2976 ante
758 2946 937 2977 Davisium
973 2962 1006 2967 -—
1043 2946 1094 2976 46.
1123 2948 1182 2975 auc
1203 2945 1273 2984 fero
1296 2942 1337 2974 Α1
1364 2958 1396 2964 -
1433 2942 1483 2973 48.
1511 2945 1545 2972 al
1569 2942 1655 2972 enim
1685 2940 1925 2980 Hottingeru53

162 2991 262 3023 codd.
290 2993 499 3033 scripturam
524 2994 681 3026 defendit
705 2995 896 3034 Madvigius
921 2995 965 3026 ad
991 2996 1060 3026 Cic.
1089 2994 1133 3026 de
1159 2994 1242 3024 sinn.
1269 3002 1302 3033 p.
1322 2992 1340 3023 8
1376 3009 1410 3013 -
1446 2991 1498 3022 49.
1523 2990 1734 3029 sympathian
1759 2991 1782 3021 C
1811 3006 1842 3013 -
1874 2990 1927 3021 Ἡ.

163 3042 366 3073 aduenientes
383 3044 406 3074 C
436 3062 469 3066 --
496 3045 672 3075 nonnullas
695 3046 772 3076 AB.
800 3045 864 3076 sed
887 3054 925 3075 as
948 3046 981 3076 in
1005 3053 1074 3076 ras.
1102 3045 1135 3075 in
1160 3044 1203 3074 B:
1230 3041 1407 3072 nonnullae
1431 3040 1458 3069 V
1485 3057 1519 3062 —
1546 3040 1598 3071 22.
1617 3039 1813 3070 ualitudinis
1836 3037 1874 3070 B2
1892 3055 1927 3061 ‹-

163 3093 199 3120 αι
221 3091 278 3121 hoc
300 3092 404 3130 ipsum
428 3092 482 3124 bis
506 3095 675 3134 scriptum
701 3103 732 3124 m
752 3094 775 3124 B
805 3112 834 3116 —
865 3096 944 3134 post
965 3094 1053 3133 pleni
1077 3101 1144 3124 una
1169 3091 1230 3123 litt.
1259 3099 1356 3122 erasa
1383 3091 1416 3120 in
1441 3090 1465 3120 B
1495 3106 1528 3111 -
1555 3090 1697 3120 enectine
1721 3087 1927 3120 Lambinus:

165 3141 306 3171 enecliue
329 3141 353 3171 C
382 3158 416 3163 —
450 3142 502 3173 23.
530 3151 572 3174 ex
596 3143 739 3182 quodam
761 3142 889 3182 genere]
916 3143 996 3174 inde
1022 3143 1066 3175 ab
1092 3144 1144 3174 his
1170 3141 1287 3173 verbis
1313 3148 1425 3180 usque
1451 3138 1494 3170 ad
1520 3138 1619 3179 §448
1643 3142 1742 3176 atque
1765 3138 1931 3168 hominum

165 3185 286 3219 lacuna
312 3189 344 3220 iu
369 3190 396 3219 V
420 3193 485 3223 est.
516 3209 550 3214 -
577 3192 629 3224 24.
657 3200 723 3230 qua
749 3193 901 3223 Marsus:
936 3201 1021 3232 quae
1045 3194 1069 3224 C
1099 3210 1131 3214 —
1166 3193 1217 3222 25.
1243 3192 1405 3230 iuyuntur
1427 3191 1454 3220 A
1480 3206 1514 3210 —
1546 3189 1598 3219 26.
1625 3190 1815 3227 sympalian
1838 3188 1864 3217 Α
1893 3203 1927 3208 -

167 3237 220 3268 28.
246 3240 303 3278 qui
325 3243 466 3272 naturae
489 3242 527 3272 Βι
546 3258 581 3264 —-
608 3242 660 3274 30.
686 3243 825 3273 somium
849 3242 873 3273 B
897 3258 931 3264 -
960 3242 1012 3274 34.
1031 3243 1143 3282 hisque
1167 3249 1241 3272 cum
1265 3240 1288 3271 B
1311 3256 1345 3262 -—
1372 3239 1424 3270 33.
1443 3238 1616 3270 naturales
1632 3238 1657 3269 O
1674 3254 1717 3260 —-
1740 3245 1784 3268 an
1808 3239 1837 3268 et
1858 3236 1929 3267 uid.

170 3287 209 3317 Α*
226 3302 259 3308 -
287 3286 340 3320 34.
363 3290 490 3321 ueniret
511 3288 563 3322 A².
