<?xml version="1.0" encoding="UTF-8"?>
<!DOCTYPE html PUBLIC "-//W3C//DTD XHTML 1.0 Transitional//EN"
    "http://www.w3.org/TR/xhtml1/DTD/xhtml1-transitional.dtd">
<html xmlns="http://www.w3.org/1999/xhtml" xml:lang="en" lang="en">
 <head>
  <title>
</title>
<meta http-equiv="Content-Type" content="text/html;charset=utf-8" />
  <meta name='ocr-system' content='tesseract 3.04.00' />
  <meta name='ocr-capabilities' content='ocr_page ocr_carea ocr_par ocr_line ocrx_word'/>
</head>
<body>
  <div class='ocr_page' id='page_1' title='image "./operaquaesupersu04ciceuoft_0347.png"; bbox 0 0 2249 3624; ppageno 0'>
   <div class='ocr_carea' id='block_1_1' title="bbox 655 144 1944 200">
    <p class='ocr_par' dir='ltr' id='par_1_1' title="bbox 655 144 1944 200">
     <span class='ocr_line' id='line_1_1' title="bbox 655 144 1944 200; baseline -0.001 -14"><span class='ocrx_word' id='word_1_1' title='bbox 655 146 741 186; x_wconf 80' lang='lat' dir='ltr'>Lm.</span> <span class='ocrx_word' id='word_1_2' title='bbox 775 146 843 186; x_wconf 87' lang='lat' dir='ltr'>IV.</span> <span class='ocrx_word' id='word_1_3' title='bbox 883 146 977 186; x_wconf 72' lang='lat' dir='ltr'>CAr.</span> <span class='ocrx_word' id='word_1_4' title='bbox 1011 146 1186 186; x_wconf 87' lang='lat' dir='ltr'>II—IV.</span> <span class='ocrx_word' id='word_1_5' title='bbox 1223 145 1282 200; x_wconf 81' lang='lat'>§§</span> <span class='ocrx_word' id='word_1_6' title='bbox 1313 144 1449 187; x_wconf 79' lang='lat'>4—7.</span> <span class='ocrx_word' id='word_1_7' title='bbox 1863 144 1944 186; x_wconf 77' lang='lat'>305</span> 
     </span>
    </p>
   </div>
   <div class='ocr_carea' id='block_1_2' title="bbox 177 250 2004 1244">
    <p class='ocr_par' dir='ltr' id='par_1_2' title="bbox 177 250 2003 1118">
     <span class='ocr_line' id='line_1_2' title="bbox 183 250 1946 307; baseline -0.003 -11"><span class='ocrx_word' id='word_1_8' title='bbox 183 253 309 296; x_wconf 90' lang='lat' dir='ltr'>secuti</span> <span class='ocrx_word' id='word_1_9' title='bbox 341 257 449 293; x_wconf 89' lang='lat' dir='ltr'>sunt.</span> <span class='ocrx_word' id='word_1_10' title='bbox 495 250 533 290; x_wconf 81' lang='grc'>6.</span> <span class='ocrx_word' id='word_1_11' title='bbox 566 251 710 304; x_wconf 90' lang='lat' dir='ltr'>Itaque</span> <span class='ocrx_word' id='word_1_12' title='bbox 743 252 856 292; x_wconf 89' lang='lat' dir='ltr'>illius</span> <span class='ocrx_word' id='word_1_13' title='bbox 889 265 1010 293; x_wconf 87' lang='lat' dir='ltr'>verae</span> <span class='ocrx_word' id='word_1_14' title='bbox 1041 253 1327 307; x_wconf 83' lang='lat' dir='ltr'>elegantisque</span> <span class='ocrx_word' id='word_1_15' title='bbox 1350 252 1665 307; x_wconf 83' lang='lat' dir='ltr'>philosophiae,</span> <span class='ocrx_word' id='word_1_16' title='bbox 1697 265 1804 306; x_wconf 90' lang='lat' dir='ltr'>quae</span> <span class='ocrx_word' id='word_1_17' title='bbox 1825 252 1946 292; x_wconf 90' lang='lat' dir='ltr'>ducta</span> 
     </span>
     <span class='ocr_line' id='line_1_3' title="bbox 183 314 1946 368; baseline -0.002 -11"><span class='ocrx_word' id='word_1_18' title='bbox 183 330 205 357; x_wconf 88' lang='lat' dir='ltr'>a</span> <span class='ocrx_word' id='word_1_19' title='bbox 238 316 404 356; x_wconf 89' lang='lat' dir='ltr'>Socrate</span> <span class='ocrx_word' id='word_1_20' title='bbox 435 314 476 353; x_wconf 92' lang='lat' dir='ltr'>in</span> <span class='ocrx_word' id='word_1_21' title='bbox 509 314 795 367; x_wconf 79' lang='lat' dir='ltr'>Peripateticis</span> <span class='ocrx_word' id='word_1_22' title='bbox 828 315 963 355; x_wconf 92' lang='lat' dir='ltr'>adhuc</span> <span class='ocrx_word' id='word_1_23' title='bbox 996 316 1225 368; x_wconf 84' lang='lat' dir='ltr'>permansit</span> <span class='ocrx_word' id='word_1_24' title='bbox 1256 321 1294 355; x_wconf 88' lang='lat' dir='ltr'>ct</span> <span class='ocrx_word' id='word_1_25' title='bbox 1326 314 1436 356; x_wconf 91' lang='lat' dir='ltr'>idem</span> <span class='ocrx_word' id='word_1_26' title='bbox 1462 314 1543 354; x_wconf 89' lang='lat' dir='ltr'>alio</span> <span class='ocrx_word' id='word_1_27' title='bbox 1568 314 1691 355; x_wconf 88' lang='lat' dir='ltr'>modo</span> <span class='ocrx_word' id='word_1_28' title='bbox 1714 314 1946 355; x_wconf 81' lang='lat' dir='ltr'>dicentibus</span> 
     </span>
     <span class='ocr_line' id='line_1_4' title="bbox 183 375 1947 431; baseline -0.001 -14"><span class='ocrx_word' id='word_1_29' title='bbox 183 378 352 424; x_wconf 87' lang='lat' dir='ltr'>Stoicis,</span> <span class='ocrx_word' id='word_1_30' title='bbox 383 390 475 417; x_wconf 91' lang='lat' dir='ltr'>cum</span> <span class='ocrx_word' id='word_1_31' title='bbox 507 375 745 416; x_wconf 85' lang='lat' dir='ltr'>Academici</span> <span class='ocrx_word' id='word_1_32' title='bbox 777 390 918 417; x_wconf 85' lang='lat' dir='ltr'>corum</span> <span class='ocrx_word' id='word_1_33' title='bbox 951 379 1254 418; x_wconf 85' lang='lat' dir='ltr'>controversias</span> <span class='ocrx_word' id='word_1_34' title='bbox 1277 378 1577 431; x_wconf 79' lang='lat' dir='ltr'>disceptarent,</span> <span class='ocrx_word' id='word_1_35' title='bbox 1609 377 1723 417; x_wconf 87' lang='lat' dir='ltr'>nulla</span> <span class='ocrx_word' id='word_1_36' title='bbox 1745 377 1831 418; x_wconf 84' lang='lat' dir='ltr'>sere</span> <span class='ocrx_word' id='word_1_37' title='bbox 1854 381 1947 417; x_wconf 88' lang='lat' dir='ltr'>sunt</span> 
     </span>
     <span class='ocr_line' id='line_1_5' title="bbox 183 438 1949 494; baseline -0.002 -14"><span class='ocrx_word' id='word_1_38' title='bbox 183 445 252 480; x_wconf 90' lang='lat' dir='ltr'>aut</span> <span class='ocrx_word' id='word_1_39' title='bbox 283 452 414 493; x_wconf 90' lang='lat' dir='ltr'>pauca</span> <span class='ocrx_word' id='word_1_40' title='bbox 445 438 670 479; x_wconf 83' lang='lat' dir='ltr'>admodum</span> <span class='ocrx_word' id='word_1_41' title='bbox 703 439 846 479; x_wconf 88' lang='lat' dir='ltr'>Latina</span> <span class='ocrx_word' id='word_1_42' title='bbox 870 447 1138 480; x_wconf 87' lang='lat' dir='ltr'>monumenta</span> <span class='ocrx_word' id='word_1_43' title='bbox 1160 442 1247 480; x_wconf 85' lang='lat' dir='ltr'>sive</span> <span class='ocrx_word' id='word_1_44' title='bbox 1269 446 1439 494; x_wconf 88' lang='lat' dir='ltr'>propter</span> <span class='ocrx_word' id='word_1_45' title='bbox 1459 439 1787 494; x_wconf 81' lang='lat' dir='ltr'>magnitudinem</span> <span class='ocrx_word' id='word_1_46' title='bbox 1810 451 1949 478; x_wconf 90' lang='lat' dir='ltr'>rerum</span> 
     </span>
     <span class='ocr_line' id='line_1_6' title="bbox 183 501 1981 556; baseline -0.002 -14"><span class='ocrx_word' id='word_1_47' title='bbox 183 502 584 555; x_wconf 88' lang='lat' dir='ltr'>occupationemque</span> <span class='ocrx_word' id='word_1_48' title='bbox 615 501 853 549; x_wconf 89' lang='lat' dir='ltr'>hominnm,</span> <span class='ocrx_word' id='word_1_49' title='bbox 895 502 981 542; x_wconf 83' lang='lat' dir='ltr'>sive</span> <span class='ocrx_word' id='word_1_50' title='bbox 1014 504 1135 542; x_wconf 85' lang='lat' dir='ltr'>etiam</span> <span class='ocrx_word' id='word_1_51' title='bbox 1168 504 1280 556; x_wconf 91' lang='lat' dir='ltr'>quod</span> <span class='ocrx_word' id='word_1_52' title='bbox 1314 503 1517 556; x_wconf 84' lang='lat' dir='ltr'>imperitis</span> <span class='ocrx_word' id='word_1_53' title='bbox 1549 515 1596 542; x_wconf 91' lang='lat' dir='ltr'>ea</span> <span class='ocrx_word' id='word_1_54' title='bbox 1628 502 1795 556; x_wconf 89' lang='lat' dir='ltr'>probari</span> <span class='ocrx_word' id='word_1_55' title='bbox 1829 507 1981 554; x_wconf 68' lang='lat' dir='ltr'>posse-5</span> 
     </span>
     <span class='ocr_line' id='line_1_7' title="bbox 182 563 1950 608; baseline -0.001 -5"><span class='ocrx_word' id='word_1_56' title='bbox 182 577 265 603; x_wconf 92' lang='lat' dir='ltr'>non</span> <span class='ocrx_word' id='word_1_57' title='bbox 296 563 631 604; x_wconf 83' lang='lat' dir='ltr'>arbitrabantur:</span> <span class='ocrx_word' id='word_1_58' title='bbox 666 577 758 604; x_wconf 90' lang='lat' dir='ltr'>cnm</span> <span class='ocrx_word' id='word_1_59' title='bbox 782 565 947 604; x_wconf 90' lang='lat' dir='ltr'>interim</span> <span class='ocrx_word' id='word_1_60' title='bbox 972 564 1052 603; x_wconf 90' lang='lat' dir='ltr'>illis</span> <span class='ocrx_word' id='word_1_61' title='bbox 1075 566 1292 605; x_wconf 82' lang='lat' dir='ltr'>silentibus</span> <span class='ocrx_word' id='word_1_62' title='bbox 1320 564 1362 604; x_wconf 85' lang='lat' dir='ltr'>C.</span> <span class='ocrx_word' id='word_1_63' title='bbox 1385 565 1615 605; x_wconf 81' lang='lat' dir='ltr'>Amafinius</span> <span class='ocrx_word' id='word_1_64' title='bbox 1638 565 1773 604; x_wconf 82' lang='lat' dir='ltr'>extitit</span> <span class='ocrx_word' id='word_1_65' title='bbox 1793 563 1950 608; x_wconf 87' lang='lat' dir='ltr'>dicens,</span> 
     </span>
     <span class='ocr_line' id='line_1_8' title="bbox 183 625 1949 680; baseline -0.002 -14"><span class='ocrx_word' id='word_1_66' title='bbox 183 626 300 666; x_wconf 90' lang='lat' dir='ltr'>cuius</span> <span class='ocrx_word' id='word_1_67' title='bbox 341 625 457 666; x_wconf 89' lang='lat' dir='ltr'>libris</span> <span class='ocrx_word' id='word_1_68' title='bbox 499 626 621 667; x_wconf 85' lang='lat' dir='ltr'>editis</span> <span class='ocrx_word' id='word_1_69' title='bbox 665 632 869 667; x_wconf 86' lang='lat' dir='ltr'>commota</span> <span class='ocrx_word' id='word_1_70' title='bbox 912 627 1136 667; x_wconf 90' lang='lat' dir='ltr'>multitudo</span> <span class='ocrx_word' id='word_1_71' title='bbox 1176 628 1350 667; x_wconf 89' lang='lat' dir='ltr'>contulit</span> <span class='ocrx_word' id='word_1_72' title='bbox 1393 642 1436 667; x_wconf 86' lang='lat' dir='ltr'>so</span> <span class='ocrx_word' id='word_1_73' title='bbox 1478 627 1527 666; x_wconf 88' lang='lat' dir='ltr'>ad</span> <span class='ocrx_word' id='word_1_74' title='bbox 1560 640 1649 667; x_wconf 87' lang='lat' dir='ltr'>eam</span> <span class='ocrx_word' id='word_1_75' title='bbox 1690 626 1949 680; x_wconf 89' lang='lat' dir='ltr'>potissimum</span> 
     </span>
     <span class='ocr_line' id='line_1_9' title="bbox 181 686 1952 744; baseline -0.001 -16"><span class='ocrx_word' id='word_1_76' title='bbox 181 686 467 742; x_wconf 87' lang='lat' dir='ltr'>disciplinam,</span> <span class='ocrx_word' id='word_1_77' title='bbox 509 690 596 729; x_wconf 90' lang='lat' dir='ltr'>sive</span> <span class='ocrx_word' id='word_1_78' title='bbox 637 688 750 742; x_wconf 92' lang='lat' dir='ltr'>quod</span> <span class='ocrx_word' id='word_1_79' title='bbox 793 693 880 728; x_wconf 84' lang='lat' dir='ltr'>crat</span> <span class='ocrx_word' id='word_1_80' title='bbox 919 690 1086 741; x_wconf 86' lang='lat' dir='ltr'>cognitu</span> <span class='ocrx_word' id='word_1_81' title='bbox 1127 688 1359 742; x_wconf 76' lang='lat' dir='ltr'>perfacilis,</span> <span class='ocrx_word' id='word_1_82' title='bbox 1400 690 1487 730; x_wconf 91' lang='lat' dir='ltr'>sive</span> <span class='ocrx_word' id='word_1_83' title='bbox 1521 689 1633 744; x_wconf 90' lang='lat' dir='ltr'>quod</span> <span class='ocrx_word' id='word_1_84' title='bbox 1666 688 1952 729; x_wconf 87' lang='lat' dir='ltr'>invitabantur</span> 
     </span>
     <span class='ocr_line' id='line_1_10' title="bbox 179 750 1953 805; baseline -0.001 -15"><span class='ocrx_word' id='word_1_85' title='bbox 179 751 398 791; x_wconf 87' lang='lat' dir='ltr'>inlecebris</span> <span class='ocrx_word' id='word_1_86' title='bbox 430 751 593 791; x_wconf 84' lang='lat' dir='ltr'>blandis</span> <span class='ocrx_word' id='word_1_87' title='bbox 616 750 851 804; x_wconf 88' lang='lat' dir='ltr'>voluptatis,</span> <span class='ocrx_word' id='word_1_88' title='bbox 884 751 971 791; x_wconf 91' lang='lat' dir='ltr'>sive</span> <span class='ocrx_word' id='word_1_89' title='bbox 1003 752 1145 799; x_wconf 89' lang='lat' dir='ltr'>etiam,</span> <span class='ocrx_word' id='word_1_90' title='bbox 1178 752 1275 805; x_wconf 88' lang='lat' dir='ltr'>qnia</span> <span class='ocrx_word' id='word_1_91' title='bbox 1308 751 1408 791; x_wconf 89' lang='lat' dir='ltr'>nihil</span> <span class='ocrx_word' id='word_1_92' title='bbox 1439 758 1526 791; x_wconf 82' lang='lat' dir='ltr'>erat</span> <span class='ocrx_word' id='word_1_93' title='bbox 1556 751 1760 805; x_wconf 88' lang='lat' dir='ltr'>prolatum</span> <span class='ocrx_word' id='word_1_94' title='bbox 1789 750 1953 796; x_wconf 88' lang='lat' dir='ltr'>melius,</span> 
     </span>
     <span class='ocr_line' id='line_1_11' title="bbox 178 811 2003 868; baseline -0.003 -14"><span class='ocrx_word' id='word_1_95' title='bbox 178 813 302 861; x_wconf 90' lang='lat' dir='ltr'>illud,</span> <span class='ocrx_word' id='word_1_96' title='bbox 343 814 456 868; x_wconf 91' lang='lat' dir='ltr'>quod</span> <span class='ocrx_word' id='word_1_97' title='bbox 497 819 606 861; x_wconf 86' lang='lat' dir='ltr'>erat,</span> <span class='ocrx_word' id='word_1_98' title='bbox 654 813 866 854; x_wconf 88' lang='lat' dir='ltr'>tenebant.</span> <span class='ocrx_word' id='word_1_99' title='bbox 925 812 963 853; x_wconf 89' lang='lat'>7.</span> <span class='ocrx_word' id='word_1_100' title='bbox 996 814 1093 853; x_wconf 90' lang='lat' dir='ltr'>Post</span> <span class='ocrx_word' id='word_1_101' title='bbox 1134 812 1383 853; x_wconf 78' lang='lat' dir='ltr'>Amafinium</span> <span class='ocrx_word' id='word_1_102' title='bbox 1426 819 1562 854; x_wconf 91' lang='lat' dir='ltr'>autem</span> <span class='ocrx_word' id='word_1_103' title='bbox 1605 814 1722 854; x_wconf 88' lang='lat' dir='ltr'>multi</span> <span class='ocrx_word' id='word_1_104' title='bbox 1764 811 1951 854; x_wconf 89' lang='lat' dir='ltr'>eiusdem</span> <span class='ocrx_word' id='word_1_105' title='bbox 1967 820 2003 848; x_wconf 89' lang='lat'>10</span> 
     </span>
     <span class='ocr_line' id='line_1_12' title="bbox 179 873 1953 930; baseline -0.001 -14"><span class='ocrx_word' id='word_1_106' title='bbox 179 876 331 916; x_wconf 91' lang='lat' dir='ltr'>aemuli</span> <span class='ocrx_word' id='word_1_107' title='bbox 359 877 528 917; x_wconf 90' lang='lat' dir='ltr'>rationis</span> <span class='ocrx_word' id='word_1_108' title='bbox 551 875 679 916; x_wconf 87' lang='lat' dir='ltr'>multa</span> <span class='ocrx_word' id='word_1_109' title='bbox 703 888 796 915; x_wconf 88' lang='lat' dir='ltr'>cum</span> <span class='ocrx_word' id='word_1_110' title='bbox 819 876 1103 929; x_wconf 83' lang='lat' dir='ltr'>scripsissent,</span> <span class='ocrx_word' id='word_1_111' title='bbox 1135 877 1293 916; x_wconf 87' lang='lat' dir='ltr'>Italiam</span> <span class='ocrx_word' id='word_1_112' title='bbox 1322 881 1449 916; x_wconf 92' lang='lat' dir='ltr'>totam</span> <span class='ocrx_word' id='word_1_113' title='bbox 1473 882 1798 930; x_wconf 88' lang='lat' dir='ltr'>occupaverunt,</span> <span class='ocrx_word' id='word_1_114' title='bbox 1820 873 1953 928; x_wconf 90' lang='lat' dir='ltr'>quod-</span> 
     </span>
     <span class='ocr_line' id='line_1_13' title="bbox 179 938 1951 993; baseline -0.002 -15"><span class='ocrx_word' id='word_1_115' title='bbox 179 951 259 992; x_wconf 92' lang='lat' dir='ltr'>que</span> <span class='ocrx_word' id='word_1_116' title='bbox 306 951 547 980; x_wconf 87' lang='lat' dir='ltr'>maxumum</span> <span class='ocrx_word' id='word_1_117' title='bbox 593 942 883 992; x_wconf 85' lang='lat' dir='ltr'>argumentum</span> <span class='ocrx_word' id='word_1_118' title='bbox 922 944 985 978; x_wconf 91' lang='lat' dir='ltr'>est</span> <span class='ocrx_word' id='word_1_119' title='bbox 1025 951 1109 978; x_wconf 92' lang='lat' dir='ltr'>non</span> <span class='ocrx_word' id='word_1_120' title='bbox 1151 939 1231 979; x_wconf 90' lang='lat' dir='ltr'>dici</span> <span class='ocrx_word' id='word_1_121' title='bbox 1272 938 1341 978; x_wconf 91' lang='lat' dir='ltr'>illa</span> <span class='ocrx_word' id='word_1_122' title='bbox 1382 938 1607 986; x_wconf 82' lang='lat' dir='ltr'>subtiliter,</span> <span class='ocrx_word' id='word_1_123' title='bbox 1653 939 1765 993; x_wconf 91' lang='lat' dir='ltr'>qnod</span> <span class='ocrx_word' id='word_1_124' title='bbox 1799 944 1840 978; x_wconf 93' lang='lat' dir='ltr'>et</span> <span class='ocrx_word' id='word_1_125' title='bbox 1870 942 1951 977; x_wconf 91' lang='lat' dir='ltr'>tam</span> 
     </span>
     <span class='ocr_line' id='line_1_14' title="bbox 177 998 1954 1055; baseline -0.001 -15"><span class='ocrx_word' id='word_1_126' title='bbox 177 1000 298 1041; x_wconf 85' lang='lat' dir='ltr'>facile</span> <span class='ocrx_word' id='word_1_127' title='bbox 330 1000 570 1042; x_wconf 87' lang='lat' dir='ltr'>ediscantur</span> <span class='ocrx_word' id='word_1_128' title='bbox 600 1007 640 1042; x_wconf 92' lang='lat' dir='ltr'>et</span> <span class='ocrx_word' id='word_1_129' title='bbox 671 999 722 1041; x_wconf 89' lang='lat' dir='ltr'>ab</span> <span class='ocrx_word' id='word_1_130' title='bbox 755 1000 936 1042; x_wconf 87' lang='lat' dir='ltr'>indoctis</span> <span class='ocrx_word' id='word_1_131' title='bbox 967 999 1217 1055; x_wconf 88' lang='lat' dir='ltr'>probentur,</span> <span class='ocrx_word' id='word_1_132' title='bbox 1259 1000 1301 1041; x_wconf 93' lang='lat' dir='ltr'>id</span> <span class='ocrx_word' id='word_1_133' title='bbox 1332 1000 1392 1040; x_wconf 90' lang='lat' dir='ltr'>illi</span> <span class='ocrx_word' id='word_1_134' title='bbox 1425 998 1726 1041; x_wconf 82' lang='lat' dir='ltr'>firmamentum</span> <span class='ocrx_word' id='word_1_135' title='bbox 1757 1013 1848 1041; x_wconf 91' lang='lat' dir='ltr'>esse</span> <span class='ocrx_word' id='word_1_136' title='bbox 1871 999 1954 1038; x_wconf 90' lang='lat' dir='ltr'>dis·</span> 
     </span>
     <span class='ocr_line' id='line_1_15' title="bbox 180 1063 551 1118; baseline 0.003 -15"><span class='ocrx_word' id='word_1_137' title='bbox 180 1063 360 1118; x_wconf 90' lang='lat' dir='ltr'>ciplinae</span> <span class='ocrx_word' id='word_1_138' title='bbox 391 1069 551 1118; x_wconf 91' lang='lat' dir='ltr'>putant.</span> 
     </span>
    </p>

    <p class='ocr_par' dir='ltr' id='par_1_3' title="bbox 179 1125 2004 1244">
     <span class='ocr_line' id='line_1_16' title="bbox 291 1125 2004 1182; baseline -0.002 -16"><span class='ocrx_word' id='word_1_139' title='bbox 291 1127 357 1166; x_wconf 87' lang='lat' dir='ltr'>IV.</span> <span class='ocrx_word' id='word_1_140' title='bbox 401 1127 482 1167; x_wconf 91' lang='lat' dir='ltr'>Sed</span> <span class='ocrx_word' id='word_1_141' title='bbox 527 1126 723 1167; x_wconf 90' lang='lat' dir='ltr'>defendat</span> <span class='ocrx_word' id='word_1_142' title='bbox 764 1126 876 1180; x_wconf 91' lang='lat' dir='ltr'>quod</span> <span class='ocrx_word' id='word_1_143' title='bbox 917 1127 1097 1182; x_wconf 91' lang='lat' dir='ltr'>quisque</span> <span class='ocrx_word' id='word_1_144' title='bbox 1139 1126 1289 1174; x_wconf 81' lang='lat' dir='ltr'>sentit3</span> <span class='ocrx_word' id='word_1_145' title='bbox 1333 1131 1430 1166; x_wconf 90' lang='lat' dir='ltr'>sunt</span> <span class='ocrx_word' id='word_1_146' title='bbox 1468 1126 1578 1166; x_wconf 90' lang='lat' dir='ltr'>enim</span> <span class='ocrx_word' id='word_1_147' title='bbox 1617 1126 1767 1166; x_wconf 88' lang='lat' dir='ltr'>iudicia</span> <span class='ocrx_word' id='word_1_148' title='bbox 1798 1125 2004 1165; x_wconf 60' lang='lat' dir='ltr'>liberans·</span> 
     </span>
     <span class='ocr_line' id='line_1_17' title="bbox 179 1186 1952 1244; baseline -0.002 -15"><span class='ocrx_word' id='word_1_149' title='bbox 179 1202 254 1230; x_wconf 91' lang='lat' dir='ltr'>nos</span> <span class='ocrx_word' id='word_1_150' title='bbox 292 1189 528 1230; x_wconf 90' lang='lat' dir='ltr'>institutum</span> <span class='ocrx_word' id='word_1_151' title='bbox 569 1190 803 1230; x_wconf 90' lang='lat' dir='ltr'>tenebimus</span> <span class='ocrx_word' id='word_1_152' title='bbox 847 1189 1057 1244; x_wconf 91' lang='lat' dir='ltr'>nullisque</span> <span class='ocrx_word' id='word_1_153' title='bbox 1098 1190 1220 1230; x_wconf 90' lang='lat' dir='ltr'>unius</span> <span class='ocrx_word' id='word_1_154' title='bbox 1259 1188 1509 1242; x_wconf 87' lang='lat' dir='ltr'>disciplinae</span> <span class='ocrx_word' id='word_1_155' title='bbox 1550 1186 1713 1242; x_wconf 86' lang='lat' dir='ltr'>legibus</span> <span class='ocrx_word' id='word_1_156' title='bbox 1745 1186 1952 1233; x_wconf 89' lang='lat' dir='ltr'>adstricti,</span> 
     </span>
    </p>
   </div>
   <div class='ocr_carea' id='block_1_3' title="bbox 265 1366 1951 1409">
    <p class='ocr_par' dir='ltr' id='par_1_4' title="bbox 265 1366 1951 1409">
     <span class='ocr_line' id='line_1_18' title="bbox 265 1366 1951 1409; baseline -0.001 -10"><span class='ocrx_word' id='word_1_157' title='bbox 265 1367 294 1399; x_wconf 86' lang='lat'>3.</span> <span class='ocrx_word' id='word_1_158' title='bbox 321 1368 502 1407; x_wconf 84' lang='lat' dir='ltr'>disceptare</span> <span class='ocrx_word' id='word_1_159' title='bbox 533 1375 622 1398; x_wconf 84' lang='lat' dir='ltr'>corr.</span> <span class='ocrx_word' id='word_1_160' title='bbox 651 1367 683 1398; x_wconf 90' lang='lat' dir='ltr'>in</span> <span class='ocrx_word' id='word_1_161' title='bbox 715 1367 934 1406; x_wconf 77' lang='lat' dir='ltr'>disceptarent</span> <span class='ocrx_word' id='word_1_162' title='bbox 966 1368 988 1399; x_wconf 77' lang='lat' dir='ltr'>R</span> <span class='ocrx_word' id='word_1_163' title='bbox 1019 1385 1052 1390; x_wconf 88' lang='lat'><em>-</em></span> <span class='ocrx_word' id='word_1_164' title='bbox 1087 1367 1117 1400; x_wconf 73' lang='lat'>4.</span> <span class='ocrx_word' id='word_1_165' title='bbox 1144 1367 1214 1409; x_wconf 84' lang='lat' dir='ltr'>aut]</span> <span class='ocrx_word' id='word_1_166' title='bbox 1243 1377 1283 1399; x_wconf 88' lang='lat' dir='ltr'>ac</span> <span class='ocrx_word' id='word_1_167' title='bbox 1310 1368 1334 1399; x_wconf 92' lang='lat' dir='ltr'>C</span> <span class='ocrx_word' id='word_1_168' title='bbox 1363 1385 1397 1390; x_wconf 91' lang='lat'><strong>—</strong></span> <span class='ocrx_word' id='word_1_169' title='bbox 1425 1369 1456 1400; x_wconf 67' lang='lat'>5.</span> <span class='ocrx_word' id='word_1_170' title='bbox 1483 1367 1662 1408; x_wconf 84' lang='lat' dir='ltr'>hominum]</span> <span class='ocrx_word' id='word_1_171' title='bbox 1688 1368 1836 1398; x_wconf 83' lang='lat' dir='ltr'>omnium</span> <span class='ocrx_word' id='word_1_172' title='bbox 1860 1366 1884 1397; x_wconf 93' lang='lat' dir='ltr'>C</span> <span class='ocrx_word' id='word_1_173' title='bbox 1909 1384 1951 1388; x_wconf 88' lang='lat'>—</span> 
     </span>
    </p>
   </div>
   <div class='ocr_carea' id='block_1_4' title="bbox 176 1415 1952 1557">
    <p class='ocr_par' dir='ltr' id='par_1_5' title="bbox 176 1415 1952 1557">
     <span class='ocr_line' id='line_1_19' title="bbox 178 1415 1950 1458; baseline -0.001 -10"><span class='ocrx_word' id='word_1_174' title='bbox 178 1417 208 1448; x_wconf 91' lang='lat'>6.</span> <span class='ocrx_word' id='word_1_175' title='bbox 236 1417 403 1457; x_wconf 73' lang='lat' dir='ltr'>amifinius</span> <span class='ocrx_word' id='word_1_176' title='bbox 426 1418 460 1448; x_wconf 89' lang='lat' dir='ltr'>h.</span> <span class='ocrx_word' id='word_1_177' title='bbox 488 1416 508 1448; x_wconf 92' lang='lat' dir='ltr'>l.</span> <span class='ocrx_word' id='word_1_178' title='bbox 537 1417 618 1452; x_wconf 79' lang='lat' dir='ltr'>GR;</span> <span class='ocrx_word' id='word_1_179' title='bbox 654 1417 850 1456; x_wconf 80' lang='lat' dir='ltr'>Amafanius</span> <span class='ocrx_word' id='word_1_180' title='bbox 873 1418 910 1448; x_wconf 93' lang='grc' dir='ltr'>Ο.</span> <span class='ocrx_word' id='word_1_181' title='bbox 946 1417 1030 1448; x_wconf 84' lang='lat' dir='ltr'>Vide</span> <span class='ocrx_word' id='word_1_182' title='bbox 1056 1417 1099 1448; x_wconf 89' lang='lat' dir='ltr'>ad</span> <span class='ocrx_word' id='word_1_183' title='bbox 1124 1426 1158 1458; x_wconf 88' lang='lat' dir='ltr'>p.</span> <span class='ocrx_word' id='word_1_184' title='bbox 1177 1418 1231 1455; x_wconf 83' lang='lat'>57,</span> <span class='ocrx_word' id='word_1_185' title='bbox 1250 1418 1303 1449; x_wconf 73' lang='lat'>29.</span> <span class='ocrx_word' id='word_1_186' title='bbox 1332 1435 1367 1439; x_wconf 97' lang='lat'><strong>—</strong></span> <span class='ocrx_word' id='word_1_187' title='bbox 1404 1418 1498 1448; x_wconf 79' lang='lat' dir='ltr'>«Vox</span> <span class='ocrx_word' id='word_1_188' title='bbox 1523 1418 1633 1448; x_wconf 88' lang='lat' dir='ltr'>dicens</span> <span class='ocrx_word' id='word_1_189' title='bbox 1656 1416 1815 1448; x_wconf 81' lang='lat' dir='ltr'>fortassis</span> <span class='ocrx_word' id='word_1_190' title='bbox 1840 1415 1950 1448; x_wconf 87' lang='lat' dir='ltr'>aliena</span> 
     </span>
     <span class='ocr_line' id='line_1_20' title="bbox 177 1465 1949 1507; baseline -0.001 -9"><span class='ocrx_word' id='word_1_191' title='bbox 177 1469 231 1498; x_wconf 88' lang='lat' dir='ltr'>est</span> <span class='ocrx_word' id='word_1_192' title='bbox 255 1468 289 1498; x_wconf 91' lang='lat' dir='ltr'>et</span> <span class='ocrx_word' id='word_1_193' title='bbox 313 1466 394 1498; x_wconf 80' lang='lat' dir='ltr'>foris</span> <span class='ocrx_word' id='word_1_194' title='bbox 419 1466 610 1507; x_wconf 83' lang='lat' dir='ltr'>prosecta.»</span> <span class='ocrx_word' id='word_1_195' title='bbox 637 1475 747 1506; x_wconf 80' lang='lat' dir='ltr'>marg.</span> <span class='ocrx_word' id='word_1_196' title='bbox 775 1466 895 1498; x_wconf 71' lang='lat' dir='ltr'>Lami),</span> <span class='ocrx_word' id='word_1_197' title='bbox 925 1484 959 1489; x_wconf 85' lang='lat'>—</span> <span class='ocrx_word' id='word_1_198' title='bbox 994 1468 1025 1498; x_wconf 80' lang='lat'>7.</span> <span class='ocrx_word' id='word_1_199' title='bbox 1051 1476 1126 1499; x_wconf 89' lang='lat' dir='ltr'>eam</span> <span class='ocrx_word' id='word_1_200' title='bbox 1150 1467 1233 1498; x_wconf 90' lang='lat' dir='ltr'>GB:</span> <span class='ocrx_word' id='word_1_201' title='bbox 1265 1468 1379 1499; x_wconf 86' lang='lat' dir='ltr'>eadem</span> <span class='ocrx_word' id='word_1_202' title='bbox 1403 1468 1447 1504; x_wconf 73' lang='lat' dir='ltr'>R,</span> <span class='ocrx_word' id='word_1_203' title='bbox 1481 1468 1617 1498; x_wconf 84' lang='lat' dir='ltr'>eandem</span> <span class='ocrx_word' id='word_1_204' title='bbox 1642 1467 1686 1498; x_wconf 91' lang='grc' dir='ltr'>Ο.</span> <span class='ocrx_word' id='word_1_205' title='bbox 1723 1466 1773 1497; x_wconf 84' lang='lat' dir='ltr'>Cf.</span> <span class='ocrx_word' id='word_1_206' title='bbox 1800 1465 1827 1496; x_wconf 92' lang='lat' dir='ltr'><strong>V</strong></span> <span class='ocrx_word' id='word_1_207' title='bbox 1852 1466 1870 1506; x_wconf 62' lang='lat'>5</span> <span class='ocrx_word' id='word_1_208' title='bbox 1896 1466 1949 1497; x_wconf 78' lang='grc'>61.</span> 
     </span>
     <span class='ocr_line' id='line_1_21' title="bbox 176 1515 1952 1557; baseline -0.001 -10"><span class='ocrx_word' id='word_1_209' title='bbox 176 1518 206 1548; x_wconf 83' lang='grc'>8.</span> <span class='ocrx_word' id='word_1_210' title='bbox 233 1516 461 1548; x_wconf 77' lang='lat' dir='ltr'>invitabantur</span> <span class='ocrx_word' id='word_1_211' title='bbox 484 1515 648 1548; x_wconf 84' lang='lat' dir='ltr'>Woltius:</span> <span class='ocrx_word' id='word_1_212' title='bbox 676 1517 885 1549; x_wconf 80' lang='lat' dir='ltr'>inuitabatur</span> <span class='ocrx_word' id='word_1_213' title='bbox 909 1518 952 1553; x_wconf 86' lang='lat' dir='ltr'>C;</span> <span class='ocrx_word' id='word_1_214' title='bbox 980 1517 1145 1549; x_wconf 84' lang='lat' dir='ltr'>invitabat</span> <span class='ocrx_word' id='word_1_215' title='bbox 1170 1519 1204 1548; x_wconf 88' lang='lat' dir='ltr'>P.</span> <span class='ocrx_word' id='word_1_216' title='bbox 1225 1517 1398 1548; x_wconf 86' lang='lat' dir='ltr'>Victorius</span> <span class='ocrx_word' id='word_1_217' title='bbox 1424 1517 1465 1557; x_wconf 85' lang='lat' dir='ltr'>(V.</span> <span class='ocrx_word' id='word_1_218' title='bbox 1489 1517 1557 1548; x_wconf 89' lang='lat' dir='ltr'>Gel.</span> <span class='ocrx_word' id='word_1_219' title='bbox 1575 1517 1656 1548; x_wconf 76' lang='lat' dir='ltr'>Anz.</span> <span class='ocrx_word' id='word_1_220' title='bbox 1679 1517 1710 1547; x_wconf 89' lang='lat' dir='ltr'>d.</span> <span class='ocrx_word' id='word_1_221' title='bbox 1731 1515 1842 1554; x_wconf 77' lang='lat' dir='ltr'>bayer.</span> <span class='ocrx_word' id='word_1_222' title='bbox 1862 1515 1952 1546; x_wconf 85' lang='lat' dir='ltr'>Aka-</span> 
     </span>
    </p>
   </div>
   <div class='ocr_carea' id='block_1_5' title="bbox 167 1565 1952 3304">
    <p class='ocr_par' dir='ltr' id='par_1_6' title="bbox 167 1565 1952 3304">
     <span class='ocr_line' id='line_1_22' title="bbox 176 1565 1951 1608; baseline -0.001 -11"><span class='ocrx_word' id='word_1_223' title='bbox 176 1567 278 1598; x_wconf 88' lang='lat' dir='ltr'>demie</span> <span class='ocrx_word' id='word_1_224' title='bbox 307 1570 398 1598; x_wconf 69' lang='grc'><em>1846.</em></span> <span class='ocrx_word' id='word_1_225' title='bbox 426 1575 458 1608; x_wconf 88' lang='lat' dir='ltr'>p.</span> <span class='ocrx_word' id='word_1_226' title='bbox 479 1566 565 1605; x_wconf 63' lang='lat'>9⁶24).</span> <span class='ocrx_word' id='word_1_227' title='bbox 593 1566 642 1598; x_wconf 78' lang='lat' dir='ltr'>Cf.</span> <span class='ocrx_word' id='word_1_228' title='bbox 670 1566 713 1598; x_wconf 90' lang='lat' dir='ltr'>de</span> <span class='ocrx_word' id='word_1_229' title='bbox 739 1567 848 1599; x_wconf 89' lang='lat' dir='ltr'>Finib.</span> <span class='ocrx_word' id='word_1_230' title='bbox 876 1568 887 1598; x_wconf 95' lang='grc' dir='ltr'><strong>Ι</strong></span> <span class='ocrx_word' id='word_1_231' title='bbox 913 1567 931 1608; x_wconf 65' lang='lat' dir='ltr'>g</span> <span class='ocrx_word' id='word_1_232' title='bbox 956 1568 1009 1599; x_wconf 81' lang='lat'>⁶25.</span> <span class='ocrx_word' id='word_1_233' title='bbox 1037 1585 1072 1590; x_wconf 94' lang='lat'><em>—</em></span> <span class='ocrx_word' id='word_1_234' title='bbox 1100 1569 1131 1599; x_wconf 87' lang='grc'>9.</span> <span class='ocrx_word' id='word_1_235' title='bbox 1159 1568 1298 1599; x_wconf 82' lang='lat' dir='ltr'>blandae</span> <span class='ocrx_word' id='word_1_236' title='bbox 1323 1567 1364 1599; x_wconf 93' lang='lat' dir='ltr'>O.</span> <span class='ocrx_word' id='word_1_237' title='bbox 1401 1567 1476 1598; x_wconf 87' lang='lat' dir='ltr'>«Sic</span> <span class='ocrx_word' id='word_1_238' title='bbox 1503 1567 1534 1605; x_wconf 88' lang='lat' dir='ltr'>(i.</span> <span class='ocrx_word' id='word_1_239' title='bbox 1564 1576 1594 1598; x_wconf 88' lang='lat' dir='ltr'>e.</span> <span class='ocrx_word' id='word_1_240' title='bbox 1623 1565 1830 1604; x_wconf 86' lang='lat' dir='ltr'>inlecebris,</span> <span class='ocrx_word' id='word_1_241' title='bbox 1863 1574 1951 1606; x_wconf 89' lang='lat' dir='ltr'>quas</span> 
     </span>
     <span class='ocr_line' id='line_1_23' title="bbox 175 1615 1949 1657; baseline -0.001 -10"><span class='ocrx_word' id='word_1_242' title='bbox 175 1615 336 1657; x_wconf 85' lang='lat' dir='ltr'>voluptas</span> <span class='ocrx_word' id='word_1_243' title='bbox 371 1615 547 1648; x_wconf 83' lang='lat' dir='ltr'>blanditiis</span> <span class='ocrx_word' id='word_1_244' title='bbox 582 1617 652 1647; x_wconf 91' lang='lat' dir='ltr'>suis</span> <span class='ocrx_word' id='word_1_245' title='bbox 682 1616 842 1656; x_wconf 85' lang='lat' dir='ltr'>adhibet)</span> <span class='ocrx_word' id='word_1_246' title='bbox 878 1617 1055 1656; x_wconf 82' lang='lat' dir='ltr'>Ciceroni,</span> <span class='ocrx_word' id='word_1_247' title='bbox 1093 1618 1121 1649; x_wconf 89' lang='lat' dir='ltr'>si</span> <span class='ocrx_word' id='word_1_248' title='bbox 1154 1618 1352 1649; x_wconf 85' lang='lat' dir='ltr'>accuratius</span> <span class='ocrx_word' id='word_1_249' title='bbox 1384 1616 1617 1657; x_wconf 88' lang='lat' dir='ltr'>subtiliusque</span> <span class='ocrx_word' id='word_1_250' title='bbox 1651 1616 1808 1648; x_wconf 89' lang='lat' dir='ltr'>scribere</span> <span class='ocrx_word' id='word_1_251' title='bbox 1832 1615 1949 1654; x_wconf 87' lang='lat' dir='ltr'>vellet,</span> 
     </span>
     <span class='ocr_line' id='line_1_24' title="bbox 175 1665 1950 1708; baseline -0.001 -11"><span class='ocrx_word' id='word_1_252' title='bbox 175 1665 403 1698; x_wconf 85' lang='lat' dir='ltr'>scribendum</span> <span class='ocrx_word' id='word_1_253' title='bbox 429 1666 508 1702; x_wconf 72' lang='lat' dir='ltr'>suit3</span> <span class='ocrx_word' id='word_1_254' title='bbox 543 1675 624 1698; x_wconf 87' lang='lat' dir='ltr'>nam</span> <span class='ocrx_word' id='word_1_255' title='bbox 649 1665 808 1707; x_wconf 76' lang='lat' dir='ltr'>voluptas</span> <span class='ocrx_word' id='word_1_256' title='bbox 840 1667 1003 1700; x_wconf 85' lang='lat' dir='ltr'>sensibus</span> <span class='ocrx_word' id='word_1_257' title='bbox 1028 1668 1207 1699; x_wconf 82' lang='lat' dir='ltr'>blanditur</span> <span class='ocrx_word' id='word_1_258' title='bbox 1231 1677 1345 1708; x_wconf 85' lang='lat' dir='ltr'>eoque</span> <span class='ocrx_word' id='word_1_259' title='bbox 1372 1668 1532 1699; x_wconf 86' lang='lat' dir='ltr'>homines</span> <span class='ocrx_word' id='word_1_260' title='bbox 1558 1667 1601 1698; x_wconf 85' lang='lat' dir='ltr'>ad</span> <span class='ocrx_word' id='word_1_261' title='bbox 1626 1676 1664 1699; x_wconf 89' lang='lat' dir='ltr'>se</span> <span class='ocrx_word' id='word_1_262' title='bbox 1690 1666 1802 1704; x_wconf 85' lang='lat' dir='ltr'>illicit;</span> <span class='ocrx_word' id='word_1_263' title='bbox 1837 1665 1879 1697; x_wconf 82' lang='lat' dir='ltr'>cf.</span> <span class='ocrx_word' id='word_1_264' title='bbox 1907 1665 1950 1696; x_wconf 88' lang='lat' dir='ltr'>de</span> 
     </span>
     <span class='ocr_line' id='line_1_25' title="bbox 177 1716 1951 1759; baseline -0.001 -11"><span class='ocrx_word' id='word_1_265' title='bbox 177 1717 270 1748; x_wconf 83' lang='lat' dir='ltr'>Finn.</span> <span class='ocrx_word' id='word_1_266' title='bbox 296 1717 320 1755; x_wconf 89' lang='lat'>1,</span> <span class='ocrx_word' id='word_1_267' title='bbox 347 1716 405 1747; x_wconf 86' lang='lat'>33:</span> <span class='ocrx_word' id='word_1_268' title='bbox 433 1716 599 1747; x_wconf 83' lang='lat' dir='ltr'>blanditiis</span> <span class='ocrx_word' id='word_1_269' title='bbox 621 1717 831 1756; x_wconf 78' lang='lat' dir='ltr'>voluptatum</span> <span class='ocrx_word' id='word_1_270' title='bbox 855 1717 986 1749; x_wconf 84' lang='lat' dir='ltr'>deleniti</span> <span class='ocrx_word' id='word_1_271' title='bbox 1010 1722 1109 1758; x_wconf 81' lang='lat' dir='ltr'>atque</span> <span class='ocrx_word' id='word_1_272' title='bbox 1132 1720 1282 1759; x_wconf 80' lang='lat' dir='ltr'>corrupti</span> <span class='ocrx_word' id='word_1_273' title='bbox 1307 1718 1359 1759; x_wconf 66' lang='lat' dir='ltr'>(z</span> <span class='ocrx_word' id='word_1_274' title='bbox 1380 1718 1510 1759; x_wconf 61' lang='lat' dir='ltr'>illecti),</span> <span class='ocrx_word' id='word_1_275' title='bbox 1538 1718 1582 1749; x_wconf 90' lang='lat' dir='ltr'>de</span> <span class='ocrx_word' id='word_1_276' title='bbox 1607 1717 1703 1749; x_wconf 84' lang='lat' dir='ltr'>Offie.</span> <span class='ocrx_word' id='word_1_277' title='bbox 1731 1718 1771 1755; x_wconf 90' lang='grc' dir='ltr'>ΙΙ,</span> <span class='ocrx_word' id='word_1_278' title='bbox 1798 1716 1857 1747; x_wconf 78' lang='grc' dir='ltr'>37ῑ</span> <span class='ocrx_word' id='word_1_279' title='bbox 1890 1724 1951 1746; x_wconf 86' lang='lat' dir='ltr'>vo-</span> 
     </span>
     <span class='ocr_line' id='line_1_26' title="bbox 174 1765 1950 1809; baseline -0.002 -11"><span class='ocrx_word' id='word_1_280' title='bbox 174 1767 333 1807; x_wconf 85' lang='lat' dir='ltr'>luptales,</span> <span class='ocrx_word' id='word_1_281' title='bbox 360 1766 592 1798; x_wconf 77' lang='lat' dir='ltr'>blandissimae</span> <span class='ocrx_word' id='word_1_282' title='bbox 616 1768 780 1799; x_wconf 86' lang='lat' dir='ltr'>dominae.</span> <span class='ocrx_word' id='word_1_283' title='bbox 820 1767 887 1799; x_wconf 83' lang='lat' dir='ltr'>Sed</span> <span class='ocrx_word' id='word_1_284' title='bbox 912 1768 1052 1800; x_wconf 82' lang='lat' dir='ltr'>blandae</span> <span class='ocrx_word' id='word_1_285' title='bbox 1076 1777 1270 1809; x_wconf 88' lang='lat' dir='ltr'>paucorum</span> <span class='ocrx_word' id='word_1_286' title='bbox 1292 1768 1455 1800; x_wconf 87' lang='lat' dir='ltr'>codicum</span> <span class='ocrx_word' id='word_1_287' title='bbox 1481 1766 1770 1809; x_wconf 85' lang='lat' dir='ltr'>interpolatorum</span> <span class='ocrx_word' id='word_1_288' title='bbox 1796 1765 1950 1796; x_wconf 83' lang='lat' dir='ltr'>auctori-</span> 
     </span>
     <span class='ocr_line' id='line_1_27' title="bbox 175 1816 1951 1860; baseline -0.002 -10"><span class='ocrx_word' id='word_1_289' title='bbox 175 1819 283 1850; x_wconf 86' lang='lat' dir='ltr'>tatem</span> <span class='ocrx_word' id='word_1_290' title='bbox 307 1827 453 1860; x_wconf 68' lang='lat' dir='ltr'>parvam</span> <span class='ocrx_word' id='word_1_291' title='bbox 478 1820 536 1849; x_wconf 86' lang='lat' dir='ltr'>aut</span> <span class='ocrx_word' id='word_1_292' title='bbox 561 1816 690 1850; x_wconf 86' lang='lat' dir='ltr'>nullam</span> <span class='ocrx_word' id='word_1_293' title='bbox 716 1817 844 1850; x_wconf 84' lang='lat' dir='ltr'>habet:</span> <span class='ocrx_word' id='word_1_294' title='bbox 872 1819 905 1850; x_wconf 89' lang='lat' dir='ltr'>in</span> <span class='ocrx_word' id='word_1_295' title='bbox 931 1819 1124 1859; x_wconf 70' lang='lat' dir='ltr'>archetypo</span> <span class='ocrx_word' id='word_1_296' title='bbox 1142 1818 1249 1850; x_wconf 81' lang='lat' dir='ltr'>fuisse</span> <span class='ocrx_word' id='word_1_297' title='bbox 1267 1818 1395 1850; x_wconf 79' lang='lat' dir='ltr'>blandis</span> <span class='ocrx_word' id='word_1_298' title='bbox 1412 1817 1568 1849; x_wconf 86' lang='lat' dir='ltr'>declarat</span> <span class='ocrx_word' id='word_1_299' title='bbox 1585 1825 1782 1850; x_wconf 86' lang='lat' dir='ltr'>consensus</span> <span class='ocrx_word' id='word_1_300' title='bbox 1798 1816 1951 1856; x_wconf 89' lang='lat' dir='ltr'>optimo—-</span> 
     </span>
     <span class='ocr_line' id='line_1_28' title="bbox 175 1865 1950 1909; baseline -0.002 -10"><span class='ocrx_word' id='word_1_301' title='bbox 175 1876 251 1899; x_wconf 92' lang='lat' dir='ltr'>rum</span> <span class='ocrx_word' id='word_1_302' title='bbox 277 1867 451 1899; x_wconf 88' lang='lat' dir='ltr'>codicum.</span> <span class='ocrx_word' id='word_1_303' title='bbox 490 1868 585 1905; x_wconf 86' lang='lat' dir='ltr'>Quae</span> <span class='ocrx_word' id='word_1_304' title='bbox 611 1868 783 1909; x_wconf 87' lang='lat' dir='ltr'>scriptura</span> <span class='ocrx_word' id='word_1_305' title='bbox 809 1869 874 1899; x_wconf 85' lang='lat' dir='ltr'>etsi</span> <span class='ocrx_word' id='word_1_306' title='bbox 900 1867 1146 1909; x_wconf 85' lang='lat' dir='ltr'>pleonasmum</span> <span class='ocrx_word' id='word_1_307' title='bbox 1165 1869 1344 1908; x_wconf 86' lang='lat' dir='ltr'>quendam</span> <span class='ocrx_word' id='word_1_308' title='bbox 1370 1868 1477 1899; x_wconf 90' lang='lat' dir='ltr'>habet</span> <span class='ocrx_word' id='word_1_309' title='bbox 1495 1868 1549 1908; x_wconf 84' lang='lat' dir='ltr'>(cf.</span> <span class='ocrx_word' id='word_1_310' title='bbox 1568 1868 1612 1899; x_wconf 88' lang='lat' dir='ltr'>ad</span> <span class='ocrx_word' id='word_1_311' title='bbox 1631 1866 1748 1899; x_wconf 84' lang='lat' dir='ltr'>Famil.</span> <span class='ocrx_word' id='word_1_312' title='bbox 1768 1866 1838 1903; x_wconf 87' lang='lat' dir='ltr'>XV,</span> <span class='ocrx_word' id='word_1_313' title='bbox 1860 1865 1912 1902; x_wconf 74' lang='grc'><strong>46,</strong></span> <span class='ocrx_word' id='word_1_314' title='bbox 1931 1865 1950 1896; x_wconf 89' lang='grc'><strong>3</strong></span> 
     </span>
     <span class='ocr_line' id='line_1_29' title="bbox 175 1915 1952 1959; baseline -0.002 -10"><span class='ocrx_word' id='word_1_315' title='bbox 175 1918 331 1950; x_wconf 80' lang='lat' dir='ltr'>delenitus</span> <span class='ocrx_word' id='word_1_316' title='bbox 352 1917 522 1949; x_wconf 77' lang='lat' dir='ltr'>inlecebris</span> <span class='ocrx_word' id='word_1_317' title='bbox 543 1918 738 1959; x_wconf 83' lang='lat' dir='ltr'>voluptatis)</span> <span class='ocrx_word' id='word_1_318' title='bbox 763 1920 948 1959; x_wconf 84' lang='lat' dir='ltr'>potiusque</span> <span class='ocrx_word' id='word_1_319' title='bbox 974 1920 1094 1949; x_wconf 87' lang='lat' dir='ltr'>contra</span> <span class='ocrx_word' id='word_1_320' title='bbox 1120 1917 1197 1954; x_wconf 82' lang='lat' dir='ltr'>fuit,</span> <span class='ocrx_word' id='word_1_321' title='bbox 1231 1920 1268 1949; x_wconf 93' lang='lat' dir='ltr'>ut</span> <span class='ocrx_word' id='word_1_322' title='bbox 1292 1917 1449 1950; x_wconf 86' lang='lat' dir='ltr'>Plautino</span> <span class='ocrx_word' id='word_1_323' title='bbox 1474 1916 1647 1950; x_wconf 85' lang='lat' dir='ltr'>vocabulo</span> <span class='ocrx_word' id='word_1_324' title='bbox 1671 1918 1761 1955; x_wconf 86' lang='lat' dir='ltr'>utar,</span> <span class='ocrx_word' id='word_1_325' title='bbox 1795 1915 1952 1948; x_wconf 84' lang='lat' dir='ltr'>inlece-</span> 
     </span>
     <span class='ocr_line' id='line_1_30' title="bbox 175 1965 1950 2010; baseline -0.001 -12"><span class='ocrx_word' id='word_1_326' title='bbox 175 1967 311 2000; x_wconf 84' lang='lat' dir='ltr'>brosis</span> <span class='ocrx_word' id='word_1_327' title='bbox 334 1967 502 2000; x_wconf 89' lang='lat' dir='ltr'>blanditiis</span> <span class='ocrx_word' id='word_1_328' title='bbox 525 1968 733 2004; x_wconf 77' lang='lat' dir='ltr'>dicendum,</span> <span class='ocrx_word' id='word_1_329' title='bbox 761 1971 896 2007; x_wconf 78' lang='lat' dir='ltr'>tamen,</span> <span class='ocrx_word' id='word_1_330' title='bbox 924 1970 1090 2010; x_wconf 89' lang='lat' dir='ltr'>quoniam</span> <span class='ocrx_word' id='word_1_331' title='bbox 1116 1977 1159 1999; x_wconf 88' lang='lat' dir='ltr'>ne</span> <span class='ocrx_word' id='word_1_332' title='bbox 1177 1968 1356 1999; x_wconf 86' lang='lat' dir='ltr'>Ciceronis</span> <span class='ocrx_word' id='word_1_333' title='bbox 1382 1967 1525 2008; x_wconf 88' lang='lat' dir='ltr'>quidem</span> <span class='ocrx_word' id='word_1_334' title='bbox 1550 1966 1616 1999; x_wconf 81' lang='lat' dir='ltr'>loci</span> <span class='ocrx_word' id='word_1_335' title='bbox 1634 1967 1780 2005; x_wconf 87' lang='lat' dir='ltr'>desunt,</span> <span class='ocrx_word' id='word_1_336' title='bbox 1807 1965 1867 1997; x_wconf 89' lang='lat' dir='ltr'>ubi</span> <span class='ocrx_word' id='word_1_337' title='bbox 1885 1965 1950 1996; x_wconf 87' lang='lat' dir='ltr'>ad-</span> 
     </span>
     <span class='ocr_line' id='line_1_31' title="bbox 175 2015 1949 2060; baseline -0.003 -9"><span class='ocrx_word' id='word_1_338' title='bbox 175 2020 339 2051; x_wconf 82' lang='lat' dir='ltr'>iectivutn</span> <span class='ocrx_word' id='word_1_339' title='bbox 371 2018 512 2060; x_wconf 88' lang='lat' dir='ltr'>aliquod</span> <span class='ocrx_word' id='word_1_340' title='bbox 544 2028 561 2050; x_wconf 93' lang='lat' dir='ltr'>a</span> <span class='ocrx_word' id='word_1_341' title='bbox 594 2018 813 2051; x_wconf 73' lang='lat' dir='ltr'>substantivo</span> <span class='ocrx_word' id='word_1_342' title='bbox 845 2021 991 2060; x_wconf 81' lang='lat' dir='ltr'>regente</span> <span class='ocrx_word' id='word_1_343' title='bbox 1022 2017 1066 2049; x_wconf 93' lang='lat' dir='ltr'>ad</span> <span class='ocrx_word' id='word_1_344' title='bbox 1100 2017 1150 2056; x_wconf 87' lang='lat' dir='ltr'>id,</span> <span class='ocrx_word' id='word_1_345' title='bbox 1185 2018 1280 2058; x_wconf 86' lang='lat' dir='ltr'>quod</span> <span class='ocrx_word' id='word_1_346' title='bbox 1309 2018 1452 2058; x_wconf 82' lang='lat' dir='ltr'>regitur,</span> <span class='ocrx_word' id='word_1_347' title='bbox 1490 2018 1548 2049; x_wconf 89' lang='lat' dir='ltr'>aut</span> <span class='ocrx_word' id='word_1_348' title='bbox 1573 2018 1694 2049; x_wconf 88' lang='lat' dir='ltr'>contra</span> <span class='ocrx_word' id='word_1_349' title='bbox 1720 2015 1949 2056; x_wconf 84' lang='lat' dir='ltr'>negligentius</span> 
     </span>
     <span class='ocr_line' id='line_1_32' title="bbox 174 2064 1946 2110; baseline -0.003 -10"><span class='ocrx_word' id='word_1_350' title='bbox 174 2068 377 2101; x_wconf 87' lang='lat' dir='ltr'>translatum</span> <span class='ocrx_word' id='word_1_351' title='bbox 410 2070 472 2108; x_wconf 88' lang='lat' dir='ltr'>sit,</span> <span class='ocrx_word' id='word_1_352' title='bbox 506 2069 668 2101; x_wconf 90' lang='lat' dir='ltr'>codicum</span> <span class='ocrx_word' id='word_1_353' title='bbox 692 2070 888 2101; x_wconf 84' lang='lat' dir='ltr'>auctoritati</span> <span class='ocrx_word' id='word_1_354' title='bbox 913 2071 967 2101; x_wconf 89' lang='lat' dir='ltr'>est</span> <span class='ocrx_word' id='word_1_355' title='bbox 990 2068 1206 2110; x_wconf 89' lang='lat' dir='ltr'>parendum,</span> <span class='ocrx_word' id='word_1_356' title='bbox 1233 2076 1314 2100; x_wconf 87' lang='lat' dir='ltr'>eum</span> <span class='ocrx_word' id='word_1_357' title='bbox 1339 2068 1550 2109; x_wconf 87' lang='lat' dir='ltr'>praesertim</span> <span class='ocrx_word' id='word_1_358' title='bbox 1573 2066 1714 2100; x_wconf 88' lang='lat' dir='ltr'>Plautus</span> <span class='ocrx_word' id='word_1_359' title='bbox 1738 2066 1845 2107; x_wconf 77' lang='lat' dir='ltr'>(Asin.</span> <span class='ocrx_word' id='word_1_360' title='bbox 1870 2064 1946 2104; x_wconf 61' lang='lat' dir='ltr'>I,13,</span> 
     </span>
     <span class='ocr_line' id='line_1_33' title="bbox 173 2115 1950 2159; baseline -0.003 -8"><span class='ocrx_word' id='word_1_361' title='bbox 173 2118 224 2159; x_wconf 81' lang='lat'>54)</span> <span class='ocrx_word' id='word_1_362' title='bbox 251 2118 410 2151; x_wconf 89' lang='lat' dir='ltr'>similiter</span> <span class='ocrx_word' id='word_1_363' title='bbox 433 2119 577 2151; x_wconf 84' lang='lat' dir='ltr'>dixerit:</span> <span class='ocrx_word' id='word_1_364' title='bbox 613 2120 839 2152; x_wconf 79' lang='lat' dir='ltr'>inliciebas</span> <span class='ocrx_word' id='word_1_365' title='bbox 867 2129 918 2152; x_wconf 85' lang='lat' dir='ltr'>me</span> <span class='ocrx_word' id='word_1_366' title='bbox 945 2120 989 2151; x_wconf 89' lang='lat' dir='ltr'>ad</span> <span class='ocrx_word' id='word_1_367' title='bbox 1019 2122 1048 2151; x_wconf 92' lang='lat' dir='ltr'>te</span> <span class='ocrx_word' id='word_1_368' title='bbox 1083 2118 1233 2150; x_wconf 85' lang='lat' dir='ltr'>blande</span> <span class='ocrx_word' id='word_1_369' title='bbox 1262 2127 1302 2149; x_wconf 84' lang='lat' dir='ltr'>ae</span> <span class='ocrx_word' id='word_1_370' title='bbox 1325 2118 1484 2149; x_wconf 83' lang='lat' dir='ltr'>benedice.</span> <span class='ocrx_word' id='word_1_371' title='bbox 1517 2118 1568 2149; x_wconf 87' lang='lat' dir='ltr'>De</span> <span class='ocrx_word' id='word_1_372' title='bbox 1593 2118 1668 2148; x_wconf 87' lang='lat' dir='ltr'>Nat.</span> <span class='ocrx_word' id='word_1_373' title='bbox 1695 2118 1736 2148; x_wconf 93' lang='lat' dir='ltr'>D.</span> <span class='ocrx_word' id='word_1_374' title='bbox 1763 2117 1803 2154; x_wconf 90' lang='lat'>11,</span> <span class='ocrx_word' id='word_1_375' title='bbox 1831 2115 1871 2146; x_wconf 90' lang='grc'>69</span> <span class='ocrx_word' id='word_1_376' title='bbox 1895 2122 1950 2154; x_wconf 87' lang='lat' dir='ltr'>spe</span> 
     </span>
     <span class='ocr_line' id='line_1_34' title="bbox 172 2164 1950 2209; baseline -0.003 -8"><span class='ocrx_word' id='word_1_377' title='bbox 172 2170 326 2202; x_wconf 83' lang='lat' dir='ltr'>dubiae</span> <span class='ocrx_word' id='word_1_378' title='bbox 348 2170 466 2202; x_wconf 86' lang='lat' dir='ltr'>salutis</span> <span class='ocrx_word' id='word_1_379' title='bbox 491 2187 525 2193; x_wconf 89' lang='lat'>—</span> <span class='ocrx_word' id='word_1_380' title='bbox 554 2170 597 2202; x_wconf 80' lang='lat' dir='ltr'>cf.</span> <span class='ocrx_word' id='word_1_381' title='bbox 624 2173 690 2202; x_wconf 87' lang='lat' dir='ltr'>Att.</span> <span class='ocrx_word' id='word_1_382' title='bbox 717 2171 802 2209; x_wconf 83' lang='lat' dir='ltr'>VIII,</span> <span class='ocrx_word' id='word_1_383' title='bbox 832 2170 884 2207; x_wconf 73' lang='lat'>43,</span> <span class='ocrx_word' id='word_1_384' title='bbox 905 2172 916 2201; x_wconf 76' lang='grc'><strong>4</strong></span> <span class='ocrx_word' id='word_1_385' title='bbox 946 2178 1017 2209; x_wconf 87' lang='lat' dir='ltr'>spes</span> <span class='ocrx_word' id='word_1_386' title='bbox 1039 2168 1167 2200; x_wconf 85' lang='lat' dir='ltr'>dubia</span> <span class='ocrx_word' id='word_1_387' title='bbox 1187 2169 1283 2208; x_wconf 82' lang='lat' dir='ltr'>pacis</span> <span class='ocrx_word' id='word_1_388' title='bbox 1302 2185 1358 2199; x_wconf 88' lang='lat'>-.</span> <span class='ocrx_word' id='word_1_389' title='bbox 1388 2168 1464 2198; x_wconf 87' lang='lat' dir='ltr'>Nat.</span> <span class='ocrx_word' id='word_1_390' title='bbox 1484 2166 1524 2198; x_wconf 90' lang='lat' dir='ltr'>D.</span> <span class='ocrx_word' id='word_1_391' title='bbox 1543 2166 1585 2203; x_wconf 93' lang='grc' dir='ltr'>ΙΙ,</span> <span class='ocrx_word' id='word_1_392' title='bbox 1604 2166 1645 2197; x_wconf 90' lang='grc'>98</span> <span class='ocrx_word' id='word_1_393' title='bbox 1668 2166 1810 2207; x_wconf 80' lang='lat' dir='ltr'>fontium</span> <span class='ocrx_word' id='word_1_394' title='bbox 1825 2164 1950 2206; x_wconf 64' lang='lat' dir='ltr'>gelidas</span> 
     </span>
     <span class='ocr_line' id='line_1_35' title="bbox 167 2215 1950 2260; baseline -0.004 -8"><span class='ocrx_word' id='word_1_395' title='bbox 167 2221 456 2260; x_wconf 68' lang='lat' dir='ltr'>perennitates--</span> <span class='ocrx_word' id='word_1_396' title='bbox 472 2220 703 2260; x_wconf 79' lang='lat' dir='ltr'>speluncarum</span> <span class='ocrx_word' id='word_1_397' title='bbox 727 2229 892 2252; x_wconf 84' lang='lat' dir='ltr'>concavas</span> <span class='ocrx_word' id='word_1_398' title='bbox 915 2219 1121 2256; x_wconf 81' lang='lat' dir='ltr'>altitudines3</span> <span class='ocrx_word' id='word_1_399' title='bbox 1148 2218 1191 2250; x_wconf 82' lang='lat' dir='ltr'>ef.</span> <span class='ocrx_word' id='word_1_400' title='bbox 1218 2218 1429 2258; x_wconf 87' lang='lat' dir='ltr'>interpretes</span> <span class='ocrx_word' id='word_1_401' title='bbox 1455 2215 1499 2247; x_wconf 88' lang='lat' dir='ltr'>ad</span> <span class='ocrx_word' id='word_1_402' title='bbox 1524 2217 1610 2256; x_wconf 80' lang='lat' dir='ltr'>Nep.</span> <span class='ocrx_word' id='word_1_403' title='bbox 1638 2216 1738 2248; x_wconf 91' lang='lat' dir='ltr'>Dion.</span> <span class='ocrx_word' id='word_1_404' title='bbox 1766 2217 1778 2247; x_wconf 73' lang='lat'>4</span> <span class='ocrx_word' id='word_1_405' title='bbox 1808 2219 1950 2255; x_wconf 80' lang='lat' dir='ltr'>utraque</span> 
     </span>
     <span class='ocr_line' id='line_1_36' title="bbox 172 2265 1946 2312; baseline -0.003 -11"><span class='ocrx_word' id='word_1_406' title='bbox 172 2271 349 2309; x_wconf 79' lang='lat' dir='ltr'>tyrannide</span> <span class='ocrx_word' id='word_1_407' title='bbox 383 2271 620 2310; x_wconf 77' lang='lat' dir='ltr'>Dionysiorum</span> <span class='ocrx_word' id='word_1_408' title='bbox 641 2289 659 2294; x_wconf 90' lang='lat'><em>-</em></span> <span class='ocrx_word' id='word_1_409' title='bbox 676 2289 694 2294; x_wconf 93' lang='lat'><em>-</em></span> <span class='ocrx_word' id='word_1_410' title='bbox 713 2280 907 2312; x_wconf 74' lang='lat' dir='ltr'>qenerosam</span> <span class='ocrx_word' id='word_1_411' title='bbox 940 2271 1108 2302; x_wconf 81' lang='lat' dir='ltr'>maiorum</span> <span class='ocrx_word' id='word_1_412' title='bbox 1141 2269 1270 2309; x_wconf 80' lang='lat' dir='ltr'>famam</span> <span class='ocrx_word' id='word_1_413' title='bbox 1286 2285 1335 2290; x_wconf 94' lang='lat'>--</span> <span class='ocrx_word' id='word_1_414' title='bbox 1352 2266 1613 2298; x_wconf 83' lang='lat' dir='ltr'>crudelissimum</span> <span class='ocrx_word' id='word_1_415' title='bbox 1648 2275 1764 2297; x_wconf 85' lang='lat' dir='ltr'>nomen</span> <span class='ocrx_word' id='word_1_416' title='bbox 1798 2265 1946 2303; x_wconf 74' lang='lat' dir='ltr'>tyranni.</span> 
     </span>
     <span class='ocr_line' id='line_1_37' title="bbox 173 2315 1948 2358; baseline -0.003 -8"><span class='ocrx_word' id='word_1_417' title='bbox 173 2319 244 2351; x_wconf 77' lang='lat' dir='ltr'>Liv.</span> <span class='ocrx_word' id='word_1_418' title='bbox 271 2321 297 2358; x_wconf 88' lang='lat'>1,</span> <span class='ocrx_word' id='word_1_419' title='bbox 324 2320 354 2358; x_wconf 78' lang='lat' dir='ltr'>l,</span> <span class='ocrx_word' id='word_1_420' title='bbox 380 2319 439 2352; x_wconf 91' lang='lat' dir='ltr'>ubi</span> <span class='ocrx_word' id='word_1_421' title='bbox 465 2320 567 2352; x_wconf 89' lang='lat' dir='ltr'>codd.</span> <span class='ocrx_word' id='word_1_422' title='bbox 593 2322 727 2352; x_wconf 87' lang='lat' dir='ltr'>maiora</span> <span class='ocrx_word' id='word_1_423' title='bbox 750 2330 864 2353; x_wconf 84' lang='lat' dir='ltr'>rerum</span> <span class='ocrx_word' id='word_1_424' title='bbox 886 2321 994 2353; x_wconf 82' lang='lat' dir='ltr'>initia.</span> <span class='ocrx_word' id='word_1_425' title='bbox 1033 2320 1063 2357; x_wconf 85' lang='lat'>1,</span> <span class='ocrx_word' id='word_1_426' title='bbox 1091 2319 1109 2350; x_wconf 83' lang='lat'>9</span> <span class='ocrx_word' id='word_1_427' title='bbox 1132 2318 1250 2349; x_wconf 84' lang='lat' dir='ltr'>violati</span> <span class='ocrx_word' id='word_1_428' title='bbox 1272 2316 1403 2356; x_wconf 81' lang='lat' dir='ltr'>hospitii</span> <span class='ocrx_word' id='word_1_429' title='bbox 1426 2316 1549 2356; x_wconf 82' lang='lat' dir='ltr'>foedus.</span> <span class='ocrx_word' id='word_1_430' title='bbox 1587 2315 1699 2351; x_wconf 80' lang='lat' dir='ltr'>XLIV¹</span> <span class='ocrx_word' id='word_1_431' title='bbox 1727 2316 1767 2347; x_wconf 75' lang='lat'>40</span> <span class='ocrx_word' id='word_1_432' title='bbox 1792 2315 1948 2354; x_wconf 86' lang='lat' dir='ltr'>despera-</span> 
     </span>
     <span class='ocr_line' id='line_1_38' title="bbox 173 2363 1945 2411; baseline -0.004 -11"><span class='ocrx_word' id='word_1_433' title='bbox 173 2369 260 2401; x_wconf 80' lang='lat' dir='ltr'>tione</span> <span class='ocrx_word' id='word_1_434' title='bbox 282 2369 352 2401; x_wconf 89' lang='lat' dir='ltr'>alia</span> <span class='ocrx_word' id='word_1_435' title='bbox 375 2370 515 2411; x_wconf 49' lang='lat' dir='ltr'>(aliusv)</span> <span class='ocrx_word' id='word_1_436' title='bbox 539 2370 666 2402; x_wconf 83' lang='lat' dir='ltr'>salutis.</span> <span class='ocrx_word' id='word_1_437' title='bbox 700 2371 780 2402; x_wconf 88' lang='lat' dir='ltr'>Tac.</span> <span class='ocrx_word' id='word_1_438' title='bbox 807 2373 894 2402; x_wconf 84' lang='lat' dir='ltr'>Ann.</span> <span class='ocrx_word' id='word_1_439' title='bbox 921 2372 992 2409; x_wconf 79' lang='lat' dir='ltr'>XII,</span> <span class='ocrx_word' id='word_1_440' title='bbox 1017 2371 1057 2402; x_wconf 89' lang='lat'>60</span> <span class='ocrx_word' id='word_1_441' title='bbox 1082 2372 1191 2400; x_wconf 86' lang='lat' dir='ltr'>cetera</span> <span class='ocrx_word' id='word_1_442' title='bbox 1214 2368 1360 2408; x_wconf 76' lang='lat' dir='ltr'>equitum</span> <span class='ocrx_word' id='word_1_443' title='bbox 1384 2367 1418 2397; x_wconf 81' lang='lat' dir='ltr'>R.</span> <span class='ocrx_word' id='word_1_444' title='bbox 1442 2365 1645 2406; x_wconf 85' lang='lat' dir='ltr'>praevalida</span> <span class='ocrx_word' id='word_1_445' title='bbox 1668 2364 1805 2396; x_wconf 79' lang='lat' dir='ltr'>nomina</span> <span class='ocrx_word' id='word_1_446' title='bbox 1826 2365 1874 2403; x_wconf 67' lang='lat' dir='ltr'>(z</span> <span class='ocrx_word' id='word_1_447' title='bbox 1890 2363 1945 2401; x_wconf 91' lang='lat' dir='ltr'>Ill,</span> 
     </span>
     <span class='ocr_line' id='line_1_39' title="bbox 174 2414 1949 2460; baseline -0.003 -10"><span class='ocrx_word' id='word_1_448' title='bbox 174 2419 226 2451; x_wconf 46' lang='lat'>6¹2.</span> <span class='ocrx_word' id='word_1_449' title='bbox 254 2419 308 2457; x_wconf 82' lang='lat' dir='ltr'>lv,</span> <span class='ocrx_word' id='word_1_450' title='bbox 334 2419 398 2459; x_wconf 77' lang='grc' dir='ltr'>Ἡ).</span> <span class='ocrx_word' id='word_1_451' title='bbox 437 2420 508 2458; x_wconf 82' lang='lat' dir='ltr'>XV,</span> <span class='ocrx_word' id='word_1_452' title='bbox 536 2421 566 2452; x_wconf 73' lang='lat'>⁴.</span> <span class='ocrx_word' id='word_1_453' title='bbox 600 2420 685 2452; x_wconf 91' lang='lat' dir='ltr'>Hist.</span> <span class='ocrx_word' id='word_1_454' title='bbox 714 2421 760 2459; x_wconf 89' lang='lat' dir='ltr'>II,</span> <span class='ocrx_word' id='word_1_455' title='bbox 787 2422 806 2453; x_wconf 83' lang='lat'>5</span> <span class='ocrx_word' id='word_1_456' title='bbox 838 2421 954 2452; x_wconf 81' lang='lat' dir='ltr'>vicinis</span> <span class='ocrx_word' id='word_1_457' title='bbox 980 2419 1231 2460; x_wconf 82' lang='lat' dir='ltr'>provinciarum</span> <span class='ocrx_word' id='word_1_458' title='bbox 1262 2416 1615 2448; x_wconf 82' lang='lat' dir='ltr'>administrationibus.</span> <span class='ocrx_word' id='word_1_459' title='bbox 1657 2415 1718 2453; x_wconf 92' lang='grc' dir='ltr'><strong>ΙΙΙ,</strong></span> <span class='ocrx_word' id='word_1_460' title='bbox 1745 2414 1785 2445; x_wconf 71' lang='lat'>20</span> <span class='ocrx_word' id='word_1_461' title='bbox 1817 2414 1949 2454; x_wconf 74' lang='lat' dir='ltr'>iynotae</span> 
     </span>
     <span class='ocr_line' id='line_1_40' title="bbox 173 2463 1948 2509; baseline -0.004 -10"><span class='ocrx_word' id='word_1_462' title='bbox 173 2469 271 2499; x_wconf 86' lang='lat' dir='ltr'>situm</span> <span class='ocrx_word' id='word_1_463' title='bbox 301 2468 391 2500; x_wconf 84' lang='lat' dir='ltr'>urbis</span> <span class='ocrx_word' id='word_1_464' title='bbox 416 2469 479 2509; x_wconf 72' lang='lat' dir='ltr'>(ct.</span> <span class='ocrx_word' id='word_1_465' title='bbox 506 2469 578 2500; x_wconf 76' lang='lat' dir='ltr'>Liv.</span> <span class='ocrx_word' id='word_1_466' title='bbox 605 2470 646 2507; x_wconf 79' lang='lat' dir='ltr'>V,</span> <span class='ocrx_word' id='word_1_467' title='bbox 672 2469 743 2508; x_wconf 87' lang='lat'>39).</span> <span class='ocrx_word' id='word_1_468' title='bbox 781 2468 916 2502; x_wconf 85' lang='lat' dir='ltr'>Walch.</span> <span class='ocrx_word' id='word_1_469' title='bbox 943 2469 987 2501; x_wconf 89' lang='lat' dir='ltr'>ad</span> <span class='ocrx_word' id='word_1_470' title='bbox 1011 2469 1124 2509; x_wconf 80' lang='lat' dir='ltr'>Agric.</span> <span class='ocrx_word' id='word_1_471' title='bbox 1152 2467 1182 2500; x_wconf 76' lang='lat'>4.</span> <span class='ocrx_word' id='word_1_472' title='bbox 1216 2466 1302 2499; x_wconf 86' lang='lat' dir='ltr'>Veli.</span> <span class='ocrx_word' id='word_1_473' title='bbox 1328 2468 1400 2498; x_wconf 88' lang='lat' dir='ltr'>Pat.</span> <span class='ocrx_word' id='word_1_474' title='bbox 1428 2466 1475 2505; x_wconf 93' lang='grc' dir='ltr'>ΙΙ,</span> <span class='ocrx_word' id='word_1_475' title='bbox 1502 2466 1536 2497; x_wconf 77' lang='grc'>91</span> <span class='ocrx_word' id='word_1_476' title='bbox 1568 2465 1656 2497; x_wconf 84' lang='lat' dir='ltr'>omni</span> <span class='ocrx_word' id='word_1_477' title='bbox 1686 2463 1845 2495; x_wconf 85' lang='lat' dir='ltr'>scelerum</span> <span class='ocrx_word' id='word_1_478' title='bbox 1868 2471 1948 2493; x_wconf 84' lang='lat' dir='ltr'>con—</span> 
     </span>
     <span class='ocr_line' id='line_1_41' title="bbox 173 2512 1945 2559; baseline -0.004 -10"><span class='ocrx_word' id='word_1_479' title='bbox 173 2518 344 2550; x_wconf 80' lang='lat' dir='ltr'>scientia.»</span> <span class='ocrx_word' id='word_1_480' title='bbox 370 2519 425 2551; x_wconf 84' lang='lat' dir='ltr'>W.</span> <span class='ocrx_word' id='word_1_481' title='bbox 454 2537 488 2541; x_wconf 96' lang='lat'><strong>—</strong></span> <span class='ocrx_word' id='word_1_482' title='bbox 519 2519 690 2559; x_wconf 85' lang='lat' dir='ltr'>prolatum</span> <span class='ocrx_word' id='word_1_483' title='bbox 719 2523 791 2551; x_wconf 87' lang='lat' dir='ltr'>erat</span> <span class='ocrx_word' id='word_1_484' title='bbox 815 2520 840 2552; x_wconf 94' lang='lat' dir='ltr'>O</span> <span class='ocrx_word' id='word_1_485' title='bbox 875 2538 909 2543; x_wconf 83' lang='lat'>—-</span> <span class='ocrx_word' id='word_1_486' title='bbox 945 2520 996 2551; x_wconf 74' lang='lat'>40.</span> <span class='ocrx_word' id='word_1_487' title='bbox 1023 2521 1117 2550; x_wconf 85' lang='lat' dir='ltr'>erant</span> <span class='ocrx_word' id='word_1_488' title='bbox 1144 2516 1273 2557; x_wconf 82' lang='lat' dir='ltr'>(littera</span> <span class='ocrx_word' id='word_1_489' title='bbox 1298 2526 1320 2547; x_wconf 88' lang='lat' dir='ltr'>n</span> <span class='ocrx_word' id='word_1_490' title='bbox 1343 2514 1476 2553; x_wconf 87' lang='lat' dir='ltr'>deleta)</span> <span class='ocrx_word' id='word_1_491' title='bbox 1502 2516 1527 2546; x_wconf 83' lang='lat' dir='ltr'>R</span> <span class='ocrx_word' id='word_1_492' title='bbox 1555 2533 1590 2538; x_wconf 89' lang='lat'><strong>—</strong></span> <span class='ocrx_word' id='word_1_493' title='bbox 1619 2512 1833 2552; x_wconf 80' lang='lat' dir='ltr'>Amafanium</span> <span class='ocrx_word' id='word_1_494' title='bbox 1857 2512 1882 2542; x_wconf 94' lang='lat' dir='ltr'>O</span> <span class='ocrx_word' id='word_1_495' title='bbox 1910 2528 1945 2534; x_wconf 93' lang='lat'>—</span> 
     </span>
     <span class='ocr_line' id='line_1_42' title="bbox 176 2560 1950 2605; baseline -0.004 -7"><span class='ocrx_word' id='word_1_496' title='bbox 176 2568 227 2598; x_wconf 72' lang='lat'>42.</span> <span class='ocrx_word' id='word_1_497' title='bbox 252 2570 281 2599; x_wconf 85' lang='lat' dir='ltr'>et</span> <span class='ocrx_word' id='word_1_498' title='bbox 305 2571 374 2599; x_wconf 86' lang='lat' dir='ltr'>tam</span> <span class='ocrx_word' id='word_1_499' title='bbox 398 2568 578 2600; x_wconf 82' lang='lat' dir='ltr'>Davisius:</span> <span class='ocrx_word' id='word_1_500' title='bbox 612 2570 712 2600; x_wconf 85' lang='lat' dir='ltr'>etiam</span> <span class='ocrx_word' id='word_1_501' title='bbox 736 2569 780 2605; x_wconf 77' lang='lat' dir='ltr'>C;</span> <span class='ocrx_word' id='word_1_502' title='bbox 813 2572 842 2601; x_wconf 79' lang='lat' dir='ltr'>et</span> <span class='ocrx_word' id='word_1_503' title='bbox 867 2569 909 2600; x_wconf 91' lang='lat' dir='ltr'>O.</span> <span class='ocrx_word' id='word_1_504' title='bbox 945 2569 1179 2601; x_wconf 87' lang='lat' dir='ltr'>«Rectissima</span> <span class='ocrx_word' id='word_1_505' title='bbox 1209 2565 1337 2598; x_wconf 83' lang='lat' dir='ltr'>Davisii</span> <span class='ocrx_word' id='word_1_506' title='bbox 1369 2564 1569 2596; x_wconf 83' lang='lat' dir='ltr'>emendatio</span> <span class='ocrx_word' id='word_1_507' title='bbox 1595 2565 1649 2594; x_wconf 91' lang='lat' dir='ltr'>est</span> <span class='ocrx_word' id='word_1_508' title='bbox 1679 2566 1716 2593; x_wconf 89' lang='lat' dir='ltr'>et</span> <span class='ocrx_word' id='word_1_509' title='bbox 1748 2564 1830 2592; x_wconf 83' lang='lat' dir='ltr'>tam</span> <span class='ocrx_word' id='word_1_510' title='bbox 1852 2560 1950 2600; x_wconf 82' lang='lat' dir='ltr'>facite</span> 
     </span>
     <span class='ocr_line' id='line_1_43' title="bbox 175 2609 1948 2659; baseline -0.009 -3"><span class='ocrx_word' id='word_1_511' title='bbox 175 2618 238 2656; x_wconf 86' lang='lat' dir='ltr'>(SC.</span> <span class='ocrx_word' id='word_1_512' title='bbox 266 2626 373 2658; x_wconf 85' lang='lat' dir='ltr'>quam</span> <span class='ocrx_word' id='word_1_513' title='bbox 398 2618 560 2650; x_wconf 89' lang='lat' dir='ltr'>videmus</span> <span class='ocrx_word' id='word_1_514' title='bbox 585 2619 605 2649; x_wconf 93' lang='lat' dir='ltr'>i.</span> <span class='ocrx_word' id='word_1_515' title='bbox 626 2627 657 2649; x_wconf 88' lang='lat' dir='ltr'>e.</span> <span class='ocrx_word' id='word_1_516' title='bbox 680 2618 869 2658; x_wconf 81' lang='lat' dir='ltr'>perfacile);</span> <span class='ocrx_word' id='word_1_517' title='bbox 897 2618 940 2650; x_wconf 82' lang='lat' dir='ltr'>os.</span> <span class='ocrx_word' id='word_1_518' title='bbox 960 2618 978 2659; x_wconf 67' lang='lat' dir='ltr'>g</span> <span class='ocrx_word' id='word_1_519' title='bbox 997 2619 1034 2650; x_wconf 84' lang='lat'>6:</span> <span class='ocrx_word' id='word_1_520' title='bbox 1061 2617 1147 2657; x_wconf 82' lang='lat' dir='ltr'>quod</span> <span class='ocrx_word' id='word_1_521' title='bbox 1169 2619 1242 2648; x_wconf 86' lang='lat' dir='ltr'>erat</span> <span class='ocrx_word' id='word_1_522' title='bbox 1264 2614 1398 2655; x_wconf 68' lang='lat' dir='ltr'>cognitu</span> <span class='ocrx_word' id='word_1_523' title='bbox 1415 2613 1656 2654; x_wconf 71' lang='lat' dir='ltr'>perfacilis</span> <span class='ocrx_word' id='word_1_524' title='bbox 1682 2611 1733 2643; x_wconf 91' lang='lat' dir='ltr'>De</span> <span class='ocrx_word' id='word_1_525' title='bbox 1758 2609 1948 2651; x_wconf 88' lang='lat' dir='ltr'>particula—</span> 
     </span>
     <span class='ocr_line' id='line_1_44' title="bbox 175 2658 1950 2710; baseline -0.005 -11"><span class='ocrx_word' id='word_1_526' title='bbox 175 2676 254 2699; x_wconf 89' lang='lat' dir='ltr'>rum</span> <span class='ocrx_word' id='word_1_527' title='bbox 279 2668 348 2699; x_wconf 88' lang='lat' dir='ltr'>iam</span> <span class='ocrx_word' id='word_1_528' title='bbox 372 2670 407 2700; x_wconf 90' lang='lat' dir='ltr'>et</span> <span class='ocrx_word' id='word_1_529' title='bbox 430 2671 500 2700; x_wconf 82' lang='lat' dir='ltr'>tam</span> <span class='ocrx_word' id='word_1_530' title='bbox 524 2670 559 2700; x_wconf 90' lang='lat' dir='ltr'>et</span> <span class='ocrx_word' id='word_1_531' title='bbox 583 2672 691 2700; x_wconf 86' lang='lat' dir='ltr'>tamen</span> <span class='ocrx_word' id='word_1_532' title='bbox 717 2669 918 2701; x_wconf 79' lang='lat' dir='ltr'>confusione</span> <span class='ocrx_word' id='word_1_533' title='bbox 946 2669 989 2701; x_wconf 86' lang='lat' dir='ltr'>cf.</span> <span class='ocrx_word' id='word_1_534' title='bbox 1017 2669 1102 2710; x_wconf 88' lang='lat' dir='ltr'>Epp.</span> <span class='ocrx_word' id='word_1_535' title='bbox 1131 2667 1175 2698; x_wconf 89' lang='lat' dir='ltr'>ad</span> <span class='ocrx_word' id='word_1_536' title='bbox 1198 2668 1267 2697; x_wconf 74' lang='lat' dir='ltr'>Att.</span> <span class='ocrx_word' id='word_1_537' title='bbox 1293 2665 1333 2702; x_wconf 76' lang='lat' dir='ltr'>V,</span> <span class='ocrx_word' id='word_1_538' title='bbox 1360 2665 1392 2703; x_wconf 72' lang='lat'>⁶2,</span> <span class='ocrx_word' id='word_1_539' title='bbox 1418 2664 1437 2695; x_wconf 56' lang='lat'>⁹2</span> <span class='ocrx_word' id='word_1_540' title='bbox 1462 2673 1536 2695; x_wconf 87' lang='lat' dir='ltr'>cum</span> <span class='ocrx_word' id='word_1_541' title='bbox 1558 2661 1750 2694; x_wconf 81' lang='lat' dir='ltr'>Hortensius</span> <span class='ocrx_word' id='word_1_542' title='bbox 1771 2660 1897 2692; x_wconf 85' lang='lat' dir='ltr'>veniret</span> <span class='ocrx_word' id='word_1_543' title='bbox 1919 2658 1950 2691; x_wconf 76' lang='lat' dir='ltr'>el</span> 
     </span>
     <span class='ocr_line' id='line_1_45' title="bbox 173 2708 1948 2760; baseline -0.005 -12"><span class='ocrx_word' id='word_1_544' title='bbox 173 2718 326 2759; x_wconf 78' lang='lat' dir='ltr'>infirmus</span> <span class='ocrx_word' id='word_1_545' title='bbox 348 2721 385 2750; x_wconf 91' lang='lat' dir='ltr'>et</span> <span class='ocrx_word' id='word_1_546' title='bbox 408 2721 492 2750; x_wconf 85' lang='lat' dir='ltr'>tam</span> <span class='ocrx_word' id='word_1_547' title='bbox 517 2718 617 2759; x_wconf 81' lang='lat' dir='ltr'>(Med.</span> <span class='ocrx_word' id='word_1_548' title='bbox 645 2719 754 2758; x_wconf 82' lang='lat' dir='ltr'>etiam)</span> <span class='ocrx_word' id='word_1_549' title='bbox 779 2719 874 2760; x_wconf 73' lang='lat' dir='ltr'>lonye</span> <span class='ocrx_word' id='word_1_550' title='bbox 897 2722 926 2750; x_wconf 84' lang='lat' dir='ltr'>et</span> <span class='ocrx_word' id='word_1_551' title='bbox 948 2718 1152 2750; x_wconf 85' lang='lat' dir='ltr'>Hortensius.</span> <span class='ocrx_word' id='word_1_552' title='bbox 1188 2716 1243 2754; x_wconf 70' lang='lat'>20,</span> <span class='ocrx_word' id='word_1_553' title='bbox 1270 2714 1301 2746; x_wconf 88' lang='grc'>6.</span> <span class='ocrx_word' id='word_1_554' title='bbox 1328 2715 1368 2752; x_wconf 88' lang='grc' dir='ltr'>ΙΙ,</span> <span class='ocrx_word' id='word_1_555' title='bbox 1395 2714 1426 2752; x_wconf 86' lang='grc'><strong>3,</strong></span> <span class='ocrx_word' id='word_1_556' title='bbox 1454 2713 1472 2745; x_wconf 93' lang='grc'><strong>3</strong></span> <span class='ocrx_word' id='word_1_557' title='bbox 1498 2711 1601 2753; x_wconf 79' lang='lat' dir='ltr'>(Med.</span> <span class='ocrx_word' id='word_1_558' title='bbox 1628 2715 1657 2743; x_wconf 87' lang='lat' dir='ltr'>et</span> <span class='ocrx_word' id='word_1_559' title='bbox 1681 2714 1749 2742; x_wconf 87' lang='lat' dir='ltr'>tam</span> <span class='ocrx_word' id='word_1_560' title='bbox 1772 2717 1847 2740; x_wconf 85' lang='lat' dir='ltr'>cum</span> <span class='ocrx_word' id='word_1_561' title='bbox 1864 2708 1948 2740; x_wconf 89' lang='lat' dir='ltr'>Cae-</span> 
     </span>
     <span class='ocr_line' id='line_1_46' title="bbox 174 2758 1946 2808; baseline -0.006 -9"><span class='ocrx_word' id='word_1_562' title='bbox 174 2768 273 2806; x_wconf 83' lang='lat' dir='ltr'>sare).</span> <span class='ocrx_word' id='word_1_563' title='bbox 301 2766 346 2799; x_wconf 88' lang='lat' dir='ltr'>ad</span> <span class='ocrx_word' id='word_1_564' title='bbox 372 2766 487 2799; x_wconf 89' lang='lat' dir='ltr'>Famil.</span> <span class='ocrx_word' id='word_1_565' title='bbox 513 2768 585 2806; x_wconf 84' lang='lat' dir='ltr'>XII,</span> <span class='ocrx_word' id='word_1_566' title='bbox 613 2768 665 2807; x_wconf 75' lang='lat'>46,</span> <span class='ocrx_word' id='word_1_567' title='bbox 692 2769 704 2799; x_wconf 70' lang='lat'>⁴</span> <span class='ocrx_word' id='word_1_568' title='bbox 735 2768 836 2808; x_wconf 90' lang='lat' dir='ltr'>(Med.</span> <span class='ocrx_word' id='word_1_569' title='bbox 865 2771 894 2800; x_wconf 86' lang='lat' dir='ltr'>et</span> <span class='ocrx_word' id='word_1_570' title='bbox 918 2771 987 2799; x_wconf 87' lang='lat' dir='ltr'>tam</span> <span class='ocrx_word' id='word_1_571' title='bbox 1011 2767 1179 2806; x_wconf 76' lang='lat' dir='ltr'>minimis).</span> <span class='ocrx_word' id='word_1_572' title='bbox 1210 2763 1356 2805; x_wconf 86' lang='lat' dir='ltr'>Philipp.</span> <span class='ocrx_word' id='word_1_573' title='bbox 1382 2764 1422 2801; x_wconf 85' lang='grc' dir='ltr'>ΙΙ,</span> <span class='ocrx_word' id='word_1_574' title='bbox 1447 2763 1500 2794; x_wconf 80' lang='lat'>76.</span> <span class='ocrx_word' id='word_1_575' title='bbox 1527 2759 1821 2798; x_wconf 73' lang='lat' dir='ltr'>Att.xv1,i3,4.</span> <span class='ocrx_word' id='word_1_576' title='bbox 1848 2759 1871 2790; x_wconf 90' lang='grc' dir='ltr'><strong>Ι.</strong></span> <span class='ocrx_word' id='word_1_577' title='bbox 1892 2758 1946 2795; x_wconf 74' lang='grc'><strong>46,</strong></span> 
     </span>
     <span class='ocr_line' id='line_1_47' title="bbox 175 2807 1949 2858; baseline -0.006 -10"><span class='ocrx_word' id='word_1_578' title='bbox 175 2816 193 2848; x_wconf 90' lang='grc'>3</span> <span class='ocrx_word' id='word_1_579' title='bbox 219 2816 289 2857; x_wconf 79' lang='lat' dir='ltr'>(ubi</span> <span class='ocrx_word' id='word_1_580' title='bbox 313 2817 450 2857; x_wconf 80' lang='lat' dir='ltr'>Madvig</span> <span class='ocrx_word' id='word_1_581' title='bbox 481 2826 545 2858; x_wconf 90' lang='lat' dir='ltr'>pro</span> <span class='ocrx_word' id='word_1_582' title='bbox 578 2827 599 2849; x_wconf 91' lang='lat' dir='ltr'>a</span> <span class='ocrx_word' id='word_1_583' title='bbox 630 2826 681 2850; x_wconf 87' lang='lat' dir='ltr'>me</span> <span class='ocrx_word' id='word_1_584' title='bbox 709 2821 819 2850; x_wconf 79' lang='lat' dir='ltr'>tamen</span> <span class='ocrx_word' id='word_1_585' title='bbox 850 2819 947 2849; x_wconf 89' lang='lat' dir='ltr'>reete</span> <span class='ocrx_word' id='word_1_586' title='bbox 972 2816 1044 2848; x_wconf 86' lang='lat' dir='ltr'>vult</span> <span class='ocrx_word' id='word_1_587' title='bbox 1068 2826 1089 2848; x_wconf 90' lang='lat' dir='ltr'>a</span> <span class='ocrx_word' id='word_1_588' title='bbox 1112 2825 1163 2848; x_wconf 83' lang='lat' dir='ltr'>me</span> <span class='ocrx_word' id='word_1_589' title='bbox 1185 2815 1278 2854; x_wconf 80' lang='lat' dir='ltr'>iam).</span> <span class='ocrx_word' id='word_1_590' title='bbox 1316 2814 1371 2851; x_wconf 90' lang='lat' dir='ltr'>IV,</span> <span class='ocrx_word' id='word_1_591' title='bbox 1399 2813 1450 2850; x_wconf 75' lang='lat'>46,</span> <span class='ocrx_word' id='word_1_592' title='bbox 1479 2812 1518 2843; x_wconf 69' lang='lat'>42</span> <span class='ocrx_word' id='word_1_593' title='bbox 1545 2811 1630 2850; x_wconf 82' lang='lat' dir='ltr'>Quid</span> <span class='ocrx_word' id='word_1_594' title='bbox 1654 2810 1747 2840; x_wconf 89' lang='lat' dir='ltr'>aliud</span> <span class='ocrx_word' id='word_1_595' title='bbox 1769 2807 1872 2840; x_wconf 79' lang='lat' dir='ltr'>novi?</span> <span class='ocrx_word' id='word_1_596' title='bbox 1899 2809 1949 2839; x_wconf 85' lang='lat' dir='ltr'>Ec</span> 
     </span>
     <span class='ocr_line' id='line_1_48' title="bbox 174 2857 1946 2906; baseline -0.005 -9"><span class='ocrx_word' id='word_1_597' title='bbox 174 2869 311 2898; x_wconf 85' lang='lat' dir='ltr'>tamen</span> <span class='ocrx_word' id='word_1_598' title='bbox 336 2866 406 2906; x_wconf 87' lang='lat' dir='ltr'>(ubi</span> <span class='ocrx_word' id='word_1_599' title='bbox 424 2875 466 2899; x_wconf 81' lang='lat' dir='ltr'>ex</span> <span class='ocrx_word' id='word_1_600' title='bbox 482 2866 625 2899; x_wconf 83' lang='lat' dir='ltr'>Acidalii</span> <span class='ocrx_word' id='word_1_601' title='bbox 646 2869 846 2900; x_wconf 87' lang='lat' dir='ltr'>coniectura</span> <span class='ocrx_word' id='word_1_602' title='bbox 863 2867 1092 2900; x_wconf 88' lang='lat' dir='ltr'>scribendum</span> <span class='ocrx_word' id='word_1_603' title='bbox 1111 2867 1166 2898; x_wconf 89' lang='lat' dir='ltr'>est</span> <span class='ocrx_word' id='word_1_604' title='bbox 1181 2866 1313 2901; x_wconf 86' lang='lat' dir='ltr'>Etiam;</span> <span class='ocrx_word' id='word_1_605' title='bbox 1341 2862 1383 2894; x_wconf 83' lang='lat' dir='ltr'>cf.</span> <span class='ocrx_word' id='word_1_606' title='bbox 1405 2863 1444 2899; x_wconf 89' lang='grc' dir='ltr'>ΙΙ,</span> <span class='ocrx_word' id='word_1_607' title='bbox 1464 2861 1494 2898; x_wconf 81' lang='grc'><strong>6,</strong></span> <span class='ocrx_word' id='word_1_608' title='bbox 1513 2861 1533 2892; x_wconf 73' lang='lat'><strong>2</strong></span> <span class='ocrx_word' id='word_1_609' title='bbox 1557 2860 1654 2892; x_wconf 83' lang='lat' dir='ltr'>Aliud</span> <span class='ocrx_word' id='word_1_610' title='bbox 1670 2857 1774 2900; x_wconf 81' lang='lat' dir='ltr'>quid?</span> <span class='ocrx_word' id='word_1_611' title='bbox 1796 2858 1946 2889; x_wconf 87' lang='lat' dir='ltr'>Etiam.</span> 
     </span>
     <span class='ocr_line' id='line_1_49' title="bbox 174 2907 1949 2959; baseline -0.011 -3"><span class='ocrx_word' id='word_1_612' title='bbox 174 2917 229 2955; x_wconf 68' lang='lat' dir='ltr'>IV,</span> <span class='ocrx_word' id='word_1_613' title='bbox 256 2917 288 2955; x_wconf 71' lang='lat'>7,</span> <span class='ocrx_word' id='word_1_614' title='bbox 315 2915 345 2948; x_wconf 89' lang='lat'>3-</span> <span class='ocrx_word' id='word_1_615' title='bbox 372 2917 443 2956; x_wconf 81' lang='lat' dir='ltr'>VII,</span> <span class='ocrx_word' id='word_1_616' title='bbox 470 2917 523 2958; x_wconf 74' lang='grc'>43,</span> <span class='ocrx_word' id='word_1_617' title='bbox 551 2917 614 2956; x_wconf 70' lang='lat'>⁴2).</span> <span class='ocrx_word' id='word_1_618' title='bbox 643 2919 667 2957; x_wconf 82' lang='lat' dir='ltr'>l,</span> <span class='ocrx_word' id='word_1_619' title='bbox 693 2919 724 2957; x_wconf 73' lang='lat'>2,</span> <span class='ocrx_word' id='word_1_620' title='bbox 752 2920 764 2949; x_wconf 77' lang='grc'><strong>4</strong></span> <span class='ocrx_word' id='word_1_621' title='bbox 796 2918 900 2959; x_wconf 75' lang='lat' dir='ltr'>(Med.</span> <span class='ocrx_word' id='word_1_622' title='bbox 926 2921 955 2949; x_wconf 87' lang='lat' dir='ltr'>te</span> <span class='ocrx_word' id='word_1_623' title='bbox 978 2917 1078 2949; x_wconf 84' lang='lat' dir='ltr'>etiam</span> <span class='ocrx_word' id='word_1_624' title='bbox 1102 2923 1166 2957; x_wconf 90' lang='lat' dir='ltr'>pro</span> <span class='ocrx_word' id='word_1_625' title='bbox 1191 2917 1221 2946; x_wconf 85' lang='lat' dir='ltr'>te</span> <span class='ocrx_word' id='word_1_626' title='bbox 1244 2913 1336 2952; x_wconf 85' lang='lat' dir='ltr'>tam).</span> <span class='ocrx_word' id='word_1_627' title='bbox 1364 2911 1408 2942; x_wconf 92' lang='lat' dir='ltr'>ad</span> <span class='ocrx_word' id='word_1_628' title='bbox 1433 2911 1471 2949; x_wconf 92' lang='lat' dir='ltr'>Q.</span> <span class='ocrx_word' id='word_1_629' title='bbox 1498 2910 1539 2942; x_wconf 87' lang='lat' dir='ltr'>fr.</span> <span class='ocrx_word' id='word_1_630' title='bbox 1567 2910 1606 2947; x_wconf 89' lang='grc' dir='ltr'>ΙΙ,</span> <span class='ocrx_word' id='word_1_631' title='bbox 1630 2909 1683 2947; x_wconf 77' lang='grc'><strong>44,</strong></span> <span class='ocrx_word' id='word_1_632' title='bbox 1708 2907 1769 2939; x_wconf 88' lang='lat' dir='ltr'>ubi</span> <span class='ocrx_word' id='word_1_633' title='bbox 1793 2915 1857 2948; x_wconf 91' lang='lat' dir='ltr'>pro</span> <span class='ocrx_word' id='word_1_634' title='bbox 1881 2907 1949 2937; x_wconf 87' lang='lat' dir='ltr'>Lu-</span> 
     </span>
     <span class='ocr_line' id='line_1_50' title="bbox 175 2957 1946 3006; baseline -0.007 -8"><span class='ocrx_word' id='word_1_635' title='bbox 175 2967 267 2999; x_wconf 85' lang='lat' dir='ltr'>cretii</span> <span class='ocrx_word' id='word_1_636' title='bbox 290 2968 450 3006; x_wconf 81' lang='lat' dir='ltr'>poemata</span> <span class='ocrx_word' id='word_1_637' title='bbox 467 2970 626 2998; x_wconf 89' lang='lat' dir='ltr'>—-sunt.·</span> <span class='ocrx_word' id='word_1_638' title='bbox 655 2976 733 2998; x_wconf 86' lang='lat' dir='ltr'>non</span> <span class='ocrx_word' id='word_1_639' title='bbox 762 2968 873 2998; x_wconf 82' lang='lat' dir='ltr'>multis</span> <span class='ocrx_word' id='word_1_640' title='bbox 904 2966 1098 3004; x_wconf 84' lang='lat' dir='ltr'>luminibus,</span> <span class='ocrx_word' id='word_1_641' title='bbox 1127 2964 1252 2996; x_wconf 83' lang='lat' dir='ltr'>multae</span> <span class='ocrx_word' id='word_1_642' title='bbox 1283 2967 1418 2995; x_wconf 87' lang='lat' dir='ltr'>tamen</span> <span class='ocrx_word' id='word_1_643' title='bbox 1445 2960 1529 2991; x_wconf 84' lang='lat' dir='ltr'>artis</span> <span class='ocrx_word' id='word_1_644' title='bbox 1552 2957 1782 2990; x_wconf 89' lang='lat' dir='ltr'>scribendum</span> <span class='ocrx_word' id='word_1_645' title='bbox 1808 2958 1880 2988; x_wconf 90' lang='lat' dir='ltr'>est:</span> <span class='ocrx_word' id='word_1_646' title='bbox 1910 2972 1946 2977; x_wconf 97' lang='lat'>—</span> 
     </span>
     <span class='ocr_line' id='line_1_51' title="bbox 175 3004 1949 3057; baseline -0.006 -10"><span class='ocrx_word' id='word_1_647' title='bbox 175 3019 269 3047; x_wconf 82' lang='lat' dir='ltr'>sunt:</span> <span class='ocrx_word' id='word_1_648' title='bbox 293 3016 404 3048; x_wconf 84' lang='lat' dir='ltr'>multis</span> <span class='ocrx_word' id='word_1_649' title='bbox 429 3016 489 3056; x_wconf 84' lang='lat' dir='ltr'>(sie</span> <span class='ocrx_word' id='word_1_650' title='bbox 514 3016 605 3048; x_wconf 86' lang='lat' dir='ltr'>Med.</span> <span class='ocrx_word' id='word_1_651' title='bbox 633 3017 653 3048; x_wconf 93' lang='lat' dir='ltr'>i.</span> <span class='ocrx_word' id='word_1_652' title='bbox 680 3026 711 3048; x_wconf 90' lang='lat' dir='ltr'>e.</span> <span class='ocrx_word' id='word_1_653' title='bbox 738 3017 815 3048; x_wconf 87' lang='lat' dir='ltr'>eod.</span> <span class='ocrx_word' id='word_1_654' title='bbox 843 3017 1077 3057; x_wconf 76' lang='lat' dir='ltr'>archetypus3</span> <span class='ocrx_word' id='word_1_655' title='bbox 1112 3023 1229 3055; x_wconf 87' lang='lat' dir='ltr'>neque</span> <span class='ocrx_word' id='word_1_656' title='bbox 1259 3013 1343 3045; x_wconf 84' lang='lat' dir='ltr'>mihi</span> <span class='ocrx_word' id='word_1_657' title='bbox 1368 3009 1512 3051; x_wconf 87' lang='lat' dir='ltr'>quidem</span> <span class='ocrx_word' id='word_1_658' title='bbox 1537 3010 1571 3041; x_wconf 89' lang='lat' dir='ltr'>in</span> <span class='ocrx_word' id='word_1_659' title='bbox 1598 3008 1756 3040; x_wconf 89' lang='lat' dir='ltr'>Lucretio</span> <span class='ocrx_word' id='word_1_660' title='bbox 1782 3004 1949 3047; x_wconf 87' lang='lat' dir='ltr'>aequales</span> 
     </span>
     <span class='ocr_line' id='line_1_52' title="bbox 176 3056 1951 3106; baseline -0.005 -10"><span class='ocrx_word' id='word_1_661' title='bbox 176 3065 339 3097; x_wconf 82' lang='lat' dir='ltr'>videntur</span> <span class='ocrx_word' id='word_1_662' title='bbox 371 3067 525 3106; x_wconf 88' lang='lat' dir='ltr'>potuisse</span> <span class='ocrx_word' id='word_1_663' title='bbox 556 3075 625 3097; x_wconf 88' lang='lat' dir='ltr'>non</span> <span class='ocrx_word' id='word_1_664' title='bbox 655 3065 762 3098; x_wconf 88' lang='lat' dir='ltr'>multa</span> <span class='ocrx_word' id='word_1_665' title='bbox 794 3065 923 3098; x_wconf 90' lang='lat' dir='ltr'>lumina</span> <span class='ocrx_word' id='word_1_666' title='bbox 948 3066 1076 3106; x_wconf 82' lang='lat' dir='ltr'>ingenii</span> <span class='ocrx_word' id='word_1_667' title='bbox 1101 3064 1306 3105; x_wconf 81' lang='lat' dir='ltr'>agnoscere)</span> <span class='ocrx_word' id='word_1_668' title='bbox 1332 3059 1527 3097; x_wconf 80' lang='lat' dir='ltr'>luminibus,</span> <span class='ocrx_word' id='word_1_669' title='bbox 1567 3059 1691 3090; x_wconf 89' lang='lat' dir='ltr'>multae</span> <span class='ocrx_word' id='word_1_670' title='bbox 1713 3058 1842 3090; x_wconf 82' lang='lat' dir='ltr'>etiam</span> <span class='ocrx_word' id='word_1_671' title='bbox 1865 3056 1951 3087; x_wconf 85' lang='lat' dir='ltr'>artis</span> 
     </span>
     <span class='ocr_line' id='line_1_53' title="bbox 178 3104 1947 3155; baseline -0.006 -9"><span class='ocrx_word' id='word_1_672' title='bbox 178 3114 232 3155; x_wconf 82' lang='lat' dir='ltr'>(cf.</span> <span class='ocrx_word' id='word_1_673' title='bbox 260 3113 376 3146; x_wconf 85' lang='lat' dir='ltr'>Famil.</span> <span class='ocrx_word' id='word_1_674' title='bbox 404 3115 466 3153; x_wconf 93' lang='lat' dir='ltr'>Ill,</span> <span class='ocrx_word' id='word_1_675' title='bbox 491 3116 523 3154; x_wconf 79' lang='lat'>7,</span> <span class='ocrx_word' id='word_1_676' title='bbox 549 3116 568 3146; x_wconf 83' lang='lat'>5</span> <span class='ocrx_word' id='word_1_677' title='bbox 592 3115 686 3146; x_wconf 84' lang='lat' dir='ltr'>homo</span> <span class='ocrx_word' id='word_1_678' title='bbox 710 3124 839 3147; x_wconf 84' lang='lat' dir='ltr'>summa</span> <span class='ocrx_word' id='word_1_679' title='bbox 867 3116 1064 3155; x_wconf 85' lang='lat' dir='ltr'>prudentia,</span> <span class='ocrx_word' id='word_1_680' title='bbox 1097 3114 1203 3145; x_wconf 85' lang='lat' dir='ltr'>multa</span> <span class='ocrx_word' id='word_1_681' title='bbox 1229 3113 1354 3144; x_wconf 83' lang='lat' dir='ltr'>etiam</span> <span class='ocrx_word' id='word_1_682' title='bbox 1377 3109 1540 3140; x_wconf 83' lang='lat' dir='ltr'>doctrina.</span> <span class='ocrx_word' id='word_1_683' title='bbox 1576 3108 1617 3146; x_wconf 90' lang='lat' dir='ltr'>V,</span> <span class='ocrx_word' id='word_1_684' title='bbox 1643 3107 1698 3145; x_wconf 67' lang='grc' dir='ltr'><strong>ΞΟ,</strong></span> <span class='ocrx_word' id='word_1_685' title='bbox 1724 3105 1756 3138; x_wconf 82' lang='lat'>4.</span> <span class='ocrx_word' id='word_1_686' title='bbox 1783 3107 1830 3144; x_wconf 88' lang='grc' dir='ltr'>ΙΙ,</span> <span class='ocrx_word' id='word_1_687' title='bbox 1857 3106 1889 3144; x_wconf 82' lang='lat'>7,</span> <span class='ocrx_word' id='word_1_688' title='bbox 1915 3104 1947 3142; x_wconf 76' lang='lat'>4,</span> 
     </span>
     <span class='ocr_line' id='line_1_54' title="bbox 178 3154 1948 3205; baseline -0.006 -10"><span class='ocrx_word' id='word_1_689' title='bbox 178 3163 237 3195; x_wconf 88' lang='lat' dir='ltr'>ubi</span> <span class='ocrx_word' id='word_1_690' title='bbox 261 3163 448 3204; x_wconf 83' lang='lat' dir='ltr'>legendum</span> <span class='ocrx_word' id='word_1_691' title='bbox 475 3166 544 3195; x_wconf 87' lang='lat' dir='ltr'>est:</span> <span class='ocrx_word' id='word_1_692' title='bbox 571 3165 624 3196; x_wconf 88' lang='lat' dir='ltr'>sed</span> <span class='ocrx_word' id='word_1_693' title='bbox 647 3168 715 3196; x_wconf 82' lang='lat' dir='ltr'>cum</span> <span class='ocrx_word' id='word_1_694' title='bbox 733 3164 859 3205; x_wconf 84' lang='lat' dir='ltr'>(tune)</span> <span class='ocrx_word' id='word_1_695' title='bbox 885 3165 980 3204; x_wconf 85' lang='lat' dir='ltr'>quasi</span> <span class='ocrx_word' id='word_1_696' title='bbox 1003 3173 1024 3195; x_wconf 91' lang='lat' dir='ltr'>a</span> <span class='ocrx_word' id='word_1_697' title='bbox 1040 3167 1191 3195; x_wconf 83' lang='lat' dir='ltr'>senatore</span> <span class='ocrx_word' id='word_1_698' title='bbox 1207 3160 1426 3196; x_wconf 82' lang='lat' dir='ltr'>nobilissimo,</span> <span class='ocrx_word' id='word_1_699' title='bbox 1452 3158 1656 3189; x_wconf 85' lang='lat' dir='ltr'>adulescente</span> <span class='ocrx_word' id='word_1_700' title='bbox 1674 3173 1708 3178; x_wconf 99' lang='lat'>—</span> <span class='ocrx_word' id='word_1_701' title='bbox 1730 3154 1820 3187; x_wconf 87' lang='lat' dir='ltr'>Med.</span> <span class='ocrx_word' id='word_1_702' title='bbox 1840 3162 1948 3195; x_wconf 87' lang='lat' dir='ltr'>prava</span> 
     </span>
     <span class='ocr_line' id='line_1_55' title="bbox 180 3204 1951 3254; baseline -0.006 -10"><span class='ocrx_word' id='word_1_703' title='bbox 180 3214 384 3254; x_wconf 85' lang='lat' dir='ltr'>repetitione</span> <span class='ocrx_word' id='word_1_704' title='bbox 408 3212 624 3253; x_wconf 85' lang='lat' dir='ltr'>nobilissimo,</span> <span class='ocrx_word' id='word_1_705' title='bbox 651 3218 732 3246; x_wconf 87' lang='lat' dir='ltr'>tum</span> <span class='ocrx_word' id='word_1_706' title='bbox 755 3214 959 3247; x_wconf 85' lang='lat' dir='ltr'>adulescente</span> <span class='ocrx_word' id='word_1_707' title='bbox 979 3231 1013 3237; x_wconf 96' lang='lat'><strong>—</strong></span> <span class='ocrx_word' id='word_1_708' title='bbox 1031 3213 1160 3245; x_wconf 86' lang='lat' dir='ltr'>etiam</span> <span class='ocrx_word' id='word_1_709' title='bbox 1182 3207 1470 3252; x_wconf 66' lang='lat' dir='ltr'>gratiosissimo).»</span> <span class='ocrx_word' id='word_1_710' title='bbox 1493 3208 1548 3239; x_wconf 91' lang='lat' dir='ltr'>W.</span> <span class='ocrx_word' id='word_1_711' title='bbox 1570 3223 1605 3230; x_wconf 92' lang='lat'>--</span> <span class='ocrx_word' id='word_1_712' title='bbox 1634 3207 1686 3238; x_wconf 71' lang='lat'>⁴5.</span> <span class='ocrx_word' id='word_1_713' title='bbox 1705 3205 1792 3246; x_wconf 84' lang='lat' dir='ltr'>quod</span> <span class='ocrx_word' id='word_1_714' title='bbox 1816 3204 1860 3236; x_wconf 92' lang='lat' dir='ltr'>B:</span> <span class='ocrx_word' id='word_1_715' title='bbox 1887 3212 1951 3243; x_wconf 82' lang='lat' dir='ltr'>quo</span> 
     </span>
     <span class='ocr_line' id='line_1_56' title="bbox 182 3262 665 3304; baseline 0 -10"><span class='ocrx_word' id='word_1_716' title='bbox 182 3263 246 3294; x_wconf 82' lang='lat' dir='ltr'>GR</span> <span class='ocrx_word' id='word_1_717' title='bbox 274 3279 309 3285; x_wconf 92' lang='lat'>—</span> <span class='ocrx_word' id='word_1_718' title='bbox 335 3262 387 3294; x_wconf 75' lang='grc'>46.</span> <span class='ocrx_word' id='word_1_719' title='bbox 412 3262 597 3304; x_wconf 80' lang='lat' dir='ltr'>nulliusque</span> <span class='ocrx_word' id='word_1_720' title='bbox 620 3263 665 3296; x_wconf 94' lang='lat' dir='ltr'>O.</span> 
     </span>
    </p>
   </div>
   <div class='ocr_carea' id='block_1_6' title="bbox 250 3315 1664 3358">
    <p class='ocr_par' dir='ltr' id='par_1_7' title="bbox 250 3315 1664 3358">
     <span class='ocr_line' id='line_1_57' title="bbox 250 3315 1664 3358; baseline 0.005 -7"><span class='ocrx_word' id='word_1_721' title='bbox 250 3322 368 3353; x_wconf 71' lang='lat' dir='ltr'>Ciceno</span> <span class='ocrx_word' id='word_1_722' title='bbox 387 3322 422 3354; x_wconf 88' lang='grc' dir='ltr'>Τ.</span> <span class='ocrx_word' id='word_1_723' title='bbox 442 3321 491 3353; x_wconf 79' lang='lat' dir='ltr'>IV.</span> <span class='ocrx_word' id='word_1_724' title='bbox 1610 3315 1664 3358; x_wconf 70' lang='lat'>20</span> 
     </span>
    </p>
   </div>
  </div>
 </body>
</html>
