2249 3624
703 394 1114 457 SUPPLEMENTA
1156 392 1605 455 ADNOTATIONIS.

271 643 351 683 Pag.
376 640 451 681 643,
477 640 529 673 30.
577 642 643 672 Pro
676 640 823 678 Quorum
852 640 962 669 autem
993 638 1061 669 cet.
1095 635 1323 668 scribendum
1355 644 1433 668 esse
1466 636 1557 675 Quae
1587 638 1697 666 autem
1728 634 1912 676 officiorum
1931 643 2036 674 prae-

316 822 333 838 „
380 808 455 848 644,
481 808 534 840 32.

318 877 334 894 „
381 864 456 905 645,
481 864 533 896 ⁴3.

318 990 334 1006 »
381 977 456 1017 646,
482 978 535 1010 27.

318 1159 334 1176 1)

381 1146 456 1187 647,
497 1147 529 1180 6.

325 1778 340 1794 ,.
388 1765 463 1806 648,
490 1764 541 1798 44.

389 2045 464 2085 648,
489 2046 542 2077 27.

328 2171 343 2187 n
390 2156 464 2196 654,
490 2158 543 2189 Η.

393 2271 468 2310 665,
494 2269 546 2302 34.

393 2439 468 2479 668,
493 2438 548 2471 23.

332 2675 348 2691 »
394 2662 449 2694 674
509 2661 540 2694 4.

333 2730 348 2746 »
394 2687 469 2757 672:
510 2719 529 2750 9
561 2727 613 2758 sq.
660 2716 770 2749 Aliam
796 2717 968 2747 rationem
994 2716 1095 2747 huius
1119 2714 1184 2746 loci
1211 2715 1439 2753 emendandi,
1466 2715 1521 2746 cui
1545 2716 1662 2746 tamen
1688 2713 1852 2754 equidem
1878 2713 2048 2745 Manutia-

339 3063 354 3080 ‚›
399 3052 474 3092 742,
500 3054 552 3085 26.

572 699 666 735 cepta
689 695 880 732 traduntur,
907 694 1030 726 censet
1053 693 1160 725 Henr.
1176 692 1315 724 Muther
1338 692 1372 723 in
1396 692 1506 723 Iahnii
1522 689 1657 723 Annall.
1682 689 1799 732 philol.
1828 692 1863 723 et
1886 690 2034 732 paedag.

574 750 642 783 vol.
662 750 790 782 LXXXI
813 759 846 791 p.
863 748 937 781 624.

572 815 784 847 proyressus
811 808 840 837 et
864 805 959 845 quasi
981 804 1259 836 intercessiones
1281 802 1376 834 idem
1400 801 1546 834 ibidem.

573 865 705 896 Locum
729 862 976 903 interpolatum
1001 870 1079 893 esse
1096 860 1252 893 Halmius
1277 868 1418 900 quoque
1442 859 1611 899 agnoscit,
1630 858 1693 891 sed
1714 858 1851 891 dubitat
1867 867 1910 890 an
1927 856 2037 890 verba

573 923 632 952 aut
654 920 780 951 docenti
807 919 924 960 spuria
948 919 1027 951 sint.

575 976 758 1009 Adnotatio
794 975 913 1007 critica
949 975 1000 1006 sic
1037 972 1205 1006 mutanda
1241 973 1315 1004 est:
1367 971 1625 1002 «intermissione
1654 971 1824 1002 ABHab
1857 970 1908 1011 (in
1935 970 2037 1002 ABH

577 1032 712 1066 litterae
742 1040 782 1064 ne
812 1030 947 1064 deletae
978 1031 1110 1070 sunm.»
1156 1028 1262 1062 Paulo
1295 1030 1374 1060 ante
1407 1028 1451 1060 ad
1482 1037 1513 1059 v.
1536 1027 1590 1059 23.
1625 1026 1702 1059 dele
1732 1028 1904 1068 punctum
1930 1027 2038 1059 inter—

575 1089 776 1130 rogationis.

575 1147 728 1179 Fueruut
752 1146 810 1187 qui
833 1143 1023 1186 legendum
1048 1144 1255 1175 censerent:
1290 1142 1375 1182 quod
1399 1143 1516 1181 cuique
1541 1141 1667 1182 obtigit,
1692 1141 1726 1172 id
1751 1141 1886 1180 quisque
1909 1143 2036 1172 teneat:

577 1212 708 1244 aequo
731 1203 759 1235 si
783 1203 854 1243 quis
876 1202 936 1233 sibi
955 1202 1053 1241 plus
1077 1199 1182 1241 (quod
1207 1199 1342 1231 addunt
1360 1198 1500 1230 codices
1518 1197 1649 1238 aliquot
1666 1195 1874 1238 interpolati)
1900 1200 2038 1236 appetet,

578 1259 713 1292 violabit
741 1259 791 1290 ius
820 1259 985 1290 humanae
1014 1257 1188 1288 societatis.
1236 1257 1278 1287 At
1302 1264 1371 1287 non
1398 1264 1438 1287 ea
1463 1255 1635 1287 sententia
1661 1255 1733 1293 est,
1765 1253 1934 1285 iniustum
1959 1261 2038 1285 esse

577 1324 670 1353 eum,
697 1316 755 1356 qui
781 1313 858 1356 plus
882 1314 1026 1355 appetat
1049 1320 1155 1353 quam
1180 1311 1310 1343 habeat
1335 1310 1401 1351 (vel
1427 1319 1533 1351 quam
1549 1319 1702 1350 aequum
1720 1310 1764 1342 sit
1781 1318 1862 1341 eum
1879 1308 2038 1347 habere),

578 1372 641 1405 sed
665 1379 766 1409 eum,
798 1371 856 1411 qui
881 1371 1027 1402 alienum
1050 1371 1184 1409 appetat
1207 1372 1237 1400 et
1259 1368 1313 1406 id,
1340 1368 1426 1407 quod
1449 1367 1547 1398 alteri
1570 1366 1775 1405 detraxerit,
1801 1365 1861 1397 sibi
1886 1366 2040 1396 adsumat

581 1428 635 1468 (ΙΙΙ
660 1427 762 1468 ἓ23).
810 1427 904 1464 Quae
937 1426 1109 1458 sententia
1141 1433 1234 1456 nunc
1264 1424 1348 1455 mihi
1373 1424 1419 1454 ita
1444 1423 1580 1454 restitui
1604 1430 1708 1463 posse
1733 1421 1890 1459 videtur,
1923 1421 1953 1452 si
1977 1429 2040 1462 pro

579 1484 741 1516 codicum
764 1482 915 1515 lectione
939 1491 955 1514 e
979 1490 1061 1521 quo,
1094 1489 1200 1522 quam
1232 1481 1314 1513 ferri
1345 1489 1450 1522 posse
1483 1488 1564 1512 cum
1595 1478 1668 1511 aliis
1693 1487 1802 1519 neg0,
1834 1487 1903 1509 una
1926 1477 2040 1509 littera

580 1540 695 1572 addita
721 1538 856 1571 scribas
880 1539 918 1569 de
941 1547 1004 1577 quo
1027 1538 1054 1568 si
1078 1538 1150 1577 quis
1164 1536 1224 1568 sibi
1240 1540 1381 1576 appetet,
1406 1538 1444 1568 ut
1467 1536 1728 1577 praepositione
1753 1535 1791 1566 de
1814 1533 1981 1566 demendi
2007 1535 2041 1565 et

580 1596 785 1629 detrahendi
810 1596 903 1627 notio
928 1594 1161 1634 significetur,
1188 1603 1250 1635 pro
1276 1603 1336 1632 eo,
1364 1593 1459 1634 quod
1484 1592 1586 1634 plene
1611 1592 1661 1624 sic
1685 1591 1883 1623 diceretur:
1917 1591 1954 1622 de
1978 1599 2041 1630 quo

582 1654 619 1694 (i.
639 1662 670 1685 e.
697 1653 740 1684 de
765 1660 825 1691 6ο,
853 1651 948 1692 quod
972 1650 1072 1682 alteri
1097 1650 1235 1691 obtigit)
1265 1650 1292 1682 si
1321 1651 1393 1690 qais
1423 1650 1593 1681 detrahere
1615 1652 1645 1680 et
1666 1648 1727 1680 sibi
1750 1648 1922 1679 adsumere
1943 1646 2039 1678 volet.

583 1709 633 1741 Cf.
658 1708 756 1740 Hand
773 1706 919 1741 Tursell.
947 1708 975 1739 ΙΙ
1000 1716 1033 1748 p.
1050 1706 1111 1738 ⁴88
1136 1714 1190 1747 sq.

582 1764 635 1797 Ad
664 1763 773 1796 verba
808 1773 852 1795 an
882 1763 1026 1795 consulto
1056 1766 1085 1794 et
1116 1763 1264 1803 cogitata
1290 1763 1352 1802 fiat
1382 1760 1510 1791 iniuria
1540 1759 1725 1792 conferunt
1753 1759 1869 1800 §4362
1909 1759 1954 1790 ad
1983 1759 2043 1790 hoc

582 1829 685 1862 qenus
713 1820 938 1860 castigationis
965 1828 1047 1850 raro
1077 1819 1237 1858 invitique
1264 1818 1440 1848 veniemus.
1474 1826 1506 1857 p.
1540 1817 1661 1847 Roscio
1687 1818 1764 1847 Am.
1797 1815 1915 1856 5423:
1955 1815 2044 1854 quod

581 1877 703 1908 invitus
726 1885 766 1907 ac
789 1875 970 1907 necessario
992 1875 1093 1915 facio.
1120 1874 1163 1905 ad
1181 1872 1298 1905 Famil.
1321 1873 1389 1912 VlI,
1408 1874 1467 1904 ⁵22:
1497 1872 1572 1903 bene
1592 1875 1691 1911 potus
1713 1880 1849 1911 seroque
1864 1871 2041 1902 redieram.

584 1933 651 1965 Sed
676 1933 828 1964 maxime
854 1931 995 1963 firmant
1017 1930 1205 1963 lectionem
1229 1930 1376 1971 coyitata
1406 1938 1496 1970 quae
1522 1937 1601 1960 mox
1629 1930 1842 1969 sequuntur:
1875 1937 1935 1967 ea,
1961 1936 2045 1968 quac

582 1990 741 2021 meditata
762 1992 792 2020 et
810 1991 1020 2028 praeparata
1042 1987 1244 2027 inferuntur.

583 2048 648 2078 Pro
680 2044 829 2077 lectione
861 2044 992 2076 codicis
1022 2052 1040 2075 c
1070 2044 1105 2074 in
1128 2043 1233 2074 attero
1257 2042 1449 2082 delinquunt
1481 2039 1709 2073 scribendum
1741 2048 1820 2072 esse
1845 2040 1881 2071 in
1903 2040 2045 2072 alterum

584 2101 730 2132 vitium
757 2101 906 2132 incidunt
937 2100 1137 2140 suspicatur
1160 2097 1329 2130 Halmius.

582 2157 619 2188 In
655 2157 819 2188 contextu
854 2154 1046 2187 verborum
1081 2153 1197 2187 scribe
1233 2154 1404 2194 diligimur
1419 2178 1426 2192 ,
1467 2153 1501 2184 in
1538 2152 1817 2184 commentario:
1865 2151 2046 2193 diligamur

586 2215 612 2245 A
623 2212 662 2244 B²
673 2221 695 2245 a
706 2214 726 2244 b
741 2221 772 2245 c.

587 2271 780 2311 Receptum
802 2267 994 2300 verborum
1020 2268 1180 2299 ordinem
1205 2266 1456 2298 commendant
1480 2266 1585 2297 etiam
1608 2264 1735 2303 verba,
1771 2273 1860 2304 quae
1884 2262 2047 2304 leguntur

589 2327 615 2357 ll
634 2325 724 2366 §87z
752 2326 810 2357 Res
834 2328 944 2356 autem
966 2324 1146 2364 familiaris
1169 2323 1313 2363 quaeri
1337 2322 1426 2354 debet
1448 2322 1488 2353 iis
1510 2322 1616 2360 rebus,
1643 2330 1665 2352 a
1688 2320 1804 2360 quibus
1826 2319 1914 2351 abest
1936 2319 2047 2360 turpi-

588 2383 678 2421 tudo,
703 2382 894 2413 conservari
917 2385 1027 2412 autem
1051 2380 1221 2421 diligentia
1244 2383 1273 2411 et
1292 2379 1514 2419 parsimonia,
1533 2379 1650 2410 eisdem
1667 2379 1766 2409 etiam
1782 2377 1877 2409 rebus
1892 2376 2044 2417 augeri.

588 2437 880 2470 Emendationem
904 2437 1143 2477 Madvigianae
1172 2436 1365 2467 admodum
1389 2434 1539 2467 similem
1564 2434 1766 2475 nuperrime
1791 2433 1882 2464 hanc
1906 2429 2048 2473 protulit

588 2495 696 2526 Maur.
716 2493 866 2534 Seyffert
889 2493 1051 2532 (Zeitschr.
1068 2493 1125 2533 fiir
1140 2493 1200 2523 das
1217 2491 1454 2531 Gymnasialw.
1480 2491 1537 2522 XV
1562 2499 1594 2531 p.
1616 2490 1655 2521 63
1681 2490 1791 2530 sqq.):
1821 2488 1912 2519 Alter
1933 2491 1990 2525 est,
2015 2487 2042 2518 si

591 2554 733 2590 tempore
753 2551 790 2591 fit
818 2553 855 2581 et
882 2551 909 2581 si
932 2550 1066 2580 remisso
1089 2550 1219 2587 animo,
1251 2549 1434 2579 maasimo
1464 2547 1592 2579 homine
1614 2547 1748 2587 dignm,
1774 2546 1859 2577 alter
1881 2553 1920 2576 ne
1943 2543 2044 2576 libero

591 2606 731 2646 quidem,
756 2606 783 2637 si
805 2614 918 2636 rerum
942 2605 1139 2645 turpitudini
1164 2604 1336 2635 adhibetur
1356 2603 1533 2634 verborum
1556 2602 1746 2634 obscenitas

587 2665 654 2695 Pro
679 2670 743 2693 esse
765 2669 797 2692 se
820 2659 1024 2701 simpliciter
1047 2668 1079 2691 se
1102 2658 1155 2690 vel
1180 2668 1246 2690 sese
1269 2658 1500 2690 scribendum
1526 2659 1647 2690 censet
1671 2657 1838 2689 Halmius.

592 2783 673 2806 nam
698 2775 732 2805 et
754 2771 901 2814 praetuli
926 2774 960 2803 et
983 2771 1163 2813 praefero,
1199 2772 1318 2802 Herm.
1345 2771 1516 2812 Sauppius
1540 2771 1632 2801 hanc
1655 2770 1745 2808 iniit,
1779 2771 1816 2800 ut
1841 2769 2048 2801 Cleeronem

591 2830 773 2871 scripsisse
803 2828 1050 2860 arbitraretur:
1091 2828 1178 2858 Nam
1209 2828 1295 2866 quod
1317 2827 1489 2858 Herculem
1519 2830 1564 2858 est
1595 2826 1685 2865 apud
1707 2825 1948 2865 Xenophontem
1978 2825 2045 2855 cet.

595 2887 652 2917 «In
685 2885 840 2925 margine
876 2883 1131 2915 adnotaverant.
1164 2881 1218 2914 vel
1254 2883 1405 2914 Socrates
1437 2883 1514 2913 dicit
1547 2881 1601 2913 vel
1635 2882 1791 2913 Prodicus
1821 2881 1920 2919 dicit,
1957 2888 2046 2920 quae

594 2941 721 2974 deinde
751 2941 871 2973 verbis
905 2939 1083 2972 Ciceronis
1119 2940 1247 2971 inserta
1283 2941 1320 2970 ut
1354 2938 1498 2979 reliquis
1527 2938 1880 2970 accommodarentur
1908 2938 1943 2968 et
1973 2936 2046 2977 ipsa

593 3000 724 3030 mutata
749 2999 830 3030 sunt
854 2998 888 3029 et
911 2995 1080 3038 particula
1106 3004 1195 3036 quae
1221 2998 1274 3027 est
1295 2999 1331 3026 ut
1355 2996 1473 3027 addita
1499 2996 1584 3027 est.»

592 3053 708 3085 Verba
732 3053 869 3085 seclusa
895 3053 969 3092 (aut
986 3052 1155 3090 Aristides)
1183 3050 1368 3092 desumpta
1393 3052 1556 3083 videntur
1579 3060 1621 3082 ex
1645 3051 1702 3088 iis,
1736 3057 1825 3090 quae
1850 3047 1940 3079 dicta
1966 3048 2047 3079 sunt

595 3110 639 3141 ΙΙΙ
664 3109 758 3150 ἓ87ε
791 3109 956 3147 Fabricio,
982 3108 1039 3147 qui
1063 3107 1139 3139 tatis
1161 3107 1195 3137 in
1217 3106 1279 3137 hac
1301 3106 1381 3139 urbe
1404 3107 1513 3148 quatis
1534 3106 1691 3138 Aristides
1711 3105 1840 3137 Athenis
1860 3103 1936 3144 fuit.

1037 3263 1303 3271 ---.-———-—
