2249 3624
558 152 644 191 Lm.
676 151 743 190 IV.
784 149 879 189 CAP.
910 147 1198 188 xlx—XXI.
1234 145 1293 199 §§
1325 142 1514 184 52—59.
1832 139 1910 181 469

157 269 411 320 repugnante
442 269 585 304 natura
618 262 740 302 verba
772 274 934 301 versare
975 260 1113 313 coepit
1158 265 1199 299 et
1238 260 1416 312 primum
1447 258 1570 297 rebus
1602 256 1671 302 iis,
1704 267 1806 308 quas
1838 267 1910 293 nos

158 330 287 368 bonas
328 327 522 373 dicimus,
566 326 771 365 concessit
811 330 853 363 nt
894 323 1144 362 haberentur
1183 328 1301 375 aptae
1343 317 1533 374 [habiles]
1569 324 1609 358 et
1638 317 1688 358 ad
1722 323 1910 356 naturam

159 389 510 434 accommodatae,
543 388 745 441 faterique
778 387 913 438 coepit
945 385 1145 437 sapienti,
1179 385 1255 424 boc
1289 389 1351 422 est
1382 396 1541 422 summe
1565 382 1699 427 beato,
1731 393 1912 419 commo-

159 455 252 494 dius
285 458 419 491 tameu
453 464 562 497 esse,
594 451 628 488 si
660 463 707 488 ea
740 462 908 501 quoque
940 448 1110 493 habeat,
1144 460 1252 499 quae
1285 447 1393 484 bona
1426 458 1509 484 non
1541 444 1665 484 audet
1687 441 1911 496 appellare,

161 522 331 556 naturae
363 511 671 552 accommodata
704 524 794 548 esse
827 510 1041 554 concedit,
1075 515 1281 561 negatque
1314 508 1542 553 Platonem,
1575 507 1608 545 si
1641 506 1805 559 sapiens
1828 511 1943 543 non5

159 579 230 622 sit,
264 575 406 614 eadem
439 587 530 612 esse
563 574 601 611 in
635 586 756 611 eausa
791 584 871 622 qua
905 577 1122 622 tyranuum
1159 571 1421 622 Dionysium:
1453 570 1549 608 huic
1581 569 1683 608 mori
1711 567 1911 620 optimum

158 651 249 677 esse
282 642 450 688 propter
482 634 817 686 desperationem
851 633 1100 684 sapientiae,
1135 633 1192 671 illi
1228 639 1396 684 propter
1418 646 1532 685 spem
1556 633 1712 676 vivere;
1746 633 1913 681 peccata

157 706 293 739 antem
327 698 473 748 partim
507 709 598 734 esse
631 694 882 739 tolerabilia,
925 696 1070 745 partim
1109 695 1223 732 nullo
1255 694 1400 740 inodo,
1441 700 1656 747 propterea
1689 692 1800 745 quod
1832 690 1913 730 alia

157 764 320 813 peccata
361 758 519 809 plures,
562 757 642 795 alia
686 757 902 807 panciores
946 758 1063 807 qnasi
1105 770 1299 795 numeros
1331 756 1454 795 oflicii
1497 756 1791 808 praeterirent;
1834 754 1913 792 iam

157 821 401 872 insipientes
443 820 547 858 alios
588 819 643 857 ita
676 832 789 863 esse,
833 823 876 855 ut
914 817 1027 855 nullo
1061 818 1182 856 modo
1213 818 1262 856 ad
1296 818 1540 869 sapientiam
1573 823 1742 870 possent
1772 822 1966 869 perve-40

156 884 264 928 nire,
307 882 430 928 alios,
471 882 540 934 qui
574 886 762 933 possent,
809 880 841 917 si
875 879 914 918 id
948 879 1155 929 egissent,
1195 880 1438 931 sapientiam
1472 881 1685 932 consequi.
1745 878 1809 917 ΞΠ.
1842 878 1917 916 llic

156 945 400 998 loquebatur
437 944 557 983 aliter
593 949 719 995 atque
761 954 927 987 oniues,
969 941 1171 980 sentiebat
1213 942 1321 980 idem
1365 942 1474 994 quod
1508 943 1646 980 ceteri.
1705 943 1787 980 Nec
1819 952 1915 979 vero

155 1008 324 1048 minoris
356 1005 613 1045 aestimanda
646 1004 819 1043 ducebat
853 1016 922 1049 ea,
957 1017 1063 1056 qnae
1097 1004 1184 1055 ipse
1216 1003 1325 1042 bona
1358 1010 1525 1055 negaret
1556 1018 1665 1050 esse,
1697 1017 1821 1056 quam
1844 1002 1917 1047 illi,

157 1071 227 1123 qui
260 1082 307 1108 ea
338 1069 445 1107 bona
477 1080 567 1107 esse
599 1067 805 1105 dicebant.
872 1066 983 1113 Quid
1017 1065 1142 1115 iggitur
1173 1065 1304 1105 voluit
1342 1065 1418 1104 sibi
1460 1066 1530 1118 qui
1570 1066 1638 1104 illa
1670 1064 1916 1104 mutaverit?

157 1132 309 1171 Saltem
342 1131 498 1183 aliquid
533 1129 581 1167 de.
616 1128 802 1181 pondere
836 1128 1084 1166 detraxisset
1116 1133 1155 1166 et
1187 1127 1311 1179 paulo
1344 1128 1515 1166 minoris
1547 1128 1848 1166 aestimavisset
1870 1134 1967 1165 eat-'5

156 1207 279 1246 qnam
311 1192 594 1245 Peripatetici,
627 1197 671 1229 ut
702 1190 857 1229 sentire
891 1204 1062 1243 quoque
1095 1190 1230 1236 alind,
1263 1204 1345 1228 non
1379 1190 1512 1228 solum
1536 1190 1672 1228 dicere
1696 1189 1916 1228 videretur.

157 1256 297 1304 Quid?
346 1255 395 1293 de
442 1255 529 1307 ipsa
572 1254 689 1292 beata
731 1253 831 1298 vita,
879 1253 929 1291 ad
968 1266 1091 1304 quam
1135 1252 1272 1290 omnia
1305 1251 1562 1298 referuntur,
1610 1264 1717 1304 quae
1750 1250 1916 1289 dicitis?

155 1319 322 1369 *Negatis
355 1330 444 1355 eam
478 1330 588 1362 esse,
621 1328 727 1367 qnae
760 1314 925 1366 expleta
957 1316 1009 1353 sit
1040 1315 1089 1353 iis
1122 1314 1245 1353 rebus
1278 1315 1481 1360 omnibus,
1510 1327 1613 1366 quas
1644 1319 1787 1353 natura
1810 1312 1919 1351 desi-

156 1382 291 1426 deret,
323 1385 539 1431 totamque
572 1391 660 1416 eam
697 1377 737 1415 in
768 1390 849 1416 una
881 1377 1033 1416 virtute
1068 1377 1244 1429 ponitis,
1277 1391 1455 1429 cumque
1480 1377 1613 1415 omnis
1636 1374 1918 1415 controversia

155 1450 226 1484 aut
257 1443 307 1482 de
338 1456 381 1481 re.
415 1441 546 1481 soleat
576 1446 646 1479 aut
678 1440 727 1479 de
760 1440 927 1478 nomine
960 1453 1071 1486 esse,
1102 1445 1278 1491 utraque
1312 1452 1452 1478 earum
1479 1440 1671 1485 nascitur,
1704 1439 1737 1477 si
1761 1442 1830 1477 aut
1854 1449 1918 1475 res
1936 1446 1970 1474 ι30

158 1507 372 1559 ignoratur
403 1509 474 1543 ant
506 1509 668 1542 erratur
699 1502 740 1540 in
776 1502 954 1541 nomine.
1016 1502 1203 1548 Quorum
1237 1502 1271 1540 si
1303 1507 1494 1540 neutrum
1527 1506 1606 1547 est,
1639 1513 1763 1552 opera
1784 1499 1919 1538 danda

155 1574 217 1608 est
259 1573 303 1607 ut
333 1566 468 1605 verbis
507 1571 670 1605 utanuu·
702 1578 825 1617 quam
869 1565 1148 1603 usitatissimis
1181 1570 1219 1603 et
1251 1577 1372 1616 quam
1406 1564 1585 1602 maxime
1617 1563 1746 1615 aptis,
1786 1560 1827 1600 id
1860 1567 1921 1599 est

154 1644 240 1670 rem
273 1628 592 1668 declarantibus.
655 1627 720 1666 238.
752 1628 858 1666 Num
892 1627 1018 1678 igitur
1050 1627 1218 1665 dubium
1253 1632 1315 1665 est
1347 1626 1469 1679 quin,
1502 1626 1534 1664 si
1567 1626 1607 1664 in
1640 1638 1683 1664 re
1706 1625 1795 1677 ipsa
1816 1623 1920 1662 nihil

154 1697 348 1746 peccatur
379 1704 401 1729 a
433 1690 742 1742 superioribus,
775 1689 911 1728 verbis
945 1689 1002 1727 illi
1036 1688 1296 1728 commodius
1323 1689 1519 1727 utantur?
1552 1687 1776 1727 Videamus
1798 1686 1921 1738 igitur

158 1754 383 1794 sententias
417 1766 583 1799 eorum,
617 1759 700 1791 tum
733 1752 783 1790 ad
817 1752 939 1790 verba
971 1752 1201 1790 redeamus.
1934 1758 1972 1787 25

267 1815 380 1854 XXI.
413 1815 562 1853 Dicunt
593 1815 893 1866 appetitionem
927 1814 1050 1852 animi
1083 1814 1261 1860 moveri,
1303 1827 1393 1852 cum
1427 1812 1587 1866 aliquid
1621 1812 1658 1852 ei
1692 1810 1920 1851 secundum

156 1885 344 1919 naturam
378 1890 468 1916 esse
501 1878 708 1923 videatur,
750 1878 996 1929 omniaque,
1041 1890 1147 1928 quae
1180 1875 1409 1915 secundum
1442 1881 1632 1914 naturam
1665 1874 1767 1920 sint,
1798 1872 1922 1912 aesti-

157 1942 337 1980 matione
369 1939 508 1991 aliqua
542 1939 689 1990 digna,
732 1952 863 1991 eaque
896 1953 967 1990 pro
1001 1952 1072 1985 eo,
1118 1944 1316 1991 quantum
1350 1938 1391 1976 in
1425 1950 1595 1990 quoque
1627 1938 1680 1976 sit
1712 1936 1921 1990 ponderis,

157 2017 246 2043 esse
280 2002 557 2047 aestimanda,
605 2015 798 2054 quaeque
832 2000 1063 2039 secundum
1098 2006 1283 2039 naturam
1318 2001 1421 2046 sint,
1456 2001 1602 2053 partim
1635 1999 1738 2039 nihil
1770 1999 1921 2038 hahere

155 2066 196 2104 iu
229 2078 320 2103 sese
353 2064 441 2102 eius
473 2063 767 2115 appetitionis,
800 2063 850 2101 de
883 2076 965 2116 qua
997 2076 1119 2116 saepe
1152 2064 1229 2102 iam
1265 2063 1468 2109 diximus,
1502 2076 1609 2115 quae
1640 2076 1716 2102 nee
1747 2062 1971 2100 honesta30

156 2141 231 2167 nee
264 2126 486 2165 laudabilia
519 2125 728 2172 dicantur,
772 2126 942 2177 partim,
981 2139 1088 2178 quae
1122 2126 1376 2178 voluptatem
1408 2125 1589 2164 habeant
1619 2126 1659 2164 in
1693 2124 1804 2163 omni
1835 2124 1922 2162 ani—
1952 2111 1956 2119 ’

157 2195 313 2234 mante,
348 2188 417 2226 sed
452 2188 493 2225 iu
525 2187 694 2226 homine
727 2188 930 2226 rationem
964 2188 1112 2235 etia1n;
1148 2203 1199 2227 ex
1222 2202 1269 2227 ea
1293 2201 1399 2240 quae
1423 2188 1505 2227 sint
1525 2193 1632 2240 apta,
1663 2201 1710 2226 ea
1732 2187 1922 2232 honesta,

157 2265 203 2291 ea
247 2250 434 2303 pulchra,
476 2263 522 2289 ea
562 2250 812 2296 laudabilia,
857 2250 928 2289 illa
966 2256 1105 2289 autem
1148 2251 1363 2302 superiora
1407 2250 1611 2289 naturalia
1643 2250 1923 2298 nominantur,

157 2326 263 2366 quae
313 2312 531 2352 coniuncta
577 2327 667 2351 cuin
715 2313 901 2351 honestis
949 2314 1073 2352 vitam
1120 2313 1281 2352 beatam
1329 2313 1550 2365 perficiunt
1600 2317 1640 2351 et
1689 2311 1922 2350 absolvunt.

158 2375 223 2414 59.
257 2375 450 2414 Omnium
483 2382 619 2414 antem
653 2388 794 2414 eorum
830 2375 1166 2419 commodorum,
1210 2375 1360 2427 quibus
1394 2389 1474 2414 non
1507 2375 1567 2413 illi
1598 2374 1692 2426 plus
1724 2373 1921 2418 tribuunt,
1935 2382 1972 2409 355

158 2439 227 2491 qui
261 2438 331 2476 illa
361 2438 468 2476 bona
510 2451 599 2476 esse
633 2437 798 2483 dicunt,
839 2451 961 2490 quam
994 2439 1130 2484 Zeno,
1173 2439 1245 2490 qui
1277 2443 1420 2488 negat,
1464 2437 1586 2488 longe
1618 2434 1923 2488 praestantissi-

158 2515 269 2540 mum
316 2514 407 2539 esse
452 2499 562 2553 quod
605 2500 826 2539 honestum
868 2505 977 2538 esset
1018 2505 1147 2552 atque
1189 2500 1416 2546 laudabile,
1466 2499 1538 2538 sed
1570 2499 1604 2538 si
1636 2498 1719 2537 duo
1749 2496 1923 2536 honesta

158 2563 368 2616 proposita
405 2563 505 2609 siut,
547 2562 721 2601 alterum
760 2575 852 2600 cnm
888 2562 1147 2608 valetudine,
1180 2562 1353 2601 alterum
1389 2576 1480 2601 cum
1512 2561 1676 2607 morbo,
1717 2572 1800 2598 non
1831 2572 1922 2597 esse

159 2625 354 2671 dubium,
395 2624 445 2663 ad
490 2630 625 2662 utrum
670 2637 811 2663 eorum
855 2630 1001 2663 natura
1044 2637 1120 2662 nos
1162 2624 1252 2676 ipsa
1290 2624 1519 2663 deductura
1558 2624 1632 2668 sit,
1672 2622 1743 2661 sed
1785 2627 1920 2660 tamen

157 2692 313 2726 tantam
356 2686 436 2725 vim
478 2699 569 2725 esse
615 2686 846 2725 honestatis
890 2690 1135 2739 tantumque
1179 2699 1267 2726 eam
1315 2687 1439 2725 rebus
1485 2685 1677 2724 omnibus
1712 2690 1972 2737 praestarem

155 2861 292 2899 poenica
317 2861 359 2896 133
395 2860 521 2898 poetica
551 2859 654 2890 codd.
684 2858 858 2899 plerique:
894 2859 1063 2890 Phoenicia
1101 2861 1284 2891 Manutius.
1312 2877 1351 2882 —-
1380 2860 1407 2889 Ξ.
1435 2859 1571 2889 dicimus
1593 2859 1637 2889 B:
1665 2859 1811 2889 ducimus
1836 2858 1859 2888 Ο
1886 2874 1918 2879 -

159 2913 256 2948 aptae
274 2913 300 2939 el
317 2909 437 2939 habiles
454 2910 643 2949 Madxigius
665 2911 706 2939 tiu
728 2911 1012 2948 continentur-tom
1039 2910 1160 2940 habiles
1184 2909 1308 2940 (Ji-ollio
1334 2910 1477 2938 auctore
1503 2907 1722 2939 seclusimus.
1746 2924 1779 2929 —-
1807 2909 1837 2938 5.
1865 2917 1924 2937 na-

159 2963 252 2989 turae
276 2960 523 2989 accommodam
550 2960 757 2997 Madvigius:
786 2963 908 2989 natura
933 2969 969 2988 ea
995 2961 1203 2990 commoritura
1230 2960 1271 2991 13:
1300 2962 1420 2987 ruitura
1448 2966 1485 2987 ea
1510 2958 1714 2988 commodam
1731 2958 1774 2993 E;
1800 2960 1924 2987 ”sslw'tl

160 3008 230 3047 ipsa
253 3009 457 3038 c‹;·mmodczl‹1
484 3011 508 3039 ()
537 3026 569 3030 -
610 3010 626 3038 7
665 3009 791 3046 parlim
819 3012 925 3039 autem
950 3013 1084 3047 pervasa
1114 3010 1136 3040 Β
1171 3027 1203 3031 —-
1243 3009 1274 3039 8>
1305 3010 1403 3037 essent
1428 3007 1492 3037 loll.
1523 3007 1546 3037 B
1582 3025 1615 3029 —
1647 3007 1677 3037 9.
1710 3007 1813 3046 quasi]
1842 3015 1925 3044 qvas

160 3058 182 3087 B
200 3058 222 3088 Ε
246 3075 288 3079 -
314 3058 364 3087 vtt).
388 3061 521 3096 possunt
543 3059 714 3095 peruenire
740 3059 761 3088 Β
789 3076 821 3079 —-
852 3059 902 3088 «12.
929 3059 1110 3089 sumebant
1135 3060 1158 3090 B
1179 3076 1211 3079 —
1243 3059 1292 3088 st53.
1320 3058 1390 3096 ipsa
1418 3057 1440 3086 Β
1463 3075 1495 3078 -
1523 3065 1624 3095 quam
1648 3057 1694 3086 illi
1712 3072 1760 3078 --
1777 3056 1925 3086 dicebant

160 3116 223 3137 esse
247 3116 314 3137 om.
345 3107 366 3137 ti
385 3124 425 3128 —
452 3106 501 3137 14.
529 3107 674 3137 clia-ebant
699 3116 763 3137 esse
789 3108 810 3137 Β
832 3124 863 3127 -
896 3109 945 3137 stti.
974 3109 1064 3138 aceud
1089 3117 1214 3146 quoque
1241 3108 1261 3138 Β
1283 3125 1316 3129 —-
1347 3107 1397 3137 48.
1424 3107 1481 3144 hys
1504 3106 1597 3137 rebus
1621 3105 1767 3137 omnibus
1784 3106 1825 3140 133
1853 3113 1923 3135 om-

163 3157 254 3186 uibus
277 3156 316 3186 its
341 3156 434 3186 rebus
458 3158 482 3185 t)
512 3174 543 3178 —
571 3158 622 3187 Ἡ.
649 3160 693 3186 esc
718 3159 795 3187 aute
821 3159 855 3186 πί
879 3166 948 3187 om.
976 3158 998 3187 B
1028 3176 1061 3179 —
1090 3158 1141 3188 Ξῖ.
1169 3158 1277 3187 omnia
1304 3164 1426 3195 queque
1451 3157 1474 3186 B
1493 3156 1535 3193 E3
1563 3156 1644 3186 item
1671 3165 1703 3196 p.
1732 3156 1804 3192 1170,
1831 3155 1861 3186 2.
1881 3171 1923 3176 -—

164 3206 213 3235 ¹28.
241 3216 365 3245 quoque
391 3206 577 3236 Manutius:
606 3215 734 3245 quaque
758 3206 860 3237 codd.
883 3224 916 3228 —-
945 3206 996 3238 31.
1023 3207 1137 3237 habeut
1164 3208 1185 3237 Β
1208 3225 1241 3228 ψ
1269 3206 1321 3236 32.
1349 3214 1390 3236 equ
1414 3213 1452 3236 ea
1478 3206 1518 3236 13:
1545 3215 1586 3236 ew
1610 3206 1654 3236 eis
1678 3206 1701 3235 O
1723 3222 1755 3226 —
1785 3204 1835 3236 35.
1863 3202 1920 3244 illu]

163 3255 224 3286 illis
248 3257 270 3286 Β
300 3274 331 3278 -
359 3256 411 3286 39.
440 3255 559 3296 ulrum]
585 3260 758 3296 utrumque
782 3257 816 3287 Β.
