2249 3624
253 110 336 152 680
971 108 1040 147 DE
1073 107 1298 148 OFFICIIS

255 220 456 266 afferunt,
487 216 685 258 adhibere
717 214 861 255 doctos
892 212 1083 254 homines
1116 214 1182 253 vel
1214 214 1337 254 etiam
1368 228 1447 254 usu
1479 214 1637 267 peritos
1669 219 1721 263 et,
1753 215 1854 270 quid
1885 216 1936 256 iis
1967 217 2019 258 de

256 296 427 337 quoque
459 278 585 320 officii
616 292 768 331 genere
802 277 984 330 placeat,
1017 277 1251 330 exquirere.
1311 277 1446 317 Maior
1477 277 1589 316 enim
1622 290 1716 330 pars
1749 291 1798 318 eo
1827 278 1916 318 fere
1949 279 2022 319 de-

254 345 353 386 ferri
386 344 513 390 solet,
556 355 640 395 quo
672 354 695 380 a
726 345 874 380 natura
905 341 995 392 ipsa
1028 339 1261 388 deducitur.
1322 339 1369 378 In
1402 339 1552 393 quibus
1583 340 1811 380 videndum
1844 346 1906 382 est
1935 356 2022 382 non

256 408 380 449 modo
412 406 512 460 quid
543 405 727 458 quisque
758 403 974 456 loquatur,
997 402 1070 442 sed
1093 402 1219 442 etiam
1242 401 1342 455 quid
1365 400 1546 455 quisque
1570 403 1724 442 sentiat
1750 407 1875 457 atque
1897 404 2023 444 etiam

223 471 307 517 5de
338 483 420 523 qua
448 480 574 508 causa
604 467 784 520 quisque
816 465 981 505 sentiat.
1041 465 1092 504 Ut
1123 465 1233 504 enim
1266 465 1447 517 pictores
1480 469 1519 504 et
1549 464 1602 511 ii,
1644 466 1717 518 qui
1750 466 1869 519 signa
1899 466 2025 506 fabri-

255 538 419 578 cantur,
460 536 502 570 et
540 543 638 569 vero
682 529 806 569 etiam
849 533 998 581 poetae
1040 542 1161 567 suum
1203 529 1385 581 quisque
1417 541 1521 580 opus
1553 541 1577 567 a
1606 528 1733 580 vulgo
1765 528 2023 568 considerari

254 596 365 643 vult,
403 598 470 640 ut,
510 593 544 632 si
585 591 684 646 quid
723 591 1027 644 reprehensum
1068 591 1121 631 sit
1159 605 1182 631 a
1213 591 1425 645 pluribus,
1466 590 1508 630 id
1540 591 1796 643 corrigatur,
1836 591 1952 645 iique
1985 595 2026 631 et

254 671 396 699 secum
428 661 468 696 et
497 655 548 694 ab
580 654 694 701 aliis,
737 654 839 707 quid
870 654 911 693 in
943 667 992 693 eo
1024 659 1240 706 peccatum
1273 654 1347 700 sit,
1388 653 1632 706 exquirunt,
1665 654 1723 693 sic
1753 654 1931 694 aliorum
1960 655 2026 694 iu-

255 721 365 762 dicio
396 717 606 773 permulta
637 716 759 756 nobis
801 720 842 755 et
880 716 1069 756 facienda
1111 722 1151 756 et
1189 729 1272 755 non
1304 715 1496 755 facienda
1528 722 1568 756 et
1598 717 1794 757 mutanda
1827 722 1867 757 et
1897 716 2026 757 corri-

205 799 240 828 40
254 784 388 838 genda
419 785 530 821 sunt.
591 777 684 818 448.
718 779 835 827 Quae
867 792 965 818 vero
998 792 1111 819 more
1143 784 1319 831 agentur
1349 778 1637 832 institutisque
1667 779 1877 827 civilibus,
1900 779 1952 819 de
1973 779 2024 819 iis

252 845 359 886 nihil
391 849 452 884 est
482 842 851 896 praecipiendum;
893 842 963 881 illa
996 842 1106 881 enim
1138 842 1228 894 ipsa
1260 846 1485 894 praecepta
1516 846 1629 889 sunt,
1660 855 1739 881 nec
1770 855 2024 896 quemquam

252 909 333 949 hoc
364 919 503 947 errore
536 905 631 945 duci
663 909 839 958 oportet,
871 909 934 951 ut,
967 904 1000 944 si
1034 905 1133 958 quid
1168 904 1360 944 Socrates
1390 908 1462 943 aut
1492 903 1730 956 Aristippus
1763 909 1907 944 contra
1938 917 2025 943 mo-

253 985 340 1012 rem
371 967 805 1021 consuetudinemque
838 967 1001 1006 civilem
1033 967 1210 1006 fecerint
1240 966 1420 1006 locutive
1443 966 1544 1013 sint,
1568 966 1678 1006 idem
1702 966 1780 1006 sibi
1802 967 2026 1006 arbitretur

253 1035 401 1075 licere:
435 1031 594 1084 magnis
625 1030 685 1070 illi
719 1035 759 1070 et
791 1029 941 1070 divinis
975 1028 1095 1069 bonis
1128 1029 1234 1069 hanc
1268 1027 1481 1068 licentiam
1504 1029 1854 1082 assequebantur.
1902 1029 2026 1084 Cyni-

204 1112 241 1141 45
255 1110 399 1138 corum
429 1108 529 1134 vero
560 1093 668 1133 ratio
700 1098 788 1132 tota
819 1098 882 1132 est
913 1092 1125 1139 eicienda;
1168 1096 1231 1131 est
1262 1091 1374 1131 enim
1405 1091 1575 1130 inimica
1605 1091 1902 1138 verecundiae,
1935 1093 2025 1132 sine

254 1173 337 1214 qua
367 1157 473 1198 nihil
503 1161 664 1196 rectum
697 1169 788 1195 esse
819 1160 980 1208 potest,
1003 1155 1109 1194 nihil
1131 1155 1370 1194 honestum.
1432 1151 1526 1194 449.
1559 1155 1641 1194 Eos
1662 1160 1821 1202 autem,
1844 1167 2026 1208 quorum

253 1224 337 1264 vita
368 1224 588 1276 perspecta
627 1218 670 1258 in
708 1218 830 1258 rebus
862 1218 1051 1258 honestis
1083 1223 1209 1271 atque
1241 1215 1401 1270 magnis
1434 1222 1518 1264 est,
1560 1217 1667 1258 bene
1698 1217 1750 1257 de
1780 1230 1825 1257 re
1857 1217 2026 1269 publica

254 1285 484 1326 sentientes
533 1296 580 1322 ac
624 1282 732 1321 bene
783 1281 952 1320 meritos
995 1287 1069 1321 aut
1109 1286 1315 1321 merentes
1357 1280 1441 1327 sic,
1482 1285 1528 1319 ut
1569 1280 1712 1334 aliquo
1754 1280 1914 1320 honore
1954 1284 2028 1320 aut

253 1347 428 1402 imperio
460 1346 653 1392 affectos,
693 1342 916 1383 observare
959 1351 998 1383 et
1038 1344 1174 1384 colere
1207 1344 1428 1390 debemus,
1475 1342 1659 1383 tribuere
1692 1344 1814 1383 etiam
1846 1343 2024 1383 multum

203 1425 240 1454 20
254 1409 483 1456 senectuti,
523 1409 670 1448 cedere
701 1408 774 1453 iis,
816 1407 889 1460 qui
921 1407 1207 1459 magistratum
1238 1406 1474 1453 habebunt,
1506 1405 1660 1446 habere
1691 1405 1890 1446 dilectum
1922 1405 2025 1446 civis

254 1479 296 1514 et
324 1471 535 1526 peregrini
565 1471 607 1510 in
639 1471 816 1524 ipsoque
848 1470 1093 1522 peregrino,
1138 1470 1383 1522 privatimne
1426 1482 1476 1508 an
1518 1469 1685 1522 publice
1725 1469 1902 1509 venerit.
1961 1469 2025 1509 Ad

254 1548 472 1581 summam,
502 1546 554 1573 ne
585 1545 704 1586 agam
736 1532 787 1572 de
819 1532 1010 1584 singulis,
1042 1544 1303 1571 communem
1335 1532 1462 1571 totius
1494 1533 1659 1584 generis
1687 1532 1903 1572 hominum
1926 1544 2026 1572 con-

254 1598 509 1639 ciliationem
542 1600 583 1635 et
613 1594 967 1635 consociationem
1001 1594 1158 1640 colere,
1192 1593 1322 1641 tueri,
1353 1607 1520 1634 servare
1553 1594 1767 1634 debemus.

367 1660 493 1700 XLII.
536 1656 629 1697 450.
671 1659 756 1697 Iam
788 1657 839 1696 de
871 1655 1056 1696 artificiis
1098 1662 1139 1697 et
1178 1657 1443 1709 quaestibus,
1484 1658 1553 1711 qui
1595 1658 1789 1697 liberales
1828 1657 2024 1706 habendi,

202 1735 239 1765 25
254 1724 325 1777 qui
357 1722 514 1762 sordidi
545 1720 640 1767 sint,
671 1720 776 1760 haec
805 1719 892 1759 fere
924 1720 1176 1772 accepimus.
1236 1719 1419 1758 Primum
1444 1720 1733 1773 improbantur
1756 1720 1784 1760 ii
1808 1726 2023 1774 quaestuS,

255 1786 329 1839 qui
358 1785 401 1825 in
433 1784 527 1823 odia
559 1783 776 1822 hominum
808 1782 1046 1829 incurrunt,
1088 1788 1133 1822 ut
1164 1782 1435 1835 portitorum,
1467 1789 1513 1822 ut
1544 1782 1865 1823 faeneratorum.
1926 1783 2025 1822 Inli-

253 1848 415 1888 berales
460 1852 596 1886 autem
640 1851 680 1885 et
722 1845 880 1885 sordidi
922 1850 1120 1897 quaestus
1163 1846 1542 1884 mercennariorum
1585 1846 1798 1892 omnium,
1845 1859 2023 1899 quorum

254 1924 431 1964 operae,
472 1922 558 1949 non
601 1922 777 1962 quorum
818 1914 926 1947 artes
960 1912 1177 1955 emuntur3
1220 1912 1279 1946 est
1312 1907 1421 1946 enim
1452 1907 1494 1946 in
1525 1907 1609 1946 illis
1641 1908 1731 1961 ipsa
1761 1921 1920 1948 merces
1951 1922 2025 1949 au-

255 1976 559 2013 ctoramentum
591 1971 815 2011 servitutis.
878 1970 1044 2010 Sordidi
1083 1971 1205 2010 etiam
1249 1969 1447 2022 putandi,
1488 1970 1559 2023 qui
1598 1976 1834 2010 mercantur
1863 1984 1886 2011 a
1918 1984 2024 2011 mer-

203 2035 490 2082 aocatoribus‚
531 2033 644 2088 quod
686 2034 825 2073 statim
866 2033 1074 2080 vendant;
1126 2032 1227 2072 nihil
1260 2033 1369 2072 enim
1401 2033 1643 2085 proficiant,
1686 2033 1767 2073 nisi
1797 2033 2023 2074 admodum

254 2097 521 2143 mentiantur,
552 2109 630 2135 nec
660 2109 760 2135 vero
793 2101 855 2135 est
886 2096 1111 2149 quicquam
1143 2095 1306 2148 turpius
1338 2095 1533 2135 vanitate.
1585 2095 1854 2150 Opificesque
1877 2110 2023 2137 omnes

253 2159 297 2198 in
330 2158 499 2198 sordida
529 2164 617 2198 arte
649 2164 895 2205 versantur;
929 2171 1007 2197 nec
1037 2158 1149 2196 enim
1183 2158 1409 2210 quicquam
1442 2158 1670 2210 ingenuum
1701 2158 1856 2198 habere
1887 2163 2025 2212 potest

255 2219 435 2261 officina.
495 2222 752 2274 Minimeque
791 2225 900 2260 artes
943 2234 1016 2260 eae
1057 2219 1323 2272 probandae,
1367 2233 1475 2274 quae
1517 2221 1731 2260 ministrae
1770 2226 1869 2262 sunt
1906 2222 2024 2262 volu-

254 2288 435 2336 ptatum,

344 2401 372 2432 4.
398 2400 554 2441 homines]
578 2401 670 2431 uiros
693 2409 711 2432 c
740 2418 774 2423 —
807 2400 856 2431 his
881 2409 918 2438 a,
946 2401 991 2432 eis
1014 2409 1032 2432 c
1061 2417 1094 2423 —
1130 2400 1158 2432 4.
1184 2400 1303 2432 sentiat
1326 2404 1362 2432 at
1386 2402 1485 2433 etiam
1509 2402 1588 2441 quid
1612 2402 1748 2441 quisque
1771 2411 1838 2441 qua
1861 2402 1900 2433 de
1922 2410 2025 2434 causa

253 2451 372 2484 sentiat
395 2459 414 2482 c
453 2468 487 2473 —
525 2454 624 2489 atque
647 2451 747 2482 eliam
764 2467 812 2473 --
829 2451 965 2490 quisque
988 2451 1106 2481 sentiat
1129 2459 1199 2482 om.
1220 2449 1259 2482 B¹
1286 2469 1321 2473 —
1359 2453 1390 2482 5.
1417 2452 1455 2483 de
1479 2460 1546 2491 qua
1569 2453 1593 2483 B
1609 2452 1635 2483 H
1650 2453 1726 2484 ab:
1754 2462 1821 2492 qua
1844 2453 1883 2484 de
1906 2461 1924 2484 c
1939 2461 1959 2485 o
1985 2471 2021 2476 —

253 2504 290 2533 ut
313 2501 398 2533 enim
418 2501 556 2540 pictoris
578 2505 607 2532 el
630 2501 674 2539 hi,
701 2501 757 2539 qui
779 2501 876 2540 signa
898 2500 1109 2540 fabricantur
1133 2501 1264 2532 Nonius
1288 2510 1322 2542 p.
1338 2501 1413 2533 474.
1443 2519 1477 2523 ——
1512 2502 1534 2533 ii
1560 2502 1632 2533 Bb:
1665 2503 1710 2532 hii
1734 2503 1762 2533 H
1777 2528 1784 2541 ‚
1817 2503 1849 2533 hi
1873 2511 1908 2541 a,
1935 2503 1982 2543 hij
2005 2512 2024 2535 c.

257 2569 291 2574 —
318 2551 485 2590 fabricant
509 2559 528 2582 c
556 2568 590 2573 —
626 2550 656 2581 6.
682 2550 755 2581 ueri
778 2559 799 2590 p
826 2568 861 2572 —
889 2551 989 2582 etiam
1013 2559 1083 2583 om.
1111 2559 1129 2581 c
1153 2567 1196 2574 —
1227 2551 1257 2582 7.
1284 2551 1380 2590 hique
1403 2560 1436 2589 a,
1462 2552 1571 2591 lzijque
1595 2560 1613 2583 c
1640 2568 1675 2574 —
1710 2552 1741 2584 8.
1769 2556 1798 2584 et
1821 2553 1862 2585 ab
1885 2553 1960 2584 aliis
1982 2561 2022 2585 a:

255 2605 285 2634 el
308 2602 385 2633 aliis
409 2602 517 2636 BHb;
551 2604 580 2631 et
603 2609 678 2631 cum
702 2600 777 2631 aliis
808 2608 871 2637 ⁰03
906 2604 935 2631 et
959 2609 1002 2631 ea>
1026 2601 1102 2631 aliis
1132 2601 1255 2640 Unger.
1297 2619 1330 2623 —-
1370 2601 1400 2632 9.
1428 2605 1459 2632 et
1480 2610 1546 2632 uon
1568 2603 1724 2642 facienda
1748 2611 1818 2634 om.
1838 2611 1857 2634 c
1896 2621 1930 2625 —
1969 2604 2022 2635 40.

256 2655 404 2692 aguntur
426 2652 648 2690 institutisque
671 2650 816 2681 consiliis
839 2650 990 2681 ciuilibus
1014 2659 1031 2681 c
1058 2668 1092 2672 -
1121 2651 1159 2681 cte
1182 2651 1230 2680 his
1253 2651 1384 2689 BHab,
1412 2652 1450 2682 cle
1472 2652 1534 2691 hijs
1559 2659 1576 2683 c
1605 2670 1639 2674 -
1675 2653 1727 2683 44.
1753 2653 1826 2691 ipsa
1849 2661 1920 2684 om.
1941 2661 1958 2683 o
1987 2669 2022 2675 —

258 2702 309 2732 43.
337 2701 542 2732 arbitrentur
572 2700 648 2741 (litt.
675 2711 697 2731 n
721 2700 914 2741 expuncta)
941 2709 977 2735 a:
1017 2700 1229 2731 arbitrantur
1257 2709 1275 2732 c
1313 2718 1346 2722 —
1391 2702 1441 2732 45.
1469 2705 1514 2732 est
1537 2701 1719 2732 adhibenda
1744 2702 1915 2733 abicienda
1940 2710 1957 2733 c
1986 2718 2021 2725 —

258 2752 310 2782 47.
335 2751 480 2791 perfecta
504 2759 523 2783 c
561 2768 595 2772 —
636 2751 687 2783 48.
713 2752 771 2785 sic,
796 2753 833 2781 ut
856 2751 968 2789 aliquo
983 2767 1032 2773 --
1049 2751 1153 2781 colere
1177 2750 1326 2781 debemus
1356 2752 1486 2782 Nonius
1518 2760 1551 2792 p.
1575 2751 1657 2786 3592
1695 2752 1722 2782 si
1746 2761 1825 2791 quos
1848 2753 1960 2791 aliquo
1975 2770 2025 2776 --

257 2800 362 2832 colere
385 2801 534 2832 debemus
558 2800 650 2832 idem
677 2809 708 2841 p.
725 2801 788 2831 549
813 2809 866 2840 sq.
896 2817 930 2822 —
967 2801 1014 2831 sio
1036 2803 1073 2831 ul
1095 2809 1115 2840 p
1141 2803 1175 2831 et
1198 2801 1347 2831 Nonius:
1374 2809 1443 2831 om.
1466 2802 1489 2832 C
1518 2801 1633 2841 (etiam
1651 2801 1682 2840 a)
1717 2819 1751 2823 —
1792 2802 1843 2833 49.
1870 2802 2025 2833 senectuti

257 2850 396 2881 multum
420 2858 438 2881 c
466 2868 499 2872 —
527 2851 579 2882 20.
605 2851 653 2881 his
678 2851 760 2882 Hac
787 2867 821 2872 —
848 2851 1067 2891 magistratus
1091 2858 1108 2881 c
1137 2868 1170 2871 —
1199 2851 1355 2881 delectum
1378 2851 1456 2882 beo
1485 2868 1517 2873 —
1545 2851 1599 2882 Ἡ.
1618 2852 1658 2891 et]
1677 2860 1716 2882 ac
1740 2860 1758 2883 c
1786 2867 1820 2873 —
1848 2852 1917 2891 ipso
1941 2860 2024 2891 quo-

259 2908 322 2940 que
344 2900 368 2931 B
397 2918 431 2922 —
455 2901 630 2938 priuatene
653 2901 705 2931 uel
726 2900 853 2940 publice
876 2908 894 2931 c
923 2919 956 2922 —
980 2901 1112 2940 puplice
1135 2901 1158 2930 B
1186 2917 1220 2921 —
1247 2900 1300 2932 Ὦ.
1327 2901 1455 2939 generis
1478 2901 1575 2931 totius
1598 2901 1766 2932 hominum
1787 2901 1972 2932 societatem
1994 2904 2024 2932 el

258 2949 511 2981 consolationem
535 2953 564 2981 et
586 2951 849 2982 conciliationem
873 2958 891 2981 c
919 2968 953 2972 —
981 2950 1031 2981 23
1052 2954 1080 2981 et
1097 2951 1370 2981 consociationem
1394 2959 1463 2981 om.
1483 2949 1520 2981 B¹
1541 2967 1574 2972 —
1601 2951 1653 2982 ⁶25.
1673 2954 1748 2982 sunt
1771 2959 1789 2982 c
1817 2967 1851 2972 —
1875 2951 2024 2990 primum

259 2998 491 3038 improbantur
507 3018 555 3023 --
571 3001 797 3040 feneratorum
819 3001 951 3032 Nonius
975 3000 1073 3039 p.⁶.’4.
1104 3018 1138 3022 -
1166 3000 1189 3030 te·
1214 3000 1320 3031 Bllb:
1347 3000 1378 3031 tn·
1402 3009 1434 3036 a,
1460 3000 1506 3039 hij
1529 3009 1547 3031 c
1575 3017 1608 3023 —
1637 3001 1689 3031 26.
1708 3001 1934 3040 feneratorum
1952 3001 2020 3033 Co.

261 3048 313 3080 Cf.
339 3049 367 3079 ΙΙ
392 3049 476 3088 §89-
504 3067 537 3071 —
573 3050 625 3082 ⁶27.
652 3054 762 3082 autem
786 3059 855 3081 om.
875 3059 893 3081 c
922 3068 956 3072 —-
989 3050 1271 3082 mercenariorum
1295 3058 1342 3082 co
1368 3069 1410 3073 -
1441 3051 1587 3081 omnium
1611 3059 1680 3082 om.
1700 3059 1721 3091 p
1748 3050 1828 3090 (non
1846 3049 1877 3087 a)
1904 3066 1938 3071 —-
1966 3049 2020 3081 28.

262 3107 364 3138 opera
385 3099 434 3130 bc
461 3115 494 3120 ——
526 3100 561 3130 in
586 3108 762 3140 superscr.
787 3101 808 3131 b
832 3119 875 3123 —
904 3101 957 3134 29.
983 3101 1124 3140 putandi
1146 3104 1219 3130 sunt
1243 3101 1299 3140 qui
1324 3108 1341 3131 c
1371 3117 1404 3122 —
1430 3100 1668 3131 mercatoribus
1692 3101 1725 3131 id
1749 3100 1836 3138 quod
1859 3107 1877 3130 c
1905 3115 1940 3121 —
1967 3098 2020 3130 30.

261 3149 342 3179 nihil
357 3149 442 3180 enim
457 3166 504 3172 --
520 3150 649 3188 turpius
664 3151 812 3182 vanitate
827 3152 955 3182 Nonius
973 3160 1006 3192 p.
1019 3150 1092 3182 4⁴6.
1116 3168 1148 3172 —
1166 3150 1343 3190 proficiunt
1360 3159 1378 3181 o
1399 3168 1434 3173 -
1454 3151 1644 3182 ammodum
1661 3151 1684 3182 B
1696 3151 1735 3186 ll.
1755 3151 1839 3181 item
1857 3158 1891 3190 p.
1903 3148 2019 3186 68⁴‚8.

265 3215 300 3220 —
327 3197 380 3229 34.
406 3198 556 3230 uanitate
579 3200 730 3240 opificum
753 3201 809 3239 qui
832 3209 942 3233 omnes
964 3210 985 3242 p
1010 3219 1052 3224 —-
1082 3200 1135 3232 32.
1161 3201 1247 3232 enim
1271 3209 1340 3232 om.
1360 3209 1381 3232 a
1414 3217 1449 3223 —-
1484 3200 1537 3233 33.
1564 3209 1620 3232 eae
1643 3201 1753 3233 Bllb:
1780 3199 1837 3244 hee
1860 3207 1901 3238 a,
1924 3198 1980 3230 hee
2000 3204 2022 3229 ο

262 3266 305 3272 --
322 3248 516 3288 probandae
537 3252 611 3280 sunt
634 3257 718 3288 quae
740 3259 771 3282 o.
