2249 3624
776 171 864 210 Lm.
886 171 915 210 1.
959 169 1055 210 (3η.
1080 170 1230 210 xxvr
1270 167 1516 223 §87-92,
1951 165 2031 206 665

382 277 533 317 XXVI.
566 274 632 316 90.
665 276 800 328 Atque
833 276 955 316 etiam
987 277 1027 316 in
1060 277 1180 316 rebus
1203 278 1416 331 prosperis
1439 282 1478 316 et
1499 275 1548 316 ad
1574 276 1827 315 voluntatem
1851 279 2034 314 nostram

270 340 495 384 fluentibus
527 339 765 392 superbiam
800 352 949 390 magno
983 353 1131 393 opere,
1173 340 1385 380 fastidium
1418 341 1781 392 arrogantiamque
1814 337 2036 389 fugiamus.

268 408 372 446 Nam
404 409 448 443 ut
478 405 672 443 adversas
704 416 793 448 res,
836 403 893 440 sic
936 403 1140 442 secundas
1183 403 1441 443 inmoderate
1474 402 1581 442 ferre
1616 402 1793 441 levitatis
1825 407 1887 440 est
1920 412 2038 452 prae-

269 468 463 520 claraque
496 470 558 505 est
588 462 862 516 aequabilitas
895 465 933 503 in
967 466 1078 504 omni
1114 467 1192 506 vita
1225 473 1262 505 et
1295 465 1401 505 idem
1436 481 1599 519 semper
1632 466 1770 504 vultus
1804 462 2038 514 eademque

267 530 404 575 frons,
445 533 490 568 ut
521 528 571 567 de
604 528 772 566 Socrate
814 527 999 579 itemque
1033 528 1082 565 de
1118 528 1158 568 C.
1196 529 1335 567 Laelio
1368 530 1617 581 accepimus.
1678 527 1913 579 Philippum
1947 523 2072 576 qui-5

271 592 365 632 dem
389 591 662 631 Macedonum
696 602 834 642 regem
868 590 992 629 rebus
1025 591 1151 640 gestis
1185 598 1224 630 et
1256 591 1384 642 gloria
1408 598 1647 644 superatum
1673 603 1695 629 a
1721 588 1818 634 lilio,
1841 586 2038 627 facilitate

269 661 308 696 et
351 654 610 694 humanitate
652 653 773 692 video
816 653 1075 705 superiorem
1119 653 1261 693 fuisse.
1326 655 1467 707 ltaque
1510 655 1614 693 alter
1655 666 1820 705 semper
1851 663 2038 702 magnus,

268 718 374 759 alter
414 729 537 770 saepe
583 716 870 769 turpissimus,
914 721 957 754 ut
998 722 1108 755 recte
1152 717 1392 769 praecipere
1428 717 1643 756 videantur
1675 716 1746 768 qui
1780 719 1950 753 monent
1982 718 2038 760 ut,

269 786 425 836 quanto
473 779 712 831 superiores
757 778 909 825 simus,
957 783 1071 818 tanto
1118 793 1190 817 nos
1233 793 1424 829 geramus
1466 779 1742 819 sunnnissius.
1819 777 2039 816 Panaetius

270 844 440 899 quidem
472 841 713 882 Africanum
746 841 980 880 auditorem
1014 847 1053 880 et
1085 841 1326 882 familiarem
1361 857 1477 881 suum
1513 842 1681 882 solitum
1714 841 1771 880 ait
1803 839 1964 885 dicere,
1997 843 2091 877 utto

270 921 400 962 equos
434 911 603 959 propter
635 904 801 943 crebras
835 904 1126 944 contentiones
1161 905 1414 956 proeliorum
1448 905 1664 944 ferocitate
1697 904 1934 944 exultantes
1968 900 2041 940 do-

269 970 490 1012 mitoribus
532 967 695 1007 tradere
738 966 924 1013 soleant,
966 972 1011 1006 ut
1052 968 1102 1006 iis
1143 965 1397 1007 facilioribus
1442 969 1604 1020 possint
1635 968 1714 1013 nti,
1761 967 1817 1005 sie
1851 964 2040 1004 homines

269 1032 465 1074 secundis
497 1031 619 1070 rebus
653 1029 888 1069 ecfrenatos
921 1030 1086 1083 sibique
1120 1029 1396 1083 praefidentes
1430 1038 1640 1083 tamquam
1670 1032 1710 1070 in
1735 1043 1879 1082 gyrum
1916 1026 2042 1066 ratio-

268 1098 332 1137 nis
365 1101 405 1135 et
437 1093 652 1134 doctrinae
686 1093 781 1132 duci
817 1099 1026 1145 oportere,
1060 1098 1105 1132 nt
1136 1094 1421 1146 perspicerent
1453 1107 1589 1132 rerum
1623 1093 1895 1131 humanarum
1926 1089 2043 1128 inbe-

270 1159 485 1200 cillitatem
533 1156 861 1208 varietatemque
902 1155 1110 1194 fortunae.
1190 1153 1255 1194 91.
1304 1157 1440 1209 Atque
1480 1157 1604 1194 etiam
1647 1156 1687 1194 in
1729 1151 2041 1193 secundissimis
2061 1162 2091 1190 ¹5

269 1222 394 1262 rebus
427 1219 607 1260 maxime
641 1225 703 1258 est
734 1219 936 1257 utendum
970 1219 1145 1257 consilio
1178 1219 1405 1257 amicorum
1440 1219 1572 1270 iisqne
1606 1218 1738 1256 maior
1770 1217 1891 1255 etiam
1917 1226 2041 1266 quam

268 1290 365 1325 ante
408 1282 630 1322 tribuenda
673 1281 912 1321 auctoritas.
983 1282 1204 1333 Isdemque
1247 1282 1504 1334 temporibus
1538 1282 1769 1320 cavendum
1802 1285 1862 1317 est
1897 1291 1946 1316 ne
1978 1289 2042 1315 as-

268 1345 550 1387 sentatoribus
592 1344 887 1396 patefaciamus
927 1345 1039 1383 auris
1072 1357 1175 1382 neve
1208 1343 1370 1382 adulari
1404 1358 1479 1382 nos
1513 1344 1721 1388 sinamus,
1764 1344 1803 1381 in
1838 1354 1920 1393 quo
1952 1338 2041 1379 falli

267 1409 391 1450 facile
434 1415 510 1447 est.
572 1408 693 1447 Tales
733 1408 841 1446 enim
886 1419 961 1445 nos
1004 1420 1095 1446 esse
1130 1411 1345 1459 putamus,
1388 1412 1433 1445 ut
1465 1407 1552 1444 iure
1586 1404 1826 1444 laudenmr:
1874 1416 1925 1442 ex
1958 1414 2041 1454 quo

271 1477 498 1513 nascuntur
527 1468 850 1510 innumerabilia
883 1476 1062 1523 peccata,
1095 1484 1188 1509 cum
1221 1470 1415 1508 homines
1448 1469 1577 1508 intlati
1611 1467 1879 1520 opinionibus
1911 1464 2042 1516 turpi·
2057 1476 2093 1505 20

273 1541 336 1576 ter
378 1534 604 1574 irridentur
649 1539 689 1573 et
729 1535 772 1572 in
812 1534 1006 1572 maximis
1051 1538 1267 1572 versantur
1309 1532 1531 1571 erroribus.
1608 1530 1688 1569 Sed
1732 1530 1833 1569 haec
1874 1527 2042 1582 quidem

271 1598 489 1639 hactenus.
565 1593 631 1635 92.
675 1596 783 1635 Illud
826 1602 964 1635 autem
1007 1596 1064 1635 sic
1106 1602 1166 1635 est
1207 1594 1497 1641 iudicandum,
1541 1594 1741 1633 maximas
1782 1592 1866 1643 geri
1908 1604 1970 1630 res
2003 1595 2044 1630 et

274 1660 446 1701 maximi
478 1659 605 1698 animi
637 1658 688 1698 ab
719 1659 784 1705 iis,
818 1659 889 1711 qui
922 1672 986 1698 res
1020 1656 1207 1711 publicas
1238 1664 1395 1709 regant,
1429 1657 1539 1711 quod
1574 1670 1714 1695 earum
1738 1653 2041 1694 administratio

269 1722 470 1762 latissime
515 1727 654 1773 pateat
696 1720 747 1760 ad
789 1720 1075 1773 plurimosque
1108 1722 1336 1774 pertineat,
1378 1734 1469 1760 esse
1503 1727 1639 1759 autem
1675 1718 1811 1771 magni
1845 1716 1971 1755 animi
2004 1720 2042 1754 et

269 1784 400 1824 fuisse
433 1784 586 1823 multos
619 1783 742 1822 etiam
775 1783 817 1822 in
852 1783 934 1822 vita
968 1785 1119 1830 otiosa,
1155 1784 1225 1837 qui
1259 1789 1329 1823 aut
1360 1783 1659 1834 investigarent
1691 1788 1761 1820 aut
1792 1784 2092 1819 conarentur-25

272 1860 422 1900 magna
455 1846 661 1900 quaedam
695 1859 872 1898 seseque
905 1860 1070 1885 suarum
1105 1861 1239 1886 rerum
1274 1845 1424 1885 linibus
1458 1846 1721 1885 continerent
1743 1849 1815 1882 aut
1837 1841 2043 1882 interiecti

272 1910 379 1949 inter
411 1908 685 1962 philosophos
719 1914 759 1947 et
791 1921 876 1954 eos,
910 1909 982 1961 qui
1014 1922 1099 1948 rem
1132 1910 1337 1962 publicam
1361 1909 1712 1953 administrarent,
1736 1906 2044 1946 delectarentur

271 1985 318 2013 re
351 1984 425 2011 sua
455 1971 663 2018 familiari,
695 1984 781 2011 non
814 1984 903 2010 eam
937 1972 1106 2025 quidem
1140 1973 1250 2012 omni
1286 1973 1445 2012 ratione
1478 1976 1777 2024 exaggerantes
1810 1980 1947 2020 neque
1971 1978 2044 2005 ex-

275 2035 489 2075 cludentes
532 2033 582 2073 ab
625 2034 714 2072 eius
746 2047 824 2072 usu
857 2047 954 2073 suos
987 2036 1215 2088 potiusque
1249 2041 1289 2075 et
1320 2035 1464 2074 amicis
1498 2034 1772 2087 impertientes
1807 2038 1846 2070 et
1878 2030 1935 2070 rei
1968 2042 2043 2082 pu-

271 2098 419 2144 blicae,
451 2097 484 2136 si
517 2097 685 2149 quando
718 2110 818 2135 usus
851 2101 972 2135 esset.
1036 2096 1151 2144 Quae
1185 2098 1363 2150 primum
1395 2097 1502 2136 bene
1535 2103 1651 2148 parta
1684 2096 1735 2134 sit
1766 2093 1882 2133 nullo
1907 2103 2042 2144 neque
2056 2100 2093 2129 3ο

272 2162 383 2214 turpi
415 2166 591 2214 quaestu
622 2172 761 2212 neque
794 2159 964 2206 odioso,
1006 2159 1157 2199 deinde
1189 2166 1391 2211 augeatur
1424 2160 1606 2204 ratione,
1639 2156 1878 2209 diligentia,
1912 2153 2043 2207 parsi-

273 2223 433 2269 monia,
466 2228 552 2262 tum
585 2235 708 2275 quam
740 2222 952 2274 plurimis‘‚
986 2222 1111 2261 modo
1145 2223 1294 2274 dignis,
1328 2236 1371 2261 se
1405 2222 1548 2261 utilem
1582 2220 1793 2273 praebeat,
1826 2230 1902 2257 nec
1935 2216 2043 2255 lubi-

275 2284 362 2324 dini
395 2285 536 2338 potius
569 2284 848 2338 luxuriaeque
881 2298 1004 2338 quam
1041 2285 1276 2324 liberalitati
1310 2290 1350 2324 et
1380 2282 1679 2323 beneficentiae
1711 2285 1868 2334 pareat.
1928 2279 2042 2318 Haec

275 2348 530 2401 praescripta
561 2353 796 2387 servantem
828 2347 927 2386 licet
958 2345 1196 2399 magnifice,
1230 2348 1410 2400 graviter
1441 2347 1712 2398 animoseque
1746 2344 1884 2383 vivere
1915 2347 2041 2395 atque

274 2409 398 2450 etiam
430 2409 698 2463 simpliciter,
729 2409 934 2457 fideliter,
967 2408 995 2460 *ξ’
1018 2423 1116 2449 vere
1147 2409 1364 2449 hominum
1396 2410 1540 2449 amice.
2055 2411 2091 2440 35

333 2606 335 2608 ’
362 2615 391 2645 4.
417 2614 620 2653 uoluptatem
644 2613 766 2644 AHah
795 2631 827 2634 —
865 2613 897 2644 ⁶2.
924 2621 1123 2653 maqnopere
1149 2613 1172 2645 C
1206 2631 1246 2635 —
1278 2612 1295 2643 3
1333 2611 1641 2651 praeclaraque-—
1659 2612 1687 2640 ec
1713 2609 1794 2639 idem
1818 2617 1913 2648 saepe
1935 2609 2043 2639 vultus

272 2664 450 2703 eademque
471 2665 564 2703 frons
587 2663 719 2694 Nonius
746 2672 777 2702 p.
794 2662 867 2694 427.
898 2680 931 2684 —
966 2664 996 2695 ὃ.
1024 2664 1163 2702 itemque
1190 2661 1276 2694 ll‘2a:
1306 2663 1453 2700 idemque
1477 2658 1646 2692 Assll¹bc
1676 2677 1708 2681 —
1746 2660 1783 2689 G.
1803 2662 1828 2691 A
1856 2677 1889 2681 —
1919 2659 2044 2698 accipi-

272 2722 345 2745 mus
368 2716 393 2745 A
408 2712 510 2745 B'Hb
539 2731 572 2735 —
608 2714 639 2744 7.
666 2722 807 2753 maanus
831 2721 957 2752 semper
981 2721 998 2744 c
1030 2732 1059 2735 —
1098 2713 1128 2744 9.
1155 2721 1267 2743 sumus
1292 2713 1346 2743 Ba
1374 2715 1474 2749 (corr.
1503 2711 1535 2741 in
1559 2711 1660 2739 sunus
1683 2709 1718 2745 B)
1747 2725 1781 2730 —
1812 2710 1862 2743 40,
1890 2713 1923 2739 ut
1947 2717 2045 2748 equos

274 2764 472 2795 --tradere
495 2764 595 2795 solent
620 2763 750 2794 Nonius
777 2772 808 2803 p.
825 2762 899 2794 304.
930 2781 963 2784 —
1008 2763 1054 2793 tt.
1077 2764 1285 2802 praeliorum
1309 2765 1334 2793 A
1352 2763 1372 2792 B
1389 2770 1440 2793 ac
1468 2778 1500 2782 —
1547 2761 1593 2790 ¹2.
1621 2763 1654 2789 ut
1677 2760 1725 2788 tiis
1749 2759 1772 2790 C
1801 2776 1836 2781 -
1869 2760 1990 2798 possim
2016 2759 2043 2789 H

277 2830 312 2835 -—
338 2813 386 2843 uti
410 2821 477 2844 om.
497 2821 514 2844 0
553 2831 587 2834 —
624 2813 670 2843 sic
693 2814 836 2843 homines
853 2830 900 2837 --
917 2812 1040 2852 sibique
1063 2822 1163 2852 supra
1190 2813 1320 2844 Nonius
1346 2820 1378 2851 p.
1396 2811 1468 2841 329.
1506 2826 1539 2830 —
1580 2808 1630 2839 43.
1657 2809 1840 2847 ecfrenatos
1864 2809 1908 2839 tl:
1943 2808 2044 2845 etfre-

274 2865 369 2894 nacos
391 2863 424 2897 b.
451 2864 626 2903 effrenatos
651 2864 794 2894 ABaco
823 2881 856 2884 —
892 2863 1003 2903 girum
1027 2871 1073 2894 00
1103 2880 1137 2885 -
1174 2864 1224 2893 15.
1251 2862 1451 2892 uarietatem
1473 2859 1629 2898 fortunae
1653 2866 1670 2888 c
1698 2874 1733 2880 —-
1770 2859 1918 2889 secundis
1941 2858 1978 2888 B1
2005 2875 2040 2880 —

274 2912 326 2943 46.
354 2912 443 2951 isque
466 2912 552 2949 A'b,
584 2913 696 2952 hisque
720 2910 790 2943 A‘·'B
806 2912 832 2942 H
849 2921 887 2943 a.
918 2912 1041 2950 hijsque
1066 2920 1083 2943 c
1122 2929 1151 2933 —
1192 2912 1302 2941 maior
1319 2928 1336 2933 —
1352 2929 1366 2932 -
1386 2911 1549 2947 isdemque
1573 2917 1642 2938 om.
1665 2908 1691 2938 Η
1731 2926 1763 2930 -
1803 2909 1853 2938 47.
1882 2908 2044 2946 isdemque

274 2962 350 2993 Ab:
384 2962 568 3002 hisdemque
593 2963 665 2999 Ba,
694 2962 869 3002 iisdemque
894 2969 940 2992 co
980 2979 1013 2983 —
1051 2963 1233 2992 cavendum
1258 2964 1318 2998 est,
1347 2969 1384 2990 ne
1408 2957 1664 2989 assentatoribus
1685 2957 1928 2996 patefaciamus
1951 2958 2045 2987 auris

274 3019 353 3042 ueve
376 3012 510 3043 adulari
533 3021 592 3042 uos
615 3013 762 3043 sinamus
786 3012 916 3042 Nonius
942 3020 974 3052 p.
993 3011 1043 3041 ⁴7.
1073 3028 1106 3032 —
1142 3011 1194 3043 48,
1221 3012 1316 3041 auris
1339 3011 1488 3040 Nonius:
1517 3016 1614 3038 aures
1639 3008 1691 3038 Co
1721 3025 1752 3029 —
1788 3016 1869 3038 neue
1893 3008 2039 3038 Nonius:

275 3068 333 3091 nec
357 3060 424 3092 Co.
467 3061 517 3093 Cf.
543 3061 765 3101 Wesenberg
790 3060 833 3091 ad
858 3069 907 3091 or.
937 3069 968 3100 p.
996 3061 1108 3091 Sestio
1135 3069 1166 3101 p.
1183 3060 1222 3091 37
1251 3070 1282 3091 n.
1313 3075 1347 3081 -
1388 3059 1439 3089 021.
1467 3059 1499 3087 in
1525 3065 1594 3087 om.
1615 3065 1633 3087 c
1673 3074 1707 3079 —
1744 3057 1796 3088 ⁶22.
1822 3065 1875 3088 res
1897 3055 1933 3088 ὅθ
1956 3058 2040 3096 (esse)

274 3111 417 3141 mwimi
442 3119 480 3145 a;
511 3120 563 3142 res
585 3112 732 3142 maxime
764 3119 782 3142 c
821 3127 855 3132 —
896 3110 949 3141 ΞΒ.
977 3110 1016 3141 ab
1040 3111 1089 3141 his
1114 3111 1136 3141 C
1179 3128 1211 3131 -
1250 3108 1303 3140 24.
1332 3108 1447 3138 multos
1470 3110 1498 3137 et
1522 3107 1620 3145 fuisse
1651 3115 1668 3138 c
1708 3124 1741 3128 —
1781 3106 1832 3137 30.
1857 3111 1960 3146 parca
1984 3105 2039 3138 13¹:

272 3162 401 3198 parata
429 3161 455 3190 A
471 3157 652 3191 B‘2Habc
693 3177 727 3181 -
770 3159 821 3190 34.
849 3159 1251 3198 deinde——parsimoaia
1284 3158 1351 3188 buc
1382 3156 1580 3196 transposui
1607 3157 1740 3195 [ogero
1772 3159 1932 3189 auctore:
1967 3158 2043 3197 post

274 3208 432 3248 praebeat
455 3208 618 3249 leguntur
642 3210 675 3240 in
701 3209 753 3240 Co
793 3225 826 3231 -
870 3209 922 3239 32.
949 3210 1146 3250 tamquam]
1166 3214 1336 3248 tamquam
1364 3215 1380 3237 c
1411 3224 1440 3228 —
1471 3206 1522 3237 33.
1550 3209 1578 3236 ct
1603 3206 1840 3246 beneficientiae
1863 3207 2040 3238 ABllab:

278 3258 555 3299 beneficientieque
579 3268 597 3290 0
625 3277 668 3282 —
695 3262 818 3299 pareat
842 3260 884 3290 C:
913 3263 1029 3299 pateat
1054 3268 1071 3291 ο
1099 3277 1132 3281 -
1172 3260 1223 3290 35.
1250 3256 1441 3296 simpliciter
1463 3260 1492 3287 et
1515 3256 1653 3295 fideliter
1677 3265 1698 3287 a
1724 3274 1758 3279 —-
1785 3265 1862 3288 uere
1887 3256 1930 3287 C:
1956 3256 2044 3286 sitae

279 3316 320 3347 03
352 3309 464 3350 yeneri
489 3308 690 3341 dubitanter
715 3310 837 3342 Heine.
868 3327 902 3332 —-
929 3310 1098 3341 hominum
1122 3308 1237 3350 amice]
1263 3307 1446 3339 hominibus
1470 3308 1574 3339 amice
1597 3308 1707 3339 vivere
1729 3315 1760 3338 ο.
