2249 3624
493 141 582 180 Lm.
612 139 661 180 II.
704 138 800 179 CAP.
830 135 1170 178 XXIV—XXV.
1209 134 1268 189 §§
1298 133 1488 176 75—80.
1816 132 1870 174 ⁶29

117 255 231 311 quod
263 253 423 308 percipi
452 257 607 306 posset.
659 251 768 300 Quid
801 263 898 303 ergo
930 249 971 290 id
1004 251 1145 290 esset?
1187 249 1353 296 Visum,
1384 247 1521 288 credo.
1581 246 1716 295 Quale
1746 246 1874 299 igitur

113 319 276 359 visum?
308 318 414 356 Tum
445 315 561 354 illum
594 316 647 354 ita
679 311 897 360 definisse,
929 326 981 352 ex
1013 326 1085 359 co,
1117 312 1231 366 quod
1263 316 1393 359 esset,
1425 310 1531 350 sicut
1559 316 1682 358 esset,
1713 310 1875 363 inpres-

116 395 206 421 sum
238 385 278 420 et
308 380 515 431 signatum
539 383 580 417 et
601 377 799 417 estictum.
845 377 942 415 Post
962 374 1229 428 requisitum,
1262 375 1464 420 etiamne,
1496 374 1530 413 si
1552 372 1740 412 eiusdem
1762 371 1875 412 modi

117 448 227 483 esset
257 443 391 482 visum
423 454 588 487 verum,
619 440 742 492 quale
774 438 839 478 vel
871 438 1034 478 salsum.
1095 437 1172 476 llic
1202 439 1413 476 Zenonem
1445 436 1600 475 vidisse
1631 440 1751 475 acute
1784 434 1875 473 nul-

117 506 200 544 lum
233 517 324 545 esse
356 503 490 543 visum
523 502 635 555 quod
668 501 824 555 percipi
857 505 1021 553 posset,
1064 499 1098 538 si
1130 498 1171 537 id
1205 499 1284 538 tale
1317 503 1429 538 esset
1458 498 1508 537 ab
1540 510 1613 545 e0,
1647 497 1761 551 quod
1793 502 1907 544 est,5

116 573 161 608 ut
198 567 383 606 eiusdem
423 564 536 603 modi
579 564 630 603 ab
672 577 745 611 eo,
786 564 898 616 quod
932 575 1015 601 non
1047 566 1128 609 cst,
1168 566 1310 614 posset
1341 574 1446 600 esse.
1504 562 1628 600 Recte
1663 559 1878 599 consensit

115 629 340 675 Arcesilas3
386 627 437 666 ad
479 624 766 666 definitionem
807 624 1020 664 additum:
1065 636 1202 676 neque
1241 624 1350 663 enim
1381 623 1532 662 salsum
1564 622 1721 676 percipi
1752 634 1876 675 posse

114 703 252 744 neque
284 702 448 736 verum,
491 690 526 728 si
564 693 674 727 esset
714 688 815 734 tale,
857 686 979 739 quale
1011 686 1076 726 vel
1117 685 1280 725 salsum.
1341 685 1534 725 Incubuit
1564 690 1700 725 autem
1733 684 1776 724 in
1807 697 1877 724 cas

113 751 439 805 disputationes,
480 756 524 790 ut
564 750 731 788 doceret
767 748 927 788 nullum
961 748 1041 788 tale
1074 761 1165 787 esse
1197 748 1330 787 visum
1362 762 1385 787 a
1417 761 1536 795 vero,
1575 753 1621 787 ut
1651 761 1735 788 non
1767 748 1877 788 eius-

114 815 206 855 dem
238 814 350 855 modi
383 815 505 854 etiam
536 825 559 852 a
590 811 694 851 salso
727 816 867 864 posset
898 823 1004 850 esse.
1062 809 1129 849 78.
1160 810 1273 850 Haec
1305 816 1368 850 est
1399 823 1481 849 una
1512 811 1736 858 contentio,
1769 820 1927 864 quaem

112 878 247 918 adhuc
288 875 572 930 permanserit.
633 875 737 913 Nam
778 872 904 919 illud,
945 872 1048 911 nulli
1089 874 1148 912 rei
1191 873 1466 913 adsensurum
1509 886 1600 912 esse
1632 874 1876 926 sapientem,

113 940 217 980 nihil
248 939 298 979 ad
330 939 436 979 haue
468 936 791 977 controversiam
823 934 1071 988 pertinebat.
1116 935 1289 975 Licebat
1320 936 1430 974 enim
1461 935 1567 974 nihil
1597 935 1814 988 percipere
1837 940 1878 974 et

115 1008 251 1042 tamen
283 1000 465 1055 opinari,
497 999 611 1052 quod
643 1011 666 1037 a
699 997 910 1037 Carneade
944 996 1096 1037 dicitur
1126 998 1367 1050 probatum:
1399 997 1596 1050 equidem
1619 997 1877 1038 Clitomacho

114 1064 206 1117 plus
239 1077 361 1116 quam
393 1061 556 1102 Philoni
587 1066 658 1100 aut
687 1059 924 1100 Metrodoro
957 1060 1154 1108 credens,
1184 1060 1264 1100 hoc
1296 1060 1426 1113 magis
1457 1060 1507 1099 ab
1539 1073 1589 1099 eo
1622 1060 1876 1113 disputatum

116 1139 239 1179 quam
273 1125 487 1179 probatum
517 1129 630 1178 puto.
682 1121 763 1162 Sed
794 1122 835 1162 id
867 1122 1118 1162 omittamus.
1168 1122 1276 1162 Illud
1308 1128 1419 1162 certe
1440 1122 1684 1175 opinatione
1714 1127 1756 1162 et
1786 1132 1929 1175 per-45

116 1189 306 1241 ceptione
338 1187 500 1227 sublata
531 1186 743 1239 sequitur,
783 1185 968 1224 omnium
999 1185 1295 1225 adsensionum
1325 1185 1526 1232 retentio,
1567 1189 1634 1233 ut,
1674 1184 1708 1223 si
1740 1190 1879 1224 osten-

116 1250 216 1290 dero
248 1250 351 1289 nihil
383 1262 505 1303 posse
536 1248 718 1302 percipi,
750 1253 794 1287 tu
826 1246 1033 1287 concedas
1064 1261 1293 1301 numquam
1325 1247 1600 1287 adsensurum
1632 1260 1737 1287 esse.

226 1312 356 1351 XXV.
388 1310 453 1350 79.
487 1311 598 1360 Quid
631 1323 727 1363 ergo
760 1315 823 1349 est
854 1310 967 1363 quod
999 1310 1157 1364 percipi
1187 1311 1343 1364 possit,
1378 1310 1412 1350 si
1443 1324 1495 1350 ne
1527 1324 1676 1350 sensus
1709 1309 1880 1364 quidem

115 1387 211 1414 vera
242 1374 463 1413 nuntiant?
497 1387 601 1426 quos
633 1377 698 1419 tu,
730 1371 926 1420 Luculle,
960 1373 1167 1412 communi
1198 1373 1290 1413 loco
1322 1372 1535 1413 defendis:
1572 1373 1686 1426 quod
1717 1387 1770 1413 ne
1802 1369 1876 1426 [id]

114 1436 250 1476 facere-
281 1448 449 1489 posses,
481 1435 635 1475 idcirco
667 1435 758 1475 heri
789 1447 874 1473 non
905 1435 1142 1475 necessario
1174 1435 1268 1476 loco
1300 1440 1445 1476 contra
1476 1448 1624 1476 sensus
1646 1440 1729 1475 tam
1751 1436 1881 1475 multa
1896 1445 1933 1474 20

114 1498 313 1538 dixeram.
364 1499 427 1538 Tu
458 1503 597 1538 autem
630 1502 669 1537 te
701 1510 828 1550 negas
861 1496 1037 1537 infracto
1069 1510 1184 1537 remo
1216 1511 1355 1552 neque
1386 1498 1604 1538 columbae
1635 1498 1745 1538 collo
1768 1511 1881 1538 com-

114 1560 284 1600 moveri.
334 1560 517 1600 Primum
550 1562 651 1600 cur?
683 1562 785 1600 Nam
818 1565 859 1600 et
887 1560 930 1599 in
960 1573 1076 1600 remo
1108 1562 1244 1601 sentio
1275 1574 1361 1601 non
1387 1574 1479 1602 esse
1510 1560 1575 1608 id,
1608 1560 1719 1614 quod
1741 1560 1882 1600 videa-

113 1629 198 1671 tur,
239 1629 281 1663 et
316 1624 359 1663 in
401 1623 592 1663 columba
634 1623 764 1676 pluris
801 1623 932 1663 videri
972 1623 1133 1663 colores
1175 1637 1251 1663 nec
1293 1637 1384 1664 esse
1425 1624 1520 1677 plus
1562 1636 1660 1663 uno.
1719 1622 1880 1663 Deinde

113 1685 273 1725 nihilne
304 1691 523 1738 praeterea
553 1685 767 1725 diximus?
788 1707 842 1714 -
866 1686 1063 1725 Maneant
1094 1686 1167 1725 illa
1197 1687 1356 1734 omnia,
1387 1686 1417 1739 ’ὶ-
1438 1687 1593 1726 lacerat
1621 1686 1701 1725 ista
1731 1698 1881 1726 causa:

114 1749 269 1789 veracis
309 1762 406 1789 suos
448 1761 539 1788 esse
580 1762 728 1788 sensus
773 1748 886 1787 dicit.
918 1769 972 1776 —
1012 1748 1144 1800 Igitur
1173 1762 1338 1802 semper
1367 1754 1580 1789 auctorem
1609 1748 1739 1788 habes
1770 1756 1930 1796 eum‚25

116 1812 188 1865 qui
228 1824 376 1864 magno
408 1823 484 1850 suo
523 1811 709 1864 periculo
741 1824 908 1851 causam
939 1815 1046 1863 agat.
1095 1811 1157 1850 Eo
1190 1812 1299 1850 enim
1330 1824 1417 1851 rem
1450 1811 1631 1851 demittit
1659 1810 1881 1864 Epicurus,

115 1874 151 1914 si
190 1887 298 1913 unus
341 1886 489 1913 sensus
527 1873 655 1913 semel
693 1873 736 1912 in
768 1872 852 1913 vita
881 1873 1077 1913 mentitus
1108 1873 1181 1921 sit,
1219 1873 1325 1913 nulli
1355 1886 1555 1926 umquam
1587 1886 1678 1913 esse
1709 1873 1882 1913 creden-

116 1935 227 1976 dum.
286 1934 353 1976 80.
385 1936 476 1976 Hoc
515 1940 579 1976 est
618 1948 761 1976 verum
801 1948 914 1983 esse,
956 1933 1166 1976 confidere
1208 1935 1294 1976 suis
1334 1936 1510 1976 testibus
1540 1935 1570 1988 ·1·
1602 1940 1643 1976 et
1672 1935 1881 1989 inportata

202 2103 232 2135 3.
259 2103 400 2142 effictum
424 2102 614 2134 Manutius:
642 2104 789 2142 effectum
813 2103 857 2141 C;
884 2101 926 2133 cf.
955 2101 1043 2142 §2¹8.
1062 2121 1105 2125 —
1128 2103 1270 2134 etiamne
1292 2103 1319 2134 si
1343 2103 1484 2134 eiusdem
1506 2103 1595 2134 modi
1610 2104 1756 2136 Davies:
1783 2104 1882 2135 etiam

114 2154 176 2184 m‘si
199 2153 355 2185 eiusmodi
379 2152 403 2184 C
432 2170 466 2175 -
497 2151 528 2183 4.
554 2152 606 2183 uel
629 2153 726 2193 quate
748 2153 772 2193 f.
799 2151 839 2184 A¹
866 2170 901 2175 -—-
936 2153 966 2184 6.
993 2157 1028 2184 ut
1052 2162 1122 2184 om.
1148 2154 1212 2185 AB
1228 2151 1267 2184 V¹
1294 2171 1329 2175 —-
1363 2154 1504 2185 eiusdem
1527 2154 1672 2186 Davies:
1697 2156 1767 2186 eius
1791 2155 1815 2186 C
1844 2173 1879 2177 —

115 2203 199 2243 quod
228 2212 291 2233 non
322 2205 357 2233 ut
383 2204 429 2233 est
455 2204 563 2240 posset
590 2210 655 2232 esse
683 2203 727 2239 Α,
766 2201 827 2233 sed
858 2203 944 2240 quod
972 2212 1038 2234 -ηοη
1065 2206 1101 2234 ut
1125 2206 1169 2234 est
1194 2211 1256 2242 pos
1279 2210 1326 2233 m.
1352 2203 1372 2233 2
1397 2203 1431 2233 in
1456 2210 1524 2234 ras.
1555 2219 1587 2225 —
1625 2207 1671 2235 est
1694 2212 1765 2235 om.
1792 2205 1816 2235 B
1844 2221 1879 2226 -—

114 2254 145 2285 7.
169 2253 347 2294 finitionem
371 2253 407 2283 Β1
435 2268 470 2272 -
505 2251 556 2282 40.
579 2255 685 2291 posset
711 2252 865 2283 Ernesti:
894 2253 996 2291 possit
1029 2254 1052 2284 C
1069 2253 1093 2284 O
1119 2270 1154 2274 —
1188 2254 1267 2284 haec
1290 2255 1401 2284 autem
1425 2252 1449 2284 E
1483 2269 1518 2274 —
1555 2251 1605 2284 44.
1629 2253 1767 2292 philioni
1790 2253 1818 2283 V
1843 2270 1878 2275 --

116 2303 166 2333 45.
193 2302 436 2342 oppinationem
460 2302 502 2340 B,
528 2301 623 2332 idem
648 2305 677 2333 et
696 2311 828 2342 percep.
848 2310 924 2343 sup.
945 2301 1003 2334 lin.
1022 2301 1133 2334 habet
1153 2319 1188 2325 —-
1214 2303 1266 2334 47.
1293 2302 1338 2343 tu]
1357 2306 1386 2334 te
1406 2300 1560 2333 malebat
1578 2302 1705 2334 Davies
1724 2319 1758 2324 -—
1786 2302 1838 2334 48.
1855 2302 1883 2333 si

116 2364 142 2395 V
167 2373 258 2397 corr.
284 2372 325 2395 ex
348 2371 380 2394 se
402 2381 445 2385 —
470 2363 521 2394 49.
540 2364 707 2394 cummuni
729 2362 770 2395 A¹
789 2381 823 2385 --
851 2364 884 2395 id
902 2373 972 2395 om.
992 2364 1176 2403 Manutius,
1203 2368 1238 2396 tu
1255 2364 1345 2396 coni.
1365 2362 1501 2402 Lamb.;
1529 2371 1733 2403 quamquam
1748 2372 1788 2396 ne
1805 2364 1841 2395 «ia
1855 2364 1881 2405 f.

113 2422 222 2453 posses
245 2414 334 2444 coni.
361 2412 503 2444 Durand
527 2413 561 2443 in
589 2421 663 2444 cur.
689 2421 761 2444 sec.
792 2430 825 2435 -
852 2413 905 2444 22.
932 2423 1019 2453 quur
1042 2414 1070 2444 V
1097 2431 1129 2436 -
1159 2414 1211 2446 24.
1238 2414 1363 2446 lacerat
1386 2414 1470 2446 AV:
1501 2413 1622 2445 lecerat
1644 2414 1686 2452 B;
1712 2414 1880 2452 iaceatO;

117 2464 219 2494 latrat
241 2462 283 2501 h,
310 2462 404 2503 quod
428 2461 590 2503 probavit
613 2462 837 2494 Hermannus
862 2472 895 2503 p.
922 2463 1003 2501 469;
1031 2463 1174 2495 blaterat
1195 2463 1255 2495 *iste
1277 2467 1387 2495 tamen
1411 2466 1441 2495 et
1461 2471 1595 2495 veraces
1618 2463 1708 2495 coni.
1734 2464 1882 2502 Davies;

118 2512 195 2545 fort.
221 2512 333 2543 lacera.
356 2515 401 2543 est
424 2512 487 2542 ista
510 2520 623 2543 causa.
661 2511 850 2552 Madvigius
867 2513 897 2551 Ι,
925 2513 986 2545 474
1003 2521 1081 2554 sqq.
1100 2512 1288 2545 lectionem
1311 2513 1438 2552 iaceat,
1465 2514 1502 2544 ut
1526 2514 1580 2545 est
1601 2513 1637 2544 in
1652 2513 1779 2544 Davisii
1804 2513 1883 2545 cod.

117 2562 222 2602 Regio
247 2563 282 2593 et
305 2561 468 2593 Cantabr.
495 2570 566 2593 sec.
590 2569 709 2600 manu,
735 2562 780 2592 ita
798 2562 1077 2594 commendavit:
1106 2564 1215 2595 «Cum
1234 2563 1357 2594 Cicero
1381 2563 1503 2594 contra
1520 2562 1654 2594 Stoicos
1670 2562 1886 2604 disputasset

118 2611 227 2644 allatis
252 2612 484 2652 argumentis,
512 2620 554 2643 ex
579 2611 706 2651 quibus
730 2613 992 2652 perspiceretur
1010 2620 1179 2644 sensuum
1197 2613 1278 2644 visis
1296 2620 1360 2644 nos
1377 2620 1484 2652 saepe
1502 2611 1635 2652 decipi,
1661 2611 1884 2644 adversarios

118 2662 258 2702 ancipiti
281 2660 504 2693 conclusione
528 2662 640 2700 urget.
678 2662 790 2700 Negas
815 2663 847 2692 te
873 2661 926 2692 his
950 2662 1101 2699 moveri3
1129 2660 1257 2692 nihilne
1282 2663 1468 2702 praeterea
1493 2660 1670 2693 diximus?
1706 2662 1772 2694 Fac
1796 2662 1885 2693 haec

119 2719 282 2749 manere,
309 2708 526 2742 concedatur
549 2710 637 2741 haec
662 2709 705 2741 de
729 2718 899 2742 sensuum
924 2712 1023 2750 quasi
1048 2710 1189 2742 fallaciis
1214 2720 1233 2742 a
1257 2720 1314 2742 me
1332 2711 1424 2744 dicta
1442 2719 1512 2742 non
1528 2710 1691 2747 refutari3
1717 2712 1787 2743 iarn
1804 2720 1886 2743 con-

119 2760 213 2792 cidet
243 2761 308 2792 ista
338 2767 463 2798 causa;
498 2768 622 2791 verum
651 2762 822 2800 repugnat
845 2760 1087 2799 adversarius3
1119 2770 1245 2793 sensus
1269 2769 1353 2792 suos
1376 2769 1524 2792 veraces
1548 2769 1627 2792 esse
1651 2760 1744 2792 dicit.
1781 2762 1883 2802 Ergo,

119 2811 155 2840 tu
179 2818 259 2840 cuni
283 2808 350 2840 hoc
374 2809 479 2848 dicis,
511 2810 634 2842 incidis
658 2811 693 2841 in
717 2811 830 2850 idem,
865 2811 900 2842 in
925 2811 1020 2852 quod
1044 2811 1232 2852 Epicurus,
1259 2813 1294 2842 et
1317 2820 1399 2842 cum
1424 2819 1465 2842 eo
1491 2819 1718 2842 communem
1741 2820 1886 2844 causam

119 2857 229 2890 habes
253 2867 379 2898 magno
402 2868 485 2891 sane
511 2868 591 2891 cum
617 2859 806 2901 periculo.»
833 2877 867 2882 —
894 2862 946 2892 25
972 2861 1103 2892 uerae-is
1123 2869 1182 2892 uos
1205 2869 1271 2892 esse
1293 2861 1321 2891 V
1341 2879 1376 2883 —
1402 2860 1490 2901 dicit]
1517 2862 1616 2892 erant
1639 2861 1699 2901 qui
1721 2860 1887 2901 Epicurus

120 2907 250 2939 addere
275 2907 412 2939 vellent.
443 2927 476 2931 —
502 2909 598 2941 habes
621 2914 650 2941 et
673 2919 746 2942 eum
769 2911 843 2949 AB,
872 2910 965 2941 unde
991 2911 1128 2950 Madvig
1152 2918 1186 2950 p.
1204 2910 1265 2941 476
1291 2910 1381 2941 coni.
1405 2910 1499 2942 habet
1522 2919 1607 2942 eum.
1645 2910 1810 2942 «Videtur
1827 2908 1885 2941 ali—

121 2966 190 2998 quo
220 2957 325 2988 modo
356 2958 437 2990 ferri
467 2968 571 3000 posse
597 2961 740 2991 mutatio
772 2968 945 3001 personae
977 2959 1199 2991 dicit-habes
1224 2959 1330 2999 (prius
1354 2961 1407 2991 est
1430 2961 1524 2991 enim
1550 2959 1728 2991 Ciceronis
1752 2959 1796 2991 de
1821 2959 1886 2991 ad-

121 3008 276 3038 versario
300 3007 481 3047 fingentis,
507 3007 657 3040 alterum
682 3010 781 3049 quasi
804 3009 947 3050 propius
971 3009 1173 3040 accedentis
1197 3010 1231 3040 et
1255 3009 1438 3048 u1·gentis):
1464 3009 1684 3050 praeferrem
1699 3011 1830 3048 tamen,
1856 3009 1885 3040 si

121 3058 291 3097 scriptum
315 3058 350 3089 in
373 3057 476 3088 codd.
497 3060 590 3090 esset
612 3058 739 3090 habet.»
759 3076 793 3080 —
822 3060 875 3091 26.
902 3060 1034 3091 dimittit
1057 3060 1121 3091 AB
1142 3077 1174 3081 —
1203 3059 1254 3089 27.
1281 3067 1441 3100 umquam
1463 3061 1508 3097 A,
1534 3058 1598 3091 sed
1620 3067 1678 3090 um
1701 3059 1736 3090 iu
1760 3067 1828 3090 ras.
1845 3075 1880 3080 —

122 3106 175 3138 28.
200 3115 315 3138 verum
336 3115 400 3138 esse
422 3107 614 3148 Madvigius
638 3109 672 3139 in
697 3108 843 3140 Emend.
870 3110 901 3147 1,
929 3109 989 3140 477
1015 3110 1065 3140 sic
1090 3108 1239 3149 explicat
1263 3111 1300 3140 ut
1322 3118 1419 3141 verus
1441 3110 1469 3141 is
1493 3108 1629 3140 dicatur
1653 3109 1713 3148 qui
1736 3109 1781 3140 sit
1803 3109 1886 3140 sim-

122 3155 203 3196 plex
231 3159 265 3187 et
291 3156 390 3189 nullis
415 3156 458 3188 ad
483 3159 693 3189 sententiam
718 3157 947 3190 obtinendam
971 3158 1180 3198 ambagibus
1203 3160 1337 3197 utatur3
1369 3160 1493 3200 postea
1523 3160 1641 3190 tamen
1665 3159 1700 3190 in
1724 3167 1779 3199 ep.
1806 3159 1884 3190 crit.

124 3204 169 3236 ad
193 3204 358 3237 Orellium
383 3215 417 3247 p.
444 3207 505 3238 439
529 3215 582 3247 sq.
608 3207 762 3239 malebat
782 3209 894 3240 virum
915 3217 998 3247 esse;
1025 3209 1103 3241 fort.
1128 3211 1254 3240 certum
1275 3216 1342 3240 esse
1366 3225 1402 3230 —
1427 3208 1600 3248 inportata
1624 3208 1649 3240 C
1664 3210 1740 3240 Gv:
1767 3207 1885 3247 inpor-

125 3256 200 3288 tune
223 3255 276 3288 ΓΕ
290 3256 328 3288 O.
367 3255 455 3294 Quid
477 3255 584 3289 lateat
606 3258 641 3290 in
663 3259 836 3300 scriptura
858 3259 1046 3299 inportata,
1072 3256 1145 3290 aliis
1168 3256 1382 3290 acutioribus
1406 3257 1451 3290 ad
1467 3256 1696 3290 divinandum
1713 3255 1884 3297 relinqui-
