2249 3624
393 173 475 216 374
993 170 1065 212 DE
1094 169 1319 212 DEORUM
1349 170 1564 212 NATURA

392 296 479 324 non
508 281 735 323 levissuma
776 280 828 320 de
864 293 930 328 re,
971 283 1020 320 ut
1049 279 1242 333 queritur
1273 277 1362 326 ille,
1405 277 1454 318 in
1496 277 1722 320 civitate
1759 276 1890 320 fieri
1929 279 2169 323 facinora

394 344 678 400 capitalia,

506 409 566 448 ab
597 407 762 448 amico
793 410 990 447 amante
1021 408 1301 457 argentum
1333 404 1577 457 accipere
1607 405 1865 445 meretrix
1895 405 2104 454 nevolt,

393 468 460 511 ¹14.
492 469 566 510 sed
597 474 644 509 ut
663 470 820 516 adsint,
851 473 1133 521 cognoscant,
1165 466 1520 515 animadvertant,
1552 467 1657 521 quid
1679 467 1730 507 de
1751 467 1969 521 religione,
1999 468 2168 520 pietate,

361 533 637 580 5sanctitate,
669 532 956 579 caerimoniis,
987 530 1091 577 fide,
1132 529 1223 569 iure
1244 529 1436 578 iurando,
1468 531 1571 584 quid
1592 530 1644 570 de
1667 530 1857 584 templis,
1888 529 2074 570 delubris
2105 544 2170 571 sa-

394 593 647 649 crificiisque
678 595 975 641 sollemnibus,
1008 593 1109 646 quid
1142 591 1193 632 de
1224 592 1328 645 ipsis
1361 592 1582 646 auspiciis,
1615 593 1768 646 quibus
1799 606 1875 633 nos
1906 605 2169 645 praesumus,

393 658 719 698 existimandum
759 658 836 706 sit3
878 658 982 697 haec
1012 655 1121 695 enim
1153 655 1293 696 omnia
1323 656 1374 696 ad
1404 655 1513 695 hanc
1545 655 1596 695 de
1627 655 1691 695 dis
1721 654 2012 695 inmortalibus
2044 668 2170 709 quae-

393 721 570 761 stionem
600 720 820 760 referenda
850 724 959 760 sunt.
1010 718 1203 758 Profecto
1237 731 1315 758 eos
1347 719 1483 771 ipsos,
1515 718 1588 772 qui
1620 732 1664 758 se
1695 717 1856 772 aliquid
1883 718 1985 758 certi
2016 719 2170 759 habere

393 783 666 831 arbitrantur,
713 782 961 823 addubitare
1005 787 1126 834 coget
1165 780 1503 821 doctissimorum
1541 781 1761 821 hominum
1802 780 1854 821 de
1890 794 2086 821 maxuma
2125 794 2170 822 re

343 848 506 886 ‘¹0tanta
544 845 765 885 dissensio.
826 842 892 884 ¹l5.
927 844 1050 893 Quod
1084 857 1177 883 cum
1220 857 1346 896 saepe
1385 843 1508 891 alias,
1545 849 1632 883 tum
1664 843 1842 883 maxime
1873 843 2170 892 animadverti,

393 921 487 948 cum
518 907 631 960 apud
665 907 707 947 C.
741 908 923 955 Cottam,
960 906 1210 947 familiarem
1243 920 1405 953 meum,
1437 911 1632 946 accurate
1663 918 1763 945 sane
1795 911 1836 946 et
1866 905 2088 958 diligenter
2117 906 2170 947 de

392 970 457 1010 dis
488 970 781 1010 inmortalibus
811 970 1069 1025 disputatum
1103 976 1178 1010 est.
1230 971 1335 1009 Nam
1367 983 1458 1009 cum
1490 968 1608 1008 feriis
1639 969 1797 1008 Latinis
1828 968 1880 1008 ad
1913 982 2009 1008 eum
2039 969 2170 1023 ipsius

391 1040 538 1086 rogatu
578 1034 863 1087 arcessituque
895 1033 1124 1079 venissem,
1167 1031 1323 1071 offendi
1367 1044 1462 1070 eum
1496 1031 1712 1071 sedentem
1743 1032 1786 1070 in
1818 1031 1974 1071 exedra
2005 1037 2046 1071 et
2076 1045 2171 1072 cum

394 1096 437 1135 C.
470 1096 632 1136 Velleio
664 1101 858 1136 senatore
882 1096 1163 1150 disputantem
1179 1125 1188 1141 ‚
1222 1094 1274 1133 ad
1297 1107 1422 1147 quem
1445 1100 1533 1133 tum
1554 1093 1742 1146 Epicurii
1764 1094 1919 1147 primas
1943 1108 1996 1134 ex
2017 1094 2171 1134 nostris

342 1158 632 1199 ¹¹5hominibus
664 1158 920 1198 deferebant.
967 1158 1122 1197 Aderat
1152 1158 1275 1197 etiam
1301 1156 1350 1204 Q.
1376 1157 1559 1196 Lucilius
1590 1157 1768 1204 Balbus,
1803 1157 1876 1210 qui
1909 1161 2046 1197 tantos
2077 1170 2171 1210 pro-

391 1234 559 1274 gressus
597 1220 778 1261 habebat
815 1221 857 1260 in
904 1220 1077 1267 Stoicis,
1120 1225 1165 1259 ut
1196 1233 1290 1259 cum
1323 1219 1630 1258 excellentibus
1661 1220 1703 1258 in
1736 1233 1785 1259 eo
1817 1232 1970 1272 genere
2002 1219 2171 1260 Graecis

391 1290 714 1337 compararetur.
771 1285 897 1331 Tum,
938 1289 984 1323 ut
1024 1296 1088 1322 me
1129 1282 1249 1322 Cotta
1288 1282 1414 1328 vidit,
1455 1283 1793 1333 Peropportune,
1836 1282 1989 1335 inquit,
2030 1281 2171 1330 venis;

391 1347 523 1386 oritur
555 1347 667 1386 enim
700 1347 800 1386 mihi
834 1359 983 1398 magna
1015 1344 1065 1385 de
1097 1359 1140 1384 re
1172 1344 1388 1384 altercatio
1422 1358 1514 1384 cum
1538 1344 1713 1391 Velleio,
1747 1345 1813 1384 cui
1835 1358 1909 1398 pro
1938 1351 2008 1385 tuo
2031 1344 2170 1385 studio

390 1423 474 1449 non
515 1415 578 1449 est
614 1409 794 1449 alienum
833 1415 872 1449 te
911 1409 1126 1447 interesse.
1187 1408 1276 1446 VII.
1317 1403 1375 1446 16.
1408 1407 1535 1460 Atqui
1579 1407 1677 1446 mihi
1710 1420 1882 1461 quoque
1913 1407 2076 1454 videor,
2107 1407 2174 1447 in-

341 1475 536 1525 20quam,
582 1472 770 1519 venisse,
817 1478 865 1511 ut
908 1471 1040 1517 dicis,
1089 1475 1353 1523 opportune;
1404 1475 1487 1509 tres
1539 1470 1649 1509 enim
1691 1470 1815 1509 trium
1857 1469 2172 1523 disciplinarum

391 1535 600 1588 principes
641 1534 910 1573 convenistis.
974 1534 1027 1572 M.
1067 1533 1178 1572 enim
1220 1533 1314 1571 Piso
1356 1532 1389 1571 si
1432 1532 1619 1579 adesset,
1664 1532 1821 1572 nullius
1860 1531 2172 1586 philosophiae,

392 1611 536 1637 earum
569 1598 751 1650 quidem,
786 1609 893 1649 quae
926 1596 969 1635 in
1000 1596 1161 1635 honore
1195 1600 1305 1641 sunt,
1340 1601 1503 1634 vacaret
1526 1595 1657 1635 locus.
1709 1597 1815 1635 Tum
1844 1595 1983 1642 Cotta,
2016 1595 2079 1642 Si,
2110 1595 2173 1635 in-

392 1661 503 1713 quit,
547 1660 653 1699 liber
690 1659 883 1698 Antiochi
924 1658 1078 1704 nostri,
1119 1657 1190 1710 qui
1231 1657 1281 1696 ab
1321 1670 1370 1696 eo
1414 1671 1548 1710 nuper
1587 1659 1637 1697 ad
1671 1658 1781 1697 hunc
1814 1656 1989 1698 Balbum
2020 1658 2172 1697 missus

391 1729 472 1769 est,
505 1735 601 1762 vera
633 1722 838 1775 loquitur,
872 1720 975 1759 nihil
1006 1725 1069 1760 est
1101 1719 1214 1772 quod
1251 1720 1466 1766 Pisonem,
1498 1719 1744 1760 familiarem
1774 1727 1911 1768 tuum,
1944 1720 2171 1760 desideres.

339 1785 596 1824 25Antiocho
637 1785 747 1824 enim
789 1783 916 1823 Stoici
961 1796 1053 1822 cum
1096 1782 1382 1835 Peripateticis
1433 1795 1476 1821 re
1520 1783 1737 1823 concinere
1777 1783 1990 1830 videntur,
2034 1782 2172 1822 verbis

391 1848 642 1899 discrepare.
697 1846 790 1894 Quo
825 1846 874 1884 de
908 1846 1038 1892 libro,
1069 1845 1219 1891 Balbe,
1253 1844 1375 1884 velim
1409 1845 1515 1884 scire
1550 1845 1650 1898 quid
1683 1847 1850 1885 sentias.
1902 1846 2078 1898 Egone?
2110 1846 2173 1885 in-

391 1911 480 1964 quit
509 1910 606 1949 ille:
639 1910 769 1948 miror
798 1908 1066 1954 Antiochum,
1100 1908 1313 1947 hominem
1346 1909 1386 1947 in
1419 1908 1564 1961 primis
1596 1914 1785 1955 acutum,
1816 1922 1899 1948 non
1926 1908 2078 1948 vidisse
2109 1908 2173 1948 in-

389 1978 546 2013 teresse
588 1972 811 2025 plurimum
854 1972 961 2010 inter
994 1971 1180 2017 Stoicos,
1222 1971 1292 2023 qui
1337 1971 1511 2010 honesta
1549 1985 1572 2010 a
1604 1970 1836 2010 commodis
1869 1983 1953 2010 non
1986 1970 2170 2018 nomine,

390 2036 464 2076 sed
496 2048 649 2087 genere
681 2040 767 2074 toto
800 2034 1084 2087 diiungerent,
1118 2040 1157 2073 et
1189 2034 1511 2087 Peripateticos,
1546 2034 1616 2086 qui
1651 2032 1825 2073 honesta
1850 2033 2172 2074 commiscerent

338 2100 375 2129 30
390 2112 481 2138 cum
513 2096 768 2143 commodis,
801 2102 846 2136 ut
878 2110 924 2137 ea
956 2098 1064 2136 inter
1086 2110 1130 2136 se
1154 2097 1441 2149 magnitudine
1464 2102 1504 2136 et
1526 2097 1644 2149 quasi
1668 2096 1878 2149 gradibus,
1910 2109 1993 2136 non
2016 2108 2170 2148 genere

390 2159 628 2206 differrent3
660 2158 760 2199 haec
792 2160 903 2198 enim
936 2165 999 2199 est
1028 2173 1112 2199 non
1144 2159 1366 2199 verborum
1400 2172 1548 2212 parva,
1581 2158 1654 2198 sed
1677 2172 1813 2199 rerum
1837 2172 2062 2212 permagna
2086 2158 2171 2198 dis-

390 2222 542 2262 sensio.
605 2219 668 2261 117.
713 2224 865 2261 Verum
906 2222 984 2262 hoc
1026 2222 1150 2261 alias:
1191 2235 1301 2261 nunc
1346 2221 1460 2275 quod
1501 2222 1740 2274 coepimus,
1774 2222 1807 2261 si
1840 2220 2018 2260 videtur.
2068 2219 2170 2260 Mihi

388 2299 502 2332 vero,
536 2285 672 2338 inquit
704 2284 844 2331 Cotta,
878 2284 1069 2332 videtur3
1114 2284 1186 2323 sed
1222 2289 1265 2323 ut
1296 2284 1383 2331 hic,
1417 2284 1488 2336 qui
1521 2284 1768 2331 intervenit,
1803 2298 1869 2323 me
1901 2284 2088 2330 intuens,
2119 2296 2172 2322 ne

390 2349 574 2400 ignoret,
607 2360 715 2400 quae
748 2361 811 2387 res
844 2353 1010 2399 agatur,
1045 2346 1095 2387 de
1128 2352 1277 2386 natura
1309 2347 1535 2399 agebamus
1569 2347 1768 2394 deorum,
1804 2359 1911 2400 quae
1944 2359 2036 2385 cum
2068 2344 2171 2384 mihi

339 2411 376 2441 35
392 2410 603 2449 videretur
633 2409 906 2462 perobscura,
949 2416 994 2449 ut
1025 2423 1190 2462 semper
1221 2410 1352 2449 videri
1386 2410 1510 2456 solet,
1541 2409 1713 2461 Epicuri
1746 2422 1800 2449 ex
1831 2408 1995 2448 Velleio
2028 2407 2170 2448 scisci-

391 2472 509 2512 tabar
531 2472 793 2511 sententiam.
841 2472 976 2519 Quam
999 2472 1051 2511 ob
1075 2485 1176 2519 rem,
1208 2472 1360 2525 inquit,
1390 2472 1537 2519 Vellei,
1566 2472 1646 2511 nisi
1678 2472 1900 2512 molestum
1923 2477 1999 2519 est,
2029 2474 2171 2524 repete

393 2547 501 2587 quae
533 2547 743 2587 coeperas.
790 2535 988 2587 Repetam
1021 2547 1142 2582 vero,
1176 2547 1432 2587 quamquam
1464 2547 1549 2574 non
1580 2534 1702 2582 mihi,
1746 2534 1819 2574 sed
1851 2533 1925 2575 tibi
1956 2533 2026 2573 hic
2056 2532 2172 2573 venit

481 2746 510 2776 4.
535 2745 608 2785 fieri
632 2745 665 2775 in
689 2744 825 2775 civitate
849 2745 874 2775 O
902 2761 936 2766 —
964 2744 994 2774 3.
1022 2745 1128 2775 nevolt
1154 2744 1186 2775 F.
1214 2745 1251 2775 A.
1277 2742 1446 2775 Wolfius:
1474 2753 1539 2775 non
1562 2744 1636 2774 uult
1660 2742 1699 2775 Ἦ.
1729 2744 1836 2783 (Statii
1861 2742 1969 2774 verba
1994 2743 2044 2775 sic
2070 2742 2172 2774 effert

394 2797 430 2828 O.
458 2795 612 2826 Ribbeck
638 2795 772 2825 Comic.
802 2795 873 2825 Lat.
902 2793 1010 2833 Reliq.
1038 2803 1071 2834 p.
1099 2794 1162 2825 60:
1199 2811 1250 2817 --
1275 2793 1310 2824 ‘in
1341 2794 1476 2824 civitate
1501 2796 1585 2833 fiunt
1613 2794 1767 2829 facinora
1798 2794 1982 2832 capitalia:
2019 2793 2106 2824 Nam
2129 2791 2170 2823 ab

394 2847 500 2877 amico
524 2848 657 2876 amante
682 2847 857 2884 aryencum
881 2845 1029 2882 accipere
1052 2844 1214 2874 meretrix
1237 2852 1324 2873 mmo
1348 2843 1482 2883 nevolt.)
1504 2860 1537 2865 —
1559 2843 1589 2873 6.
1618 2843 1846 2882 sollempnibus
1864 2846 1889 2874 A
1905 2843 1928 2874 C
1947 2853 1953 2879 ;
1978 2841 2172 2873 solemnibus

394 2896 479 2932 BE;
505 2895 699 2926 sollemnibus
724 2894 747 2925 O
774 2911 808 2915 —
835 2894 865 2925 8.
894 2894 1068 2933 referenda
1090 2896 1165 2924 sunt
1187 2894 1343 2933 profeclo.
1370 2894 1435 2924 Eos
1460 2893 1550 2924 Bake
1575 2891 1689 2923 schol.
1719 2894 1870 2933 Hypom.
1896 2892 1937 2923 iv
1963 2901 2000 2932 p.
2028 2892 2103 2923 407.
2133 2908 2168 2913 —

394 2948 480 2976 certe
504 2946 527 2975 C
556 2963 590 2967 —
619 2945 648 2975 9.
676 2947 711 2975 at
734 2943 884 2975 dubilore
909 2944 971 2974 ΑΕ
1001 2961 1034 2966 -
1065 2945 1116 2975 Μ.
1145 2943 1192 2983 Ο]
1225 2953 1257 2983 9.
1286 2941 1314 2974 ‘21
1340 2960 1382 2965 —-
1420 2943 1469 2973 ⁴2.
1498 2946 1542 2973 est
1567 2943 1754 2982 (superscr.
1782 2942 1835 2979 sit)
1858 2941 1907 2972 B:
1939 2942 1979 2973 sit
2001 2941 2105 2973 ACE
2132 2957 2168 2963 -

396 2995 448 3025 43.
474 2994 621 3025 eaelzeslra
645 2995 669 3025 O
702 3012 733 3015 —
764 2993 816 3025 44.
843 2993 878 3025 C.
906 2994 951 3024 B:
979 3003 1011 3033 9.
1039 2995 1063 3024 A
1081 2994 1103 3024 C
1120 2994 1143 3024 E
1173 3010 1207 3014 —
1233 2992 1347 3023 uellelo
1372 2994 1415 3029 A,
1444 2993 1525 3022 item
1550 3001 1582 3023 v.
1604 2992 1656 3023 48.
1680 3008 1713 3013 -
1740 2992 1865 3030 epicuri
1889 2991 1940 3029 5213
1966 2992 2122 3031 Epicurei
2144 2991 2170 3022 O

397 3045 448 3075 45.
478 3043 528 3083 Q]
553 3046 685 3083 quintus
708 3043 735 3076 ‘21
764 3062 795 3067 —
831 3044 883 3075 47.
910 3046 1120 3082 comparetur
1145 3044 1168 3074 C
1199 3059 1231 3064 —
1264 3045 1486 3081 peroporthe
1511 3040 1539 3073 Ἦ
1566 3058 1600 3063 —
1630 3041 1681 3071 49.
1709 3041 1812 3079 adqui
1835 3043 1881 3078 A;
1915 3043 2015 3080 atque
2039 3041 2103 3072 CE
2133 3057 2167 3063 -

396 3101 449 3132 20.
476 3103 656 3139 opportune
674 3101 709 3131 Β1
726 3109 731 3130 ;
759 3104 919 3139 oportune
942 3101 965 3131 A
982 3098 1019 3130 Β2
1033 3100 1056 3130 C
1072 3099 1095 3130 E
1118 3117 1150 3121 —-
1178 3099 1232 3129 ⁶21.
1258 3099 1304 3130 M.
1331 3099 1416 3129 enim
1440 3097 1487 3137 (M.
1503 3106 1536 3129 Ν.
1554 3096 1607 3128 vel
1624 3105 1667 3127 m.
1683 3096 1734 3136 n..)
1756 3098 1828 3135 piso
1852 3098 1878 3128 A
1894 3097 1917 3128 B
1933 3097 1958 3128 E
1977 3106 1982 3126 :
2011 3082 2088 3128 G‘Ns
2098 3096 2169 3135 piso

398 3153 445 3186 (Ᾰς
477 3150 522 3181 Μ.
546 3151 618 3188 piso
641 3149 717 3183 alii:
754 3151 801 3181 M.
826 3151 927 3181 eliam
957 3150 1028 3180 Piso
1059 3147 1293 3180 Heindortius.
1324 3165 1357 3170 -
1391 3148 1500 3178 nullus
1526 3148 1547 3178 Β
1579 3165 1620 3170 —-
1647 3147 1870 3187 philosophiae
1901 3146 1970 3178 del.
1997 3147 2100 3178 Bake.
2129 3162 2165 3168 —
2226 3151 2227 3155 ’

397 3201 450 3232 ⁶22.
477 3203 554 3231 tunc
577 3200 601 3230 B
631 3217 663 3221 -
698 3199 748 3230 23.
776 3200 940 3231 anthiochi
965 3201 989 3231 A
1006 3200 1030 3231 C
1069 3217 1102 3222 —-
1140 3199 1191 3229 26.
1218 3199 1314 3229 velim
1337 3198 1437 3236 scire,
1469 3197 1569 3228 Balbe
1597 3197 1622 3228 O
1657 3213 1691 3218 —-
1726 3196 1779 3227 027.
1804 3196 1958 3228 interesse
1980 3204 2049 3227 om.
2077 3195 2101 3227 C
2129 3210 2164 3216 —

398 3250 450 3282 29.
477 3250 683 3289 diiungerent
705 3249 794 3281 AC:
830 3250 1051 3290 disiunyerent
1074 3249 1098 3280 B
1115 3248 1177 3279 EO
1205 3265 1239 3269 -
1272 3247 1324 3278 30.
1351 3256 1425 3278 cum
1449 3255 1539 3278 corr.
1566 3255 1609 3278 ex
1631 3254 1703 3278 com
1726 3247 1753 3278 A
1780 3262 1815 3268 -
1843 3245 1895 3277 302.
1920 3245 1980 3276 hoc
2003 3242 2054 3277 ⁵21:
2087 3243 2166 3275 haec

399 3300 424 3331 Ο
451 3315 486 3322 -
513 3300 656 3339 cepimus
679 3299 744 3330 AC
760 3299 784 3330 E
810 3316 844 3321 —
872 3299 925 3332 33.
951 3303 1045 3331 cocta
1067 3301 1095 3330 A
1120 3315 1155 3320 -
1183 3297 1235 3329 37.
1261 3306 1395 3336 ceperas
1419 3298 1442 3329 C
1458 3297 1495 3328 E.
