2249 3624
248 133 329 176 672
970 132 1040 172 DE
1073 131 1140 172 OF
1143 133 1173 171 F
1176 132 1297 172 ICIIS

245 241 452 281 maiorum
493 253 615 279 suum
656 237 866 291 quoddam
909 237 1145 276 institutum
1186 243 1528 290 consequantur,
1573 238 1842 294 maximeque
1881 241 1925 280 in
1967 254 2016 281 eo

244 303 498 356 plerumque
531 301 746 341 elaborant
776 299 829 347 ii,
870 299 942 352 qui
983 312 1133 352 magna
1171 299 1248 339 sibi
1279 305 1526 353 proponunt
1557 300 1745 341 obscuris
1776 301 1856 341 orti
1886 303 2018 342 maio-

245 366 376 406 ribus.
436 362 529 404 117.
562 364 674 402 Haec
704 362 833 415 igitur
864 358 1159 409 omnia,‘eum
1191 362 1431 415 quaerimus
1464 363 1565 415 quid
1596 363 1763 411 deceat,
1796 364 2017 418 complecti

246 430 386 470 animo
419 433 460 467 et
491 424 744 478 cogitatione
777 424 990 464 debemus.
1042 425 1088 463 In
1121 424 1266 477 primis
1289 431 1428 464 autem
1451 426 1788 466 constituendum
1812 432 1887 475 est,
1910 440 2017 481 quos

215 501 322 533 5nos
355 498 396 531 et
427 489 571 544 quales
603 500 694 526 esse
727 487 903 527 velimus
936 493 976 526 et
1007 487 1049 526 in
1083 500 1166 540 quo
1198 500 1352 539 genere
1385 487 1518 527 vitae:
1550 501 1656 541 quae
1683 488 1931 529 deliberatio
1956 495 2019 530 est

246 556 433 596 omnium
465 549 722 592 difficillima.
782 550 957 589 Ineunte
990 550 1099 589 enim
1133 549 1440 597 adulescentia,
1472 564 1564 590 cum
1597 557 1661 591 est
1692 552 1869 591 maxima
1901 552 2019 591 inbe-

246 618 395 658 cillitas
427 614 615 660 consilii,
656 619 743 653 tum
782 613 823 652 id
865 612 944 652 sibi
987 612 1167 665 quisque
1199 625 1330 665 genus
1361 613 1507 652 aetatis
1539 613 1754 666 degendae
1786 614 2018 662 constituit,

245 680 357 734 quod
399 677 579 718 maxime
618 677 839 716 adamavit.
914 677 1061 729 Itaque
1107 681 1202 715 ante
1240 675 1481 728 implicatur
1520 676 1665 729 aliquo
1706 682 1820 716 certo
1864 689 2017 729 genere

245 756 457 795 cursuque
488 740 655 781 vivendi
688 752 813 792 quam
846 739 1000 792 potuit,
1024 740 1135 792 quod
1160 740 1364 792 optimum
1387 744 1516 786 esset,
1538 739 1736 779 iudicare.
1789 737 1803 777 'l
1824 736 1881 777 l8.
1914 740 2017 778 Nam

196 804 356 860 loquod
388 803 615 843 Herculem
646 802 848 842 Prodicus
881 801 994 849 dicit,
1026 807 1072 841 ut
1102 807 1164 841 est
1195 801 1306 855 apud
1338 801 1679 854 Xenophontem,
1711 816 1804 841 cum
1835 802 2017 854 primum

244 869 514 922 pubesceret,
556 864 668 918 quod
700 870 865 918 tempus
897 878 920 904 a
951 870 1098 904 natura
1127 864 1178 904 ad
1212 864 1504 916 deligendum,
1538 878 1663 918 quam
1695 865 1877 917 quisque
1909 864 2018 904 viam

244 930 411 972 vivendi
442 928 495 968 sit
525 928 816 980 ingressurus,
859 927 1002 967 datum
1035 933 1120 973 est,
1163 927 1301 966 exisse
1332 927 1374 966 in
1407 926 1676 966 solitudinem
1708 932 1834 979 atque
1866 927 1924 966 ibi
1955 940 2019 966 se-

245 994 413 1034 dentem
445 991 517 1031 diu
549 1004 690 1030 secum
722 990 984 1043 multumque
1018 989 1245 1036 dubitasse,
1277 1002 1370 1028 cum
1405 989 1508 1029 duas
1540 994 1730 1029 cerneret
1760 989 1860 1036 vias,
1891 1002 2016 1029 unam

244 1054 507 1108 Voluptatis,
545 1054 948 1100 alteramVirtutis,
992 1058 1125 1092 utram
1157 1051 1319 1104 ingredi
1357 1052 1509 1091 melius
1547 1057 1679 1099 esset,
1720 1051 1802 1091 hoc
1831 1051 2018 1099 Herculi,

194 1119 355 1160 ⁴5Iovis
388 1123 479 1157 satu
511 1115 645 1164 edito,
679 1116 814 1168 potuit
844 1114 1021 1155 fortasse
1053 1115 1319 1166 contingere,
1350 1115 1471 1154 nobis
1502 1127 1588 1154 non
1619 1114 1739 1161 item,
1780 1114 1852 1167 qui
1883 1114 2020 1154 imita-

244 1195 339 1221 mur
370 1193 476 1234 quos
509 1180 662 1232 cuique
693 1179 828 1218 visum
861 1183 923 1217 est
953 1183 1080 1231 atque
1111 1178 1162 1217 ad
1196 1190 1341 1216 eorum
1374 1176 1513 1217 studia
1542 1177 1819 1230 institutaque
1841 1176 2020 1230 impelli-

244 1257 350 1291 mur,
381 1243 628 1296 plerumque
660 1248 798 1281 autem
832 1240 1070 1293 parentium
1102 1240 1339 1293 praeceptis
1371 1239 1503 1279 inbuti
1535 1238 1587 1279 ad
1620 1252 1763 1279 eorum
1796 1244 2019 1279 consuetu-

245 1306 385 1346 dinem
418 1318 663 1358 moremque
695 1304 953 1343 deducimur.
1002 1303 1085 1342 Alii
1109 1302 1390 1343 multitudinis
1412 1301 1570 1341 iudicio
1594 1300 1799 1349 feruntur,
1824 1314 2019 1355 quaeque

244 1368 395 1409 maiori
427 1368 534 1421 parti
567 1367 847 1421 pulcherrima
880 1364 1091 1413 videntur,
1115 1379 1163 1406 ea
1187 1366 1368 1405 maxime
1391 1370 1615 1418 exoptant:
1646 1378 1731 1404 non
1753 1364 1857 1403 nulli
1880 1369 2019 1403 tamen

195 1434 334 1474 ‘zosive
374 1430 574 1472 felicitate
615 1429 796 1483 quadam
839 1431 926 1468 sive
967 1428 1154 1468 bonitate
1195 1434 1368 1468 naturae
1409 1428 1496 1467 sive
1528 1427 1766 1480 parentium
1799 1426 2020 1479 disciplina

244 1501 401 1536 rectam
433 1495 541 1534 vitae
572 1492 703 1532 secuti
736 1497 833 1532 sunt
863 1492 986 1531 viam.

358 1556 556 1597 XXXIII.
588 1553 682 1594 «119.
713 1555 822 1594 Illud
852 1560 991 1593 autem
1024 1554 1205 1593 maxime
1236 1566 1374 1593 rarum
1406 1566 1538 1606 genus
1571 1558 1633 1593 est
1665 1566 1830 1601 eorum,
1853 1552 1924 1606 qui
1948 1557 2020 1592 aut

247 1619 472 1661 excellenti
514 1619 673 1671 ingenii
715 1616 1004 1670 magnitudine
1044 1622 1113 1656 aut
1154 1615 1369 1669 praeclara
1401 1615 1637 1656 eruditione
1669 1621 1795 1668 atque
1828 1614 2017 1654 doctrina

246 1689 318 1724 aut
346 1689 525 1735 utraque
556 1695 599 1721 re
631 1681 764 1721 ornati
796 1679 975 1732 spatium
1008 1681 1134 1719 etiam
1167 1678 1429 1719 deliberandi
1461 1678 1717 1725 habuerunt,
1741 1691 1865 1731 quem
1888 1678 2020 1730 potis-

196 1756 232 1786 25
246 1747 399 1786 simum
430 1746 538 1785 vitae
569 1757 736 1784 cursum
768 1742 889 1796 sequi
922 1742 1095 1782 vellent:
1129 1742 1173 1781 in
1205 1755 1287 1795 qua
1320 1741 1624 1781 deliberatione
1656 1740 1707 1780 ad
1740 1753 1857 1780 suam
1880 1741 2020 1779 cuius-

248 1823 330 1863 que
360 1814 554 1848 naturam
586 1806 806 1846 consilium
849 1810 911 1844 est
951 1818 1073 1845 omne
1114 1803 1411 1844 revocandum.
1471 1805 1574 1843 Nam
1606 1817 1701 1843 cum
1733 1803 1777 1842 in
1810 1802 2017 1849 omnibus,

247 1885 354 1927 quae
384 1876 576 1923 aguntur,
608 1882 660 1909 ex
692 1881 756 1916 e0,
789 1881 871 1921 quo
905 1868 1030 1907 modo
1064 1867 1243 1921 quisque
1276 1872 1397 1906 natus
1430 1872 1505 1913 est,
1537 1872 1582 1906 ut
1614 1879 1740 1919 supra
1764 1865 1919 1905 dictum
1942 1870 2019 1912 est,

247 1934 349 1988 quid
381 1933 527 1973 deceat
558 1931 842 1985 exquirimus,
877 1936 964 1970 tum
996 1931 1039 1970 in
1071 1936 1158 1970 tota
1188 1930 1272 1969 vita
1304 1930 1597 1969 constituenda
1628 1928 1760 1968 multo
1793 1934 1856 1969 est
1887 1929 1925 1969 ei
1955 1928 2016 1968 rei

248 2010 347 2037 cura
378 1996 511 2036 maior
541 1993 794 2041 adhibenda,
825 1998 872 2032 ut
902 1998 1094 2033 constare
1125 1993 1169 2032 in
1199 1992 1475 2045 perpetuitate
1507 1992 1616 2032 vitae
1649 1991 1856 2044 possimus
1878 1990 2019 2031 nobis-

197 2069 234 2098 30
248 2064 333 2099 met
362 2059 464 2111 ipsis
497 2069 573 2097 nec
604 2057 647 2096 in
678 2056 763 2095 ullo
796 2054 934 2096 officio
968 2056 1214 2095 claudicare.
1285 2052 1378 2093 1120.
1417 2055 1479 2093 Ad
1512 2053 1617 2094 hanc
1647 2060 1785 2094 autem
1816 2053 2019 2093 rationem

248 2122 446 2176 quoniam
479 2120 705 2160 maximam
737 2119 818 2159 vim
851 2125 995 2159 natura
1026 2118 1172 2166 habet,
1203 2117 1370 2157 fortuna
1402 2118 1649 2170 proximam,
1681 2117 1901 2170 utriusque
1933 2129 2020 2155 om-

247 2186 346 2225 nino
389 2183 583 2224 habenda
624 2182 728 2222 ratio
773 2188 835 2221 est
864 2182 907 2221 in
938 2181 1161 2234 deligendo
1194 2193 1346 2233 genere
1377 2180 1508 2227 vitae,
1550 2180 1623 2219 sed
1654 2185 1825 2219 naturae
1857 2179 2016 2232 magis3

248 2248 380 2288 multo
413 2247 524 2287 enirn
557 2250 599 2285 et
628 2243 783 2284 firmior
814 2249 878 2284 est
909 2250 949 2284 et
979 2244 1250 2290 constantior,
1285 2248 1329 2282 ut
1358 2241 1527 2282 fortuna
1557 2256 1640 2282 non
1666 2254 1894 2294 numquam
1916 2247 2020 2282 tam-

250 2323 375 2363 quam
406 2309 497 2362 ipsa
527 2307 713 2348 mortalis
753 2321 846 2347 cum
876 2307 1089 2347 inmortali
1118 2311 1266 2346 natura
1296 2318 1482 2358 pugnare
1514 2305 1720 2344 videatur.
1782 2304 1864 2352 Qui
1895 2303 2023 2356 igitur

337 2470 367 2503 l.
393 2473 576 2512 sequantur
599 2476 617 2501 c
658 2487 691 2491 —
729 2467 877 2499 maxime
901 2468 935 2499 in
960 2477 995 2499 co
1020 2469 1045 2500 A
1086 2485 1119 2489 —-
1157 2468 1189 2499 2.
1215 2468 1260 2499 hii
1284 2466 1390 2504 Allb,
1415 2466 1461 2505 hij
1485 2473 1516 2504 c,
1543 2465 1575 2497 hi
1598 2465 1656 2497 Ba
1681 2483 1716 2488 —
1751 2465 1808 2504 qui
1830 2473 2021 2506 magna--

247 2522 429 2555 maioribus
452 2522 583 2552 Nonius
608 2528 640 2561 p.
657 2518 732 2551 359.
754 2536 789 2541 —
817 2519 847 2550 6.
867 2518 952 2559 cum]
971 2522 1040 2549 tum
1066 2525 1083 2548 c
1111 2535 1144 2539 —
1178 2518 1208 2549 9.
1229 2518 1309 2556 quid
1332 2518 1492 2557 optimum
1516 2524 1537 2547 a
1564 2534 1597 2538 -
1624 2516 1714 2546 Nam
1738 2516 1825 2556 quod
1848 2522 1885 2546 o:
1911 2515 2020 2546 Nam-

247 2581 310 2612 que
333 2575 357 2603 Α
375 2572 396 2602 Β
413 2572 438 2602 Η
455 2571 507 2602 ab
547 2587 580 2591 -—
624 2569 675 2600 40.
703 2568 874 2599 Herculem
897 2569 1054 2599 Prodicus
1077 2568 1155 2598 dicit
1178 2568 1370 2599 Manutius:
1408 2566 1569 2597 herculem
1591 2567 1751 2606 prodiyus
1776 2566 1849 2606 (sic)
1874 2566 1952 2598 dicit
1981 2572 2016 2603 ος

246 2623 408 2654 herculem
433 2622 511 2652 dicil
542 2629 575 2656 a;
611 2619 774 2650 herculem
793 2619 972 2658 prodigum
997 2618 1074 2649 dicit
1099 2618 1123 2648 Η
1139 2618 1179 2651 b:
1213 2618 1376 2648 herculem
1397 2617 1575 2656 prodigum
1599 2616 1711 2647 dicunt
1735 2617 1815 2653 ΑΒ;
1848 2615 2020 2647 Herculem

246 2673 435 2703 Prodicium
458 2671 571 2701 dicunt
601 2678 632 2701 0.
682 2669 731 2700 Cf.
760 2669 857 2700 Lund
889 2670 932 2700 de
967 2667 1107 2699 emend.
1137 2668 1207 2698 Cic.
1235 2666 1331 2698 libris
1364 2667 1407 2698 de
1439 2666 1528 2698 ostie.
1558 2666 1647 2706 p.32
1673 2668 1705 2697 et
1731 2667 1821 2698 Bake
1846 2667 2016 2699 Mnemos.

248 2722 290 2753 IX
317 2731 348 2762 p.
366 2721 439 2752 305.
470 2737 504 2742 —-
545 2720 595 2750 Η.
623 2720 666 2750 ad
689 2720 872 2759 cliqcndum
904 2727 935 2750 a.
986 2717 1036 2749 Cf.
1063 2727 1094 2747 v.
1115 2717 1154 2748 32
1180 2718 1213 2747 et
1239 2716 1362 2757 p.673,
1382 2716 1412 2748 3.
1449 2734 1483 2738 —
1524 2716 1576 2747 42.
1602 2717 1766 2755 inqressus
1789 2716 1817 2747 H
1845 2733 1878 2738 —
1913 2716 2021 2755 adque

249 2771 309 2802 Ab
336 2787 369 2791 ——
399 2770 448 2800 ⁴3.
476 2770 531 2800 diu
557 2770 706 2800 0111.Ab
735 2787 767 2791 —
797 2770 853 2800 diu¹
876 2777 981 2800 secum
1008 2776 1097 2799 corr.
1126 2768 1159 2797 in
1184 2775 1291 2797 secum
1316 2767 1371 2797 diu
1397 2766 1424 2797 H
1451 2783 1485 2787 —
1520 2765 1571 2797 44.
1597 2766 1737 2796 herculis
1760 2775 1781 2797 a
1807 2783 1841 2787 -
1876 2765 1928 2797 ⁴5.
1954 2774 2020 2796 non

248 2821 333 2852 idem
358 2821 381 2851 C
423 2837 456 2842 -
497 2820 547 2851 46.
576 2828 796 2859 quoscumque
819 2827 840 2858 p
865 2836 907 2841 —-
943 2819 995 2849 117.
1020 2817 1213 2855 plerumque
1238 2817 1343 2847 dotem
1363 2815 1554 2854 parentium
1570 2832 1619 2837 -—
1635 2824 1806 2853 moresque
1828 2815 2021 2846 deducimur

249 2871 380 2902 Nonius
406 2879 438 2910 p.
459 2869 531 2901 324.
574 2888 615 2892 ——
652 2871 830 2909 parentum
854 2877 871 2899 c
912 2885 946 2890 —
990 2867 1040 2899 118.
1068 2875 1214 2905 quaeque
1231 2866 1484 2903 -—vldcan!w·,
1511 2873 1549 2895 ea
1572 2865 1721 2896 maxime
1744 2868 1858 2905 optant
1888 2865 2019 2896 Nonius

249 2929 283 2961 p.
300 2920 373 2951 358.
405 2938 437 2942 —-
477 2921 527 2950 49.
554 2929 593 2951 ea
618 2929 688 2951 orn.
708 2923 730 2951 Α
747 2921 799 2951 ab
827 2936 861 2940 —-
900 2919 951 2950 ⁶20.
975 2917 1167 2957 parentium
1193 2925 1282 2946 corr.
1311 2916 1343 2945 in
1365 2918 1546 2954 parentum
1572 2915 1628 2945 Bc
1667 2933 1701 2937 —
1739 2915 1792 2946 Ἣ.
1818 2914 1918 2955 uitae]
1944 2914 2020 2945 uiae

249 2971 309 3003 Ab
338 2987 371 2991 —
406 2970 460 3000 22.
488 2979 605 2999 rarum
630 2973 673 3000 est
700 2970 888 3009 (supcrscr.
907 2968 1018 3008 glenus)
1045 2975 1065 2997 a
1093 2981 1125 2987 -
1162 2965 1213 2996 23.
1240 2965 1410 2996 eoecellenti
1436 2972 1469 2995 c:
1498 2965 1674 2996 excellente
1697 2965 1877 3000 ABHab;
1910 2964 2019 2995 excel-

250 3021 343 3052 lentis
366 3028 414 3059 po
442 3036 474 3040 —
504 3023 602 3057 atquc
627 3020 778 3049 doclrina
802 3023 901 3058 atquc
924 3021 1067 3055 utraque
1092 3023 1109 3045 c
1137 3033 1171 3037 —
1202 3014 1252 3046 24.
1272 3023 1307 3045 re
1324 3015 1436 3045 ornuli
1459 3015 1531 3045 Ac:
1560 3022 1595 3044 re
1618 3016 1740 3045 ornata
1762 3014 1799 3050 b;
1826 3015 1875 3045 rei
1898 3017 2019 3045 ornata

251 3070 328 3102 Ha:
354 3070 401 3099 rei
427 3073 545 3098 ornatu
571 3070 594 3099 B
624 3087 656 3091 -
696 3069 747 3099 ¹26.
775 3072 818 3099 est
844 3076 913 3098 om.
934 3069 959 3098 Α
988 3083 1023 3088 -
1062 3065 1114 3095 ῗῖ.
1141 3065 1236 3094 modo
1260 3073 1328 3096 om.
1351 3074 1372 3096 a
1398 3081 1432 3086 —
1472 3064 1524 3095 ⁶28.
1551 3067 1596 3095 est
1620 3066 1648 3095 ei
1672 3065 1720 3095 rei
1743 3073 1827 3095 cura
1852 3065 2018 3095 Gruterus

254 3120 297 3158 (in
323 3118 576 3157 adnotationum:
616 3122 658 3148 es!
683 3119 709 3149 ei
734 3128 816 3149 eura
843 3119 922 3158 (om.
943 3118 1000 3154 rei)
1027 3124 1069 3151 a;
1108 3118 1151 3145 es!
1176 3115 1223 3145 rei
1247 3124 1329 3145 cura
1356 3116 1437 3153 [om.
1456 3113 1493 3151 ei„
1519 3114 1667 3147 ABHb;
1705 3117 1750 3144 esc
1773 3114 1841 3144 eius
1864 3113 1911 3144 rei
1934 3120 2017 3143 cura

253 3179 302 3210 cp
338 3187 380 3192 —-
417 3168 469 3199 30.
497 3169 526 3198 in
553 3168 640 3198 nullo
673 3171 695 3199 Α
711 3169 763 3199 ab
804 3186 836 3189 —
876 3168 927 3198 3⁴.
956 3167 1110 3205 quoniam
1137 3173 1227 3195 corr.
1256 3174 1296 3195 cx
1329 3165 1460 3204 quando
1493 3172 1529 3200 ἃς
1558 3173 1621 3202 quo
1645 3165 1664 3195 b
1692 3163 1797 3203 (conf.
1817 3162 2013 3204 p.673,‘2⁴.

252 3221 327 3259 704,
349 3220 412 3257 Μ.)
441 3235 475 3240 -
503 3219 553 3249 32.
582 3219 743 3257 dilifflmlo
769 3219 820 3249 ab
848 3217 925 3256 (sed
953 3218 984 3247 in
1011 3224 1031 3247 a.
1056 3215 1158 3255 priori
1184 3215 1193 3244 i
1218 3223 1396 3254 superscr.
1418 3215 1452 3255 c)
1480 3231 1514 3236 —-
1541 3215 1607 3246 uile
1630 3222 1747 3255 ‚qenere
1771 3221 1789 3243 ο
1816 3229 1848 3234 -
1877 3210 1929 3243 33.
1952 3210 2015 3252 fir—

251 3271 338 3302 mior
361 3273 406 3302 εει
429 3272 457 3300 cl
481 3269 683 3299 constantior
707 3270 750 3299 esc
774 3270 806 3298 ul
832 3274 850 3297 c
877 3283 911 3288 ——
938 3268 1111 3305 tamquam
1136 3264 1179 3296 C:
1206 3272 1275 3295 om.
1297 3271 1326 3295 o.
