2249 3624
799 567 855 626 Μ.
893 568 1081 626 TULLII
1118 568 1422 629 CICERONIS

304 707 1042 765 PARADOXA
1121 708 1922 768 STOICORU'VI.

953 873 1272 905 aizerzxsrm

812 990 1152 1030 CAROLUS
1196 991 1411 1029 HALM.

892 1267 1135 1305 NOTARUM
1161 1266 1332 1305 INDEX.

229 1369 256 1399 V
279 1377 317 1391 =
341 1367 453 1400 codex
478 1367 776 1408 vindobonensis,
809 1378 840 1400 v.
868 1377 974 1410 supra
997 1378 1031 1410 p.
1055 1370 1081 1400 t.
1130 1368 1392 1400 Paradoxorum
1417 1367 1546 1399 librum
1577 1377 1618 1400 ex
1644 1368 1709 1400 hoc
1734 1368 1854 1400 codice
1880 1370 1992 1401 totum

402 1424 435 1455 in
461 1426 621 1456 nostrum
646 1432 748 1456 usum
774 1424 959 1465 descripsit
984 1425 1135 1456 Cimonis
1160 1426 1326 1456 Scaesnt.
1375 1424 1536 1456 Eundem
1561 1424 1738 1456 Detlessen
1764 1434 1905 1466 quoque
1931 1434 1993 1457 ex-

402 1480 532 1517 cussit;
573 1488 606 1511 v,
637 1480 934 1521 Sitzunysberichle
964 1482 1022 1513 der
1044 1481 1297 1521 philos-histor.
1327 1480 1436 1512 Classe
1465 1481 1522 1512 der
1548 1481 1679 1513 Wiener
1700 1482 1875 1514 Akademie
1906 1482 1990 1522 XXI,

403 1545 436 1577 p.
456 1536 518 1567 410
544 1536 662 1576 (1856).

230 1594 256 1625 A
280 1607 318 1622 z
342 1591 453 1625 codex
478 1592 656 1625 Leidensis
681 1594 872 1625 Vossianus
896 1603 992 1626 num.
1010 1594 1067 1633 84,
1096 1603 1202 1635 quem
1228 1595 1292 1636 ipsi
1317 1595 1547 1626 excussimus.

229 1650 254 1681 B
281 1661 320 1675 =
343 1648 453 1680 codex
478 1649 656 1681 Leidensis
680 1650 870 1682 Vossianus
895 1659 991 1682 num.
1011 1651 1063 1682 86.
1112 1649 1265 1682 Contulit
1288 1651 1460 1682 BAirssnus.

231 1706 255 1737 C
279 1717 319 1732 =
341 1707 367 1736 Α
381 1706 404 1736 Β
420 1705 458 1737 V.

230 1761 255 1793 Ο
278 1775 318 1789 =
341 1760 541 1802 exemplum
566 1761 790 1795 Orellianum.

315 1819 459 1850 Praeter
482 1818 547 1850 hos
570 1818 677 1850 libros
702 1821 761 1850 aut
785 1820 936 1860 primum
962 1820 1018 1850 aut
1045 1820 1172 1851 iterum
1196 1818 1340 1851 collatos
1363 1818 1551 1850 habuimus
1569 1819 1763 1851 Parisinuni
1788 1819 1992 1858 num.7830‚

230 1872 494 1913 Oehlerianum,
528 1875 586 1915 qui
616 1884 706 1907 nunc
739 1877 850 1906 exstat
875 1876 907 1906 in
934 1874 1146 1906 bibliotheca
1172 1876 1350 1907 seminarii
1375 1874 1571 1916 philologici
1597 1876 1788 1913 Gissensis‚
1822 1875 1995 1906 Duisbur-

230 1938 393 1970 gensem,
429 1931 488 1971 qui
513 1940 605 1962 nuuc
630 1933 683 1962 est
707 1932 920 1970 Bonnensis,
948 1930 1218 1971 Erlangensem,
1247 1932 1421 1963 Gudianos
1447 1940 1543 1963 num.
1562 1932 1581 1962 Ξ).
1606 1932 1639 1962 et
1664 1940 1760 1963 num.
1780 1932 1841 1962 450
1865 1930 1994 1963 biblio-

230 1986 354 2018 thecae
378 1986 737 2026 Wolsenbuttelanae‚
775 1988 838 2019 sed
871 1986 1015 2020 meliora
1048 1986 1102 2019 illa
1135 1987 1291 2019 subsidia
1323 1990 1445 2029 postea
1478 1988 1623 2019 demum
1658 1988 1749 2019 nacti
1782 1987 1880 2019 facile
1912 1990 1993 2020 ante

231 2044 443 2085 comparatis
468 2043 702 2086 supersedere
728 2045 920 2085 potuimus.
970 2046 1154 2076 Praeterea
1180 2043 1350 2076 lectiones
1375 2043 1452 2075 libri
1477 2044 1667 2076 Bernensis
1692 2053 1787 2075 num.
1808 2044 1881 2083 702,
1909 2053 1995 2085 quas

233 2100 269 2131 C.
296 2101 334 2132 G.
361 2099 547 2133 Muellerus
576 2101 610 2132 in
633 2099 881 2132 Analectorum
905 2101 1136 2133 Beruensium
1161 2099 1330 2141 particula
1355 2102 1382 2132 11
1408 2101 1607 2141 exscripsit,
1634 2101 1863 2142 inspeximus.

347 2331 384 2374 ’1.
428 2334 737 2381 Animadverti,
767 2334 913 2381 Brute,
946 2346 1070 2386 saepe
1104 2332 1328 2381 Catonem,
1367 2333 1619 2374 avunculum
1651 2338 1787 2380 tuum,
1829 2346 1921 2373 cum
1952 2334 1996 2373 in

235 2402 383 2438 senatu
415 2396 666 2436 sententiam
699 2396 876 2443 diceret,
918 2396 1031 2436 locos
1064 2409 1210 2448 graves
1250 2409 1302 2435 ex
1338 2395 1609 2449 philosophia
1639 2400 1816 2435 tractare
1848 2395 1997 2436 abhor-

233 2465 372 2500 rentes
404 2459 454 2498 ab
485 2459 565 2499 hoe
595 2472 675 2499 usu
705 2458 862 2498 forensi
895 2464 936 2498 et
966 2458 1160 2511 publico,
1203 2458 1276 2498 sed
1314 2458 1490 2499 dicendo
1522 2458 1722 2512 consequi
1755 2464 1915 2506 tamen,
1953 2464 1999 2499 ut

234 2522 304 2562 iila
335 2522 458 2561 etiam
490 2521 646 2575 populo
677 2521 908 2574 probabilia
937 2521 1192 2560 viderentur.
1252 2518 1292 2560 Ξ).
1329 2520 1454 2569 Quod
1477 2533 1525 2560 eo
1550 2520 1680 2561 maius
1705 2526 1767 2560 est
1789 2520 1849 2559 illi
1872 2534 1995 2574 quam

235 2589 306 2625 aut
335 2584 410 2624 tibi
441 2589 512 2624 aut
541 2583 687 2631 nobis,
729 2584 827 2637 quia
857 2597 932 2623 nos
966 2596 1014 2623 ea
1044 2583 1310 2637 philosophia
1349 2584 1443 2636 plus
1475 2584 1653 2630 utimur,
1694 2596 1802 2635 quae
1833 2585 2028 2637 peperit5

237 2646 403 2687 dicendi
435 2646 599 2699 copiam
631 2652 672 2686 et
702 2647 743 2686 in
776 2659 857 2699 qua
889 2645 1083 2686 dicuntur
1114 2658 1184 2693 ea,
1216 2658 1323 2699 quae
1354 2658 1440 2685 non
1471 2645 1647 2685 multum
1680 2644 1916 2698 discrepent
1946 2646 1997 2686 ab

237 2708 432 2761 opinione
462 2709 678 2761 populari,
720 2708 819 2748 Cato
854 2714 1012 2756 autem,
1055 2707 1262 2761 perfectus
1294 2721 1386 2748 mea
1416 2708 1622 2747 sententia
1654 2707 1839 2755 Stoicus,
1880 2713 1919 2748 et
1950 2721 1999 2748 ea

237 2771 386 2819 sentit,
425 2784 532 2825 quae
564 2785 647 2811 non
678 2784 777 2811 sane
809 2771 1039 2824 probantur
1070 2772 1113 2810 in
1144 2771 1319 2823 vulgus,
1352 2776 1392 2810 et
1424 2770 1467 2809 in
1499 2783 1548 2809 ea
1578 2775 1640 2810 est
1669 2769 1855 2818 haeresi,
1888 2784 1997 2824 quae

238 2833 399 2873 nullum
439 2834 631 2887 sequitur
666 2835 811 2873 florem
850 2834 1050 2873 orationis
1096 2846 1236 2886 neque
1275 2833 1420 2873 dilatat
1459 2838 1779 2885 argumentum3
1827 2834 1997 2874 minutis

239 2895 651 2948 interrogatiunculis
683 2896 803 2949 quasi
833 2896 1000 2949 punctis
1031 2895 1145 2950 quod
1175 2896 1395 2949 proposuit
1417 2894 1556 2935 efficit.
1616 2892 1654 2934 3.
1687 2894 1769 2935 Sed
1801 2895 1906 2935 nihil
1937 2901 2048 2943 estio

325 3037 494 3068 PAnADoxA
519 3036 707 3068 Sr01conmr
731 3037 775 3068 C:
808 3038 978 3069 I’Anfflon
1003 3038 1040 3069 Ο.
1083 3038 1253 3069 firmatur
1278 3037 1457 3078 inscriptio
1482 3035 1560 3068 libri
1584 3045 1602 3069 a
1626 3036 1796 3069 Diomede
1821 3045 1998 3078 gramma-

242 3085 310 3117 tico
334 3095 368 3127 p.
385 3086 446 3119 383
471 3086 527 3118 ed.
547 3086 654 3118 Keilii.

327 3134 505 3168 Editiones
537 3138 617 3168 ante
641 3136 867 3167 Animadverti
897 3136 1028 3168 habent
1051 3138 1258 3169 Pfloofflnrn.
1287 3154 1321 3159 —
1362 3137 1391 3167 4.
1417 3136 1452 3167 in
1476 3144 1543 3167 om.
1563 3136 1591 3166 V
1618 3153 1652 3158 —-
1690 3136 1721 3168 6.
1749 3137 1928 3176 discrepent
1952 3137 1996 3168 C:

242 3184 428 3224 discrepant
451 3186 476 3217 Ο
505 3203 537 3208 -
565 3186 605 3217 ab
621 3187 772 3226 opinione
795 3184 891 3218 A2'B:
918 3188 1068 3227 opinione
1092 3187 1130 3226 V,
1158 3186 1330 3226 oppinione
1352 3186 1393 3217 Αἱ
1418 3203 1452 3207 -
1480 3186 1511 3218 8.
1537 3187 1654 3227 uolyus
1676 3187 1700 3218 B
1729 3204 1764 3210 —-
1790 3187 1893 3219 heresi
1917 3187 1940 3218 C
1962 3204 1996 3208 —-

242 3232 273 3264 9.
297 3234 432 3265 minutis
456 3235 498 3266 C:
535 3237 590 3268 sed
612 3237 746 3268 minutis
770 3236 814 3274 O;
851 3237 886 3268 in
910 3237 937 3268 V
961 3239 1040 3278 post
1063 3239 1296 3279 argumentum
1325 3237 1360 3268 in
1384 3237 1539 3277 margine
1565 3246 1638 3269 cum
1668 3236 1844 3270 adiectum
1869 3239 1932 3269 est.
1961 3253 1995 3258 —

243 3282 295 3314 ⁴0.
321 3285 425 3324 effecit
447 3284 498 3317 V¹.
