2249 3624
897 278 1135 321 TIMAEUS.
1810 283 1890 323 997

135 386 211 424 iam
239 384 465 431 inveneris,
495 382 675 422 indicare
704 384 741 421 in
773 382 916 429 vulgus
945 383 1070 422 not-is.
1104 385 1258 422 Rursus
1287 386 1405 434 igitur
1439 386 1680 434 videndum,
1724 387 1789 425 ille
1829 389 1890 426 sa-

134 447 312 486 bricator
338 446 456 485 huius
485 447 582 484 tanti
611 446 748 496 operis
778 451 910 484 utrum
931 446 982 483 sit
1003 446 1180 484 imitatus
1201 447 1424 498 exemplar,
1456 448 1572 498 idne,
1603 450 1710 500 quod
1728 463 1893 502 semper

134 521 258 549 unum
299 514 339 547 et
378 508 486 547 idem
522 513 562 546 et
590 510 651 546 sui
685 508 835 556 simile,
877 520 927 546 au
964 507 1024 554 id,
1056 507 1165 558 quod
1193 515 1431 557 generatum
1461 516 1675 562 ortumque
1704 512 1887 551 dicimus.

131 573 253 624 Atqui
282 573 313 610 si
342 570 513 622 pulcher
538 577 600 608 est
627 570 689 608 hic
719 570 896 609 mundus
925 577 965 608 et
992 570 1024 607 si
1046 570 1200 620 probus
1218 572 1305 609 eius
1325 573 1490 620 artifex,
1514 574 1692 624 profecto
1710 575 1889 626 speciem

132 634 382 674 aeternitatis
410 633 555 672 imitari
586 632 750 680 maluit,
782 633 842 670 sin
872 644 1017 681 secus,
1049 632 1159 683 quod
1188 646 1238 671 ne
1268 634 1376 672 dictu
1406 634 1570 685 quidem
1599 637 1658 674 sas
1692 643 1778 682 est,
1816 643 1923 684 ‚ae-5

132 704 316 738 neratum
358 696 591 747 exemplum
636 703 699 734 est
738 708 811 746 pro
853 701 1019 733 aeterno
1062 702 1242 734 secutus.
1309 698 1394 735 Non
1432 698 1552 746 igitur
1589 698 1757 737 dubium
1794 683 1890 749 quin

131 761 412 801 aeternitatem
453 758 641 797 maluerit
683 758 872 808 exsequi,
919 756 1084 808 quando
1120 758 1283 809 quidem
1324 772 1457 810 neque
1494 761 1644 799 mundo
1673 762 1890 812 quicquam

131 823 337 877 pulchrius
371 834 506 873 neque
544 822 629 860 eius
661 820 922 860 aedificatore
953 822 1240 871 praestantius.
1297 823 1362 860 Sic
1401 834 1496 871 ergo
1525 829 1744 871 ¹aenei-atus
1773 822 1822 862 ad
1852 823 1890 860 id

131 891 194 925 est
235 886 423 934 eflectus,
460 884 569 935 quod
606 884 761 922 ratione
799 884 1081 933 sapientiaque
1123 884 1469 933 conprehenditur
1502 891 1623 936 atquc
1653 887 1890 924 aeternitate

130 948 354 988 inmutabili
388 948 630 986 continetur.
686 947 742 984 Ex
783 958 863 996 quo
892 946 1063 984 eflicitur
1090 952 1133 984 ut
1160 947 1210 984 sit
1238 959 1408 985 necesse
1442 948 1562 995 hunc,
1604 960 1726 999 quem
1755 948 1948 985 cerni-⁴0

130 1023 243 1058 mus,
289 1009 485 1049 mundum
525 1008 786 1047 simulacrum
824 1014 1035 1046 aeternum
1065 1020 1157 1046 esse
1186 1008 1354 1047 alicuius
1385 1013 1554 1048 aeterni.
1608 1009 1890 1048 Difficillimum

131 1080 265 1113 autem
304 1079 367 1111 est
404 1073 442 1110 in
483 1072 590 1110 omni
629 1070 926 1121 conquisitione
969 1070 1136 1108 rationis
1165 1070 1387 1109 exordium.
1446 1073 1501 1109 De
1529 1073 1576 1110 iis
1603 1073 1743 1121 igitur,
1785 1083 1890 1122 quae

131 1136 329 1180 diximus,
371 1134 471 1173 haec
516 1134 567 1172 sit
596 1134 724 1184 prima
759 1132 974 1171 distinctio.
1027 1132 1089 1171 ΙΙΙ.
1123 1133 1240 1170 Omni
1269 1134 1437 1172 orationi
1466 1146 1556 1172 cum
1585 1135 1632 1172 iis
1661 1134 1809 1181 rebus,
1840 1132 1890 1171 de

132 1198 283 1249 quibus
311 1196 509 1248 explicat,
540 1195 701 1234 videtur
729 1206 822 1233 esse
850 1195 1048 1244 cognatio.
1106 1197 1244 1245 ltaque
1273 1208 1364 1233 cum
1394 1195 1444 1234 de
1474 1208 1516 1233 re
1536 1196 1668 1234 stabili
1690 1202 1729 1234 et
1756 1197 1890 1234 inmu-

132 1259 241 1300 tabili
283 1260 464 1310 disputat
503 1259 653 1307 oratio,
692 1257 782 1296 talis
820 1258 893 1306 sit,
941 1256 1072 1307 qualis
1099 1255 1188 1304 illa,
1233 1269 1338 1307 quae
1367 1269 1501 1308 neque
1529 1257 1718 1306 redargui
1755 1263 1941 1309 nequens

131 1322 315 1362 convinci
340 1327 488 1373 potest.
547 1321 647 1360 Cum
677 1325 814 1358 autem
842 1321 1028 1369 ingressa
1056 1325 1119 1357 est
1144 1319 1295 1358 imitata
1317 1325 1356 1358 et
1376 1320 1505 1358 efficta
1527 1319 1762 1367 simulacra,
1786 1319 1891 1358 bene

134 1386 196 1437 agi
224 1391 360 1436 putat,
390 1385 422 1422 si
453 1383 756 1422 similitudinem
785 1383 869 1421 veri
898 1388 1188 1433 consequatur.
1243 1384 1446 1428 Quantum
1475 1384 1580 1421 enim
1608 1383 1659 1421 ad
1687 1381 1748 1431 id,
1783 1381 1891 1432 quod

132 1454 263 1487 ortum
306 1452 390 1495 est,
432 1446 651 1485 aeternitas
689 1445 820 1493 valet,
863 1449 1017 1483 tantum
1056 1443 1106 1483 ad
1135 1444 1257 1482 fidem
1285 1445 1447 1483 veritas.
1502 1446 1699 1492 Quocirca
1731 1446 1762 1482 si
1792 1446 1891 1483 torte

134 1510 185 1549 de
229 1509 398 1548 deorum
440 1515 585 1548 natura
621 1514 794 1559 ortuque
833 1506 971 1546 mundi
1009 1507 1262 1545 disserentes
1303 1508 1435 1546 minus
1477 1508 1537 1555 id,
1579 1507 1688 1559 quod
1725 1519 1892 1545 avemus

133 1574 292 1622 animo,
324 1585 651 1624 consequemur,
683 1577 726 1610 ut
754 1577 834 1610 tota
864 1570 1040 1609 dilucide
1070 1577 1109 1608 et
1139 1569 1259 1621 plane
1281 1576 1473 1609 exornata
1494 1571 1619 1608 oratio
1639 1569 1714 1608 sibi
1736 1574 1942 1608 constetw

134 1641 174 1674 et
208 1647 258 1674 ex
286 1636 393 1674 omni
421 1640 537 1686 parte
566 1646 706 1673 seeum
736 1634 824 1685 ipsa
854 1633 1105 1681 consentiat,
1142 1631 1250 1671 haud
1288 1644 1386 1670 sane
1420 1633 1495 1670 erit
1522 1632 1687 1679 mirum,
1720 1638 1893 1670 conten-

135 1699 248 1749 tique
277 1709 371 1736 esse
400 1696 630 1746 debebitis,
661 1697 696 1735 si
724 1695 952 1747 probabilia
982 1694 1180 1733 dicentur.
1237 1697 1424 1745 Aequum
1452 1701 1515 1733 est
1534 1695 1639 1732 enim
1660 1694 1893 1732 meminisse

134 1766 175 1799 et
201 1772 289 1809 me,
320 1761 387 1810 qui
417 1760 638 1807 disseram,
678 1759 883 1797 hominem
913 1770 1006 1796 esse
1035 1763 1075 1795 et
1100 1768 1200 1805 VOS,
1239 1757 1306 1808 qui
1334 1756 1544 1806 iudicetis,
1583 1762 1649 1805 ut,
1679 1756 1711 1794 si
1742 1755 1894 1807 proba-

133 1823 228 1862 bilia
257 1823 464 1871 dicentur,
494 1834 545 1860 ne
574 1821 672 1872 quid
699 1821 802 1860 ultra
835 1820 1067 1871 requiratis.

234 1886 489 1932 Quaeramus
526 1884 648 1934 igitur
683 1896 877 1931 causam,
919 1894 1025 1933 quae
1052 1881 1244 1933 inpulerit
1272 1893 1386 1926 eum,
1417 1881 1485 1930 qui
1514 1881 1614 1918 haec
1642 1880 1893 1918 machinatus
1908 1887 1944 1916 25

135 1949 209 1996 sit,
238 1953 282 1986 ut
309 1947 505 1997 originem
533 1959 670 1985 rerum
700 1952 740 1984 et
767 1945 1016 1983 molitionem
1045 1957 1189 1982 novam
1221 1948 1452 1994 quaereret.
1508 1942 1711 1980 Probitate
1749 1941 1894 1980 videli-

134 2016 200 2049 cet
224 2009 487 2061 praestabat,
518 2009 673 2060 probus
702 2014 838 2047 autem
867 2006 1022 2045 invidet
1050 2006 1218 2044 nemini:
1250 2006 1387 2056 itaque
1416 2004 1549 2042 omnia
1577 2004 1637 2042 sui
1658 2003 1800 2042 similia
1820 2016 1893 2053 ge-

135 2072 306 2112 neravit.
361 2072 468 2110 Haec
494 2071 682 2109 nimirum
709 2069 901 2121 gignendi
930 2067 1070 2107 mundi
1099 2080 1223 2106 causa
1251 2067 1482 2106 iustissima.
1536 2067 1635 2104 Nam
1665 2078 1756 2104 cum
1793 2078 1893 2104 con-

138 2136 338 2174 stituisset
366 2133 469 2172 deus
488 2133 607 2172 bonis
624 2132 814 2171 omnibus
835 2130 1002 2182 explere
1023 2129 1240 2178 mundum,
1271 2128 1362 2167 mali
1383 2127 1478 2166 nihil
1498 2127 1740 2177 admiscere,
1760 2128 1895 2178 quoad

136 2204 283 2237 natura
311 2201 541 2248 pateretur,
571 2194 766 2246 quicquid
795 2200 895 2243 erat,
927 2194 1038 2244 quod
1065 2194 1105 2231 in
1133 2192 1327 2231 cernendi
1356 2203 1522 2229 sensum
1551 2189 1729 2239 caderet,
1758 2192 1798 2228 id
1819 2191 1894 2229 sibi
1909 2197 1945 2226 3ο

136 2258 386 2311 adsumpsit,
416 2270 496 2297 non
517 2257 778 2309 tranquillum
799 2263 839 2296 et
857 2257 1060 2308 quietum,
1083 2254 1157 2293 sed
1176 2254 1428 2293 inmoderate
1449 2253 1639 2302 agitatum
1661 2258 1700 2290 et
1718 2253 1893 2299 fluitans,

225 2509 255 2540 4.
295 2508 459 2538 inueneris
494 2515 584 2538 corr.
620 2507 697 2538 ead.
737 2516 783 2539 m.
817 2516 859 2538 ex
897 2508 1058 2538 inuenerit
1095 2507 1177 2543 AB,
1212 2505 1371 2536 inuenerit
1409 2505 1434 2533 G
1474 2521 1508 2524 —
1548 2503 1695 2534 indicare
1729 2511 1817 2533 corr.
1856 2511 1897 2533 ex

137 2558 294 2590 indicarit
327 2558 351 2588 B
389 2574 423 2578 —
462 2557 492 2588 2.
529 2557 626 2588 huius
661 2557 782 2588 CEG:
821 2566 890 2588 om.
918 2558 942 2587 Ο
971 2574 1004 2578 -
1043 2557 1073 2588 3.
1110 2565 1211 2586 unum
1235 2555 1318 2585 idem
1341 2557 1369 2584 et
1393 2554 1442 2583 sui
1469 2553 1511 2588 E;
1548 2561 1650 2583 unum
1684 2553 1767 2582 idem
1790 2555 1826 2582 ul
1848 2552 1899 2581 sui

138 2606 281 2640 ABGV
306 2607 368 2647 (sui
393 2607 426 2638 in
451 2606 475 2638 C
502 2614 592 2637 corr.
620 2615 662 2637 ex
686 2607 762 2645 suis)
790 2623 824 2628 ——
859 2605 889 2637 4.
931 2610 959 2636 et
985 2607 1008 2637 C
1026 2606 1109 2637 EG:
1136 2614 1207 2636 om.
1234 2605 1258 2635 Ο
1285 2620 1319 2625 -
1347 2604 1378 2635 5.
1405 2603 1493 2633 dictu
1517 2610 1607 2633 corr.
1635 2610 1677 2632 ex
1701 2602 1786 2632 dicto
1810 2601 1832 2631 B
1863 2618 1895 2621 —

140 2657 170 2688 6.
197 2658 277 2697 quin
300 2665 392 2688 corr.
420 2665 460 2687 ex
485 2656 541 2694 qui
564 2656 598 2686 in
622 2656 664 2693 B,
691 2657 769 2694 quip
793 2655 826 2694 (p
850 2657 882 2686 in
907 2656 988 2694 ras.)
1014 2658 1039 2687 A
1068 2672 1102 2677 —
1129 2655 1159 2685 8.
1186 2655 1240 2685 Sic
1265 2653 1453 2683 Victorius:
1480 2654 1506 2683 si
1532 2653 1556 2682 (Σ
1573 2652 1635 2682 EG
1665 2669 1699 2673 —
1733 2652 1762 2681 9.
1791 2654 1900 2682 aeter-

138 2708 242 2738 m'late
269 2706 453 2737 inmutabili
485 2706 509 2736 C
531 2706 553 2736 E
571 2706 616 2735 G:
647 2705 845 2735 immutabili
874 2706 1068 2736 aeternitate
1091 2706 1115 2736 O
1143 2721 1176 2726 —
1220 2705 1271 2734 il.
1298 2703 1511 2733 simulacrum
1536 2710 1625 2732 corr.
1653 2710 1694 2732 ex
1718 2700 1898 2732 simulach—

138 2765 215 2787 rum
237 2759 263 2787 A
292 2772 327 2778 —
354 2755 649 2795 difficillimum--
672 2756 848 2786 exordium
877 2755 985 2787 habet
1016 2756 1145 2786 Nonius
1170 2763 1202 2794 p.
1229 2753 1280 2783 3⁴¹.
1323 2770 1363 2774 —-
1404 2752 1454 2782 42.
1491 2753 1523 2783 in
1559 2760 1652 2782 omne
1686 2753 1711 2781 Α
1754 2768 1787 2772 -
1821 2759 1900 2794 cogi-

140 2806 311 2845 quisitione
343 2806 409 2835 CG
443 2807 478 2836 et
507 2806 655 2837 Nonius:
683 2806 893 2844 inquisitione
919 2806 987 2836 EO.
1016 2805 1065 2837 Cf.
1093 2814 1125 2844 p.
1153 2804 1248 2839 40¹0,
1286 2803 1332 2832 10.
1374 2817 1406 2822 —
1447 2801 1484 2831 de
1518 2801 1565 2830 tiis
1596 2801 1639 2836 C,
1677 2801 1714 2830 de
1737 2800 1798 2829 hiis
1833 2799 1899 2830 EG

143 2871 177 2877 —
220 2854 272 2886 ⁴3.
309 2863 384 2885 cum
419 2854 467 2886 his
502 2855 547 2892 C,
584 2863 657 2885 cum
680 2855 742 2885 hiis
776 2855 839 2885 EG
879 2871 912 2875 —
952 2854 1002 2886 ili.
1028 2854 1171 2893 anplicat
1197 2852 1302 2889 (corr.
1330 2858 1375 2881 m.
1404 2852 1521 2880 vetere
1547 2858 1587 2880 ex
1612 2848 1789 2887 explicata)
1817 2848 1841 2877 V
1867 2850 1901 2878 et

141 2903 304 2936 Orellius:
341 2904 511 2943 explicata
549 2904 650 2936 ABE
666 2906 690 2934 G
734 2920 767 2925 —
808 2904 960 2944 coynatio
999 2905 1099 2941 (corr.
1137 2911 1178 2933 ex
1216 2900 1373 2940 cognitio)
1406 2900 1472 2930 ΑΒ
1498 2902 1532 2929 et
1558 2899 1753 2929 Pei-ionius:
1787 2897 1901 2936 coqui-

142 2954 185 2985 tio
221 2953 326 2985 EGV
364 2968 399 2975 —
427 2955 480 2985 45.
517 2962 602 2993 quae
633 2962 702 2984 oni.
738 2953 823 2988 GV.
867 2961 1044 2993 superscr.
1082 2951 1213 2983 liabent
1248 2958 1298 2989 pr.
1337 2957 1382 2979 m.
1416 2948 1482 2979 AB
1527 2965 1559 2969 —
1599 2948 1650 2978 46.
1686 2948 1834 2986 inqressa
1871 2950 1901 2977 et

141 3004 272 3034 imitata
308 3007 353 3035 est
389 3005 442 3044 eff.
480 3004 633 3043 Pinzger.
678 3021 712 3025 —
753 3002 861 3042 efficta
899 3003 1094 3033 perionius:
1135 2999 1362 3040 eflectuCEG
1402 3015 1442 3020 —
1476 2999 1523 3028 ¹7.
1557 2998 1766 3028 similitudine
1801 2997 1823 3028 B
1862 3014 1896 3019 —

143 3052 194 3085 49.
232 3061 368 3084 avemus
401 3053 474 3085 Jac.
518 3054 694 3084 Cuiacius:
741 3052 895 3083 habemus
933 3052 1035 3083 CEG
1074 3069 1110 3074 -
1150 3051 1201 3081 20.
1245 3049 1355 3079 animo
1396 3048 1521 3079 CEG:
1562 3048 1693 3078 omnino
1730 3047 1899 3084 (iunctum

144 3111 225 3134 cum
259 3103 510 3143 consequemur)
548 3102 573 3133 Ο
617 3118 652 3123 -
703 3110 936 3139 consequemur
976 3109 1066 3132 corr.
1101 3109 1143 3131 ex
1188 3099 1416 3139 consequimur
1460 3098 1482 3128 B
1536 3114 1569 3119 —-
1615 3097 1667 3127 ΞΛ.
1708 3099 1736 3126 et
1775 3103 1900 3136 super-

144 3153 313 3193 scriptum
353 3151 460 3183 habet
498 3151 524 3182 V
565 3168 599 3173 —
641 3152 694 3181 ⁵2⁴.
735 3151 824 3180 haud
860 3150 963 3181 ABE
1002 3149 1078 3189 (sed
1116 3152 1142 3180 Α
1182 3157 1272 3179 corr.
1313 3156 1355 3178 ex
1400 3150 1479 3183 aut,
1526 3147 1548 3177 B
1585 3154 1674 3176 corr.
1717 3147 1748 3176 in
1786 3144 1896 3183 haut):

143 3204 203 3232 aut
225 3201 291 3232 GV
330 3219 364 3224 -
406 3202 460 3233 Ἠ.
487 3200 635 3232 debebitis
662 3202 704 3231 tl:
731 3200 848 3230 debetis
871 3200 915 3237 E,
940 3199 1055 3230 debitis
1078 3199 1101 3229 G
1142 3214 1176 3219 -
1212 3197 1359 3227 dicentur
1393 3204 1482 3227 corr.
1520 3204 1560 3226 cx
1595 3195 1781 3225 dicerentur
1811 3194 1833 3224 B
1861 3210 1895 3214 —

145 3250 198 3281 ⁶23.
223 3253 253 3281 el
274 3259 325 3282 me
349 3251 405 3290 qui
428 3251 586 3281 disseram
608 3250 769 3280 hominem
791 3257 855 3280 esse
879 3257 949 3280 om.
976 3250 999 3279 G
1016 3249 1041 3278 V
1069 3266 1102 3269 —
1130 3246 1181 3278 ³24.
1208 3247 1285 3286 quid
1310 3254 1399 3277 corr.
1427 3254 1468 3276 ex
1492 3245 1525 3275 id
1549 3246 1573 3275 A
1596 3261 1629 3266 —
1656 3245 1708 3275 25.
1734 3244 1900 3283 impulerit

145 3299 226 3339 (inp.
263 3302 300 3338 Α)
334 3309 407 3331 eum
443 3300 564 3331 CEG:
602 3308 675 3330 eum
710 3298 875 3337 impulerit
907 3298 931 3328 Ο
969 3315 1003 3320 -
1040 3298 1094 3328 ⁶26,
1129 3295 1287 3336 probitati
1322 3295 1388 3326 GV
1425 3311 1459 3316 —
1494 3293 1547 3326 29.
1584 3294 1693 3333 quoad
1729 3301 1817 3324 corr.
1857 3301 1898 3323 ex

145 3349 275 3388 quodad
298 3350 339 3382 V.
363 3366 398 3372 -
426 3349 481 3380 3⁴.
505 3350 640 3389 fluitans
664 3348 688 3380 C
704 3348 784 3380 EG:
809 3348 974 3388 fluctuans
1004 3347 1042 3379 Ο.
