2249 3624
321 107 402 151 4⁶26
700 111 770 149 DE
800 110 1007 151 FINIBUS
1037 109 1298 151 BONORUM
1326 111 1395 151 ET
1426 112 1690 153 MALORUM

319 222 538 262 colatur.
599 219 692 261 402.
724 221 836 261 Haec
867 235 943 274 ego
975 235 1058 261 non
1088 235 1258 275 possum
1290 222 1427 263 dicere
1457 237 1542 263 non
1565 238 1655 264 esse
1680 224 1860 264 hominis
1883 226 2069 278 quamvis

319 289 360 325 et
387 284 487 324 belli
519 288 559 322 et
587 283 780 330 humani,
812 285 1011 343 sapientis
1032 297 1131 324 vero
1162 285 1279 326 nullo
1301 287 1446 334 modo,
1477 287 1639 340 physici
1661 287 1916 339 praesertim,
1947 301 2071 341 quem

319 362 363 387 se
403 347 474 387 ille
514 360 605 386 esse
644 346 751 392 vult,
789 352 936 398 putare
974 346 1105 386 ullum
1145 360 1236 386 esse
1267 348 1515 401 cuiusquam
1545 349 1656 388 diem
1687 349 1879 388 natalem.
1930 349 2072 397 Quid‘l

318 410 484 449 idemne
515 413 653 462 potest
683 421 775 448 esse
807 407 897 447 dies
929 409 1107 462 saepius,
1140 410 1213 462 qui
1246 410 1375 450 semel
1405 410 1514 450 fuit?
1549 411 1668 451 Certe
1699 425 1784 451 non
1815 417 1966 465 potest.
2010 413 2072 451 An

285 471 504 512 5eiusdem
536 470 682 510 modi?
723 472 785 510 Ne
815 471 856 510 id
889 471 1070 524 quidem,
1103 472 1182 511 nisi
1213 473 1340 512 multa
1371 486 1574 513 annornm
1606 474 1918 514 intercesserint
1948 474 2074 521 milia,

316 539 362 574 ut
401 534 588 573 omnium
627 531 809 572 siderum
847 533 1015 580 eodem,
1057 534 1169 574 unde
1210 534 1395 587 profecta
1427 536 1527 583 sint,
1565 536 1718 576 fiatad
1750 550 1879 576 unum
1910 541 2074 589 tempus

316 596 514 636 reversio.
563 595 710 635 Nullus
743 600 805 634 est
835 594 960 647 igitur
982 595 1229 649 cuiusquam
1253 597 1342 636 dies
1363 598 1525 638 natalis.
1570 600 1646 638 «At
1666 599 1893 639 habeturln
1926 599 1977 637 Et
1997 611 2074 650 ego

316 658 357 697 id
389 658 549 698 scilicet
579 657 838 696 nesciebam!
887 658 967 696 Sed
999 663 1044 697 ut
1074 659 1148 706 sit,
1190 659 1367 699 etiamne
1398 666 1492 713 post
1522 666 1696 701 mortem
1728 662 1915 701 coletur?
1946 660 2074 713 idque

316 725 565 760 testamento
606 719 770 759 cavebit
809 719 868 767 is,
908 721 982 773 qui
1020 721 1141 760 nobis
1173 722 1293 774 quasi
1326 723 1540 763 oraculum
1572 723 1751 763 ediderit
1780 723 1883 763 nihil
1914 722 1965 762 ad
1995 735 2073 762 nos

266 793 299 820 40
314 783 523 836 pertinere
553 787 648 835 post
676 784 881 822 mortem?
912 783 1025 822 Haec
1055 796 1140 822 non
1172 789 1289 823 erant
1310 785 1422 832 eius,
1455 786 1526 838 qui
1557 785 1873 825 innumerabilis
1896 785 2074 825 mundos

313 843 579 897 infinitasque
620 844 830 896 regioneS,
872 859 1048 898 quarum
1078 845 1195 885 nulla
1226 852 1335 886 esset
1364 860 1456 893 ora,
1497 848 1611 887 nulla
1643 848 1904 894 extremitas,
1936 852 2073 887 mente

315 907 630 960 peragravisset.
682 908 789 947 Num
822 907 923 960 quid
954 908 1035 947 tale
1065 909 1328 948 Democritus
1343 905 1377 948 ‘3'
1402 910 1452 949 Ut
1481 910 1588 950 alios
1620 910 1828 957 omittam,
1859 910 1971 949 hunc
2002 923 2074 962 ap-

314 969 443 1022 pello,
483 983 608 1023 quem
646 969 716 1008 ille
758 984 886 1009 unum
928 976 1096 1010 secutus
1133 976 1206 1010 est.
1268 968 1361 1009 1103.
1395 972 1515 1019 Quod
1555 973 1588 1011 si
1622 972 1711 1011 dies
1743 972 1952 1012 notandus
1983 972 2074 1018 fuit,

314 1045 464 1071 eumne
496 1032 655 1084 potius,
686 1046 768 1084 quo
800 1038 942 1080 natus,
974 1046 1026 1072 an
1058 1046 1171 1080 eum,
1205 1047 1288 1086 quo
1320 1034 1487 1086 sapiens
1518 1034 1651 1074 factus
1683 1037 1773 1074 est?
1804 1036 1896 1074 Non
1928 1035 2074 1087 potuit,

263 1095 499 1148 45inquies,
537 1092 626 1134 fieri
668 1094 856 1146 sapiens,
897 1095 976 1135 nisi
1013 1101 1135 1135 natus
1177 1101 1297 1135 esset.
1358 1097 1440 1135 Isto
1479 1096 1602 1137 modo
1635 1110 1686 1136 ne
1717 1097 1751 1136 si
1782 1097 1875 1137 avia
1906 1096 2073 1150 quidem

313 1158 403 1197 eius
434 1162 533 1197 nata
561 1171 645 1197 non
677 1162 799 1197 esset.
849 1159 929 1197 Res
961 1163 1066 1205 tota,
1099 1160 1327 1210 Torquate,
1358 1172 1442 1198 non
1465 1159 1681 1199 doctorum
1708 1160 1936 1206 hominum,
1967 1159 2075 1199 velle

312 1225 408 1273 post
438 1225 611 1260 mortem
642 1220 775 1273 epulis
807 1220 1007 1260 celebrari
1039 1221 1279 1260 memoriam
1313 1222 1376 1260 sui
1407 1222 1600 1261 nominis.
1653 1222 1767 1269 Quos
1790 1221 1958 1275 quidem
1986 1220 2075 1260 dies

314 1297 441 1337 quem
471 1282 523 1323 ad
554 1282 724 1322 modum
756 1284 888 1335 agatis
920 1288 961 1322 et
992 1283 1033 1322 in
1064 1288 1260 1336 quantam
1294 1283 1508 1323 hominum
1539 1284 1767 1324 facetorum
1799 1283 2074 1323 urbanitatem

312 1347 550 1393 incurratis,
590 1358 675 1385 non
707 1345 822 1393 dico;
861 1346 964 1385 nihil
1002 1360 1106 1399 opus
1139 1351 1201 1386 est
1231 1346 1398 1385 litibus:
1439 1351 1600 1385 tantum
1632 1346 1745 1393 dico,
1784 1345 1914 1398 magis
1946 1344 2075 1384 fuisse

260 1418 295 1446 20
313 1414 518 1456 vestrum,
555 1421 677 1460 agere
716 1408 886 1461 Epicuri
920 1408 1030 1448 diem
1071 1408 1272 1455 natalem,
1312 1421 1437 1461 quam
1468 1408 1604 1456 illius,
1646 1413 1896 1448 testamento
1928 1420 2075 1447 cavere

311 1476 355 1512 ut
385 1475 591 1524 ageretur.

423 1534 598 1573 XXXII.
631 1530 724 1572 1104.
766 1532 847 1572 Sed
885 1538 929 1572 ut
959 1532 1008 1572 ad
1042 1533 1302 1586 propositum
1334 1539 1590 1573 revertamur
1619 1556 1673 1561 —
1704 1533 1755 1572 de
1787 1532 1931 1572 dolore
1964 1533 2073 1572 enim

312 1611 405 1638 cum
447 1597 700 1643 diceremus,
738 1596 790 1635 ad
821 1597 942 1635 istam
973 1597 1194 1648 epistulam
1226 1596 1353 1636 delati
1385 1610 1528 1636 sumus
1557 1619 1632 1643 —-,
1667 1609 1778 1635 nunc
1809 1601 1941 1635 totum
1970 1595 2072 1635 illud

312 1659 504 1700 concludi
537 1659 595 1698 sic
626 1658 744 1698 licet:
777 1657 859 1706 Qui
890 1658 933 1697 in
965 1672 1126 1697 summo
1159 1660 1267 1699 malo
1299 1664 1382 1705 est,
1413 1660 1447 1698 is
1480 1664 1584 1706 tum,
1617 1673 1709 1698 cum
1738 1659 1779 1697 in
1804 1672 1852 1697 eo
1875 1664 1958 1707 est,
1990 1672 2072 1698 non

261 1731 297 1758 ²25
312 1729 375 1763 est
403 1723 573 1769 beatus;
605 1722 772 1774 sapiens
803 1726 942 1760 autem
974 1734 1140 1772 semper
1170 1721 1316 1761 beatus
1349 1728 1412 1761 est
1442 1728 1481 1761 et
1512 1728 1573 1761 est
1593 1722 1821 1774 aliquando
1842 1722 1884 1760 in
1907 1721 2074 1761 dolore:

310 1799 393 1825 non
424 1790 487 1825 est
516 1785 643 1837 igitur
672 1797 877 1823 summum
910 1783 1064 1823 malum
1095 1783 1226 1822 dolor.
1272 1784 1356 1823 Iam
1388 1784 1489 1823 illud
1514 1784 1637 1837 quale
1662 1783 1829 1823 tandem
1852 1789 1933 1831 est,
1964 1783 2074 1822 bona

310 1848 533 1900 praeterita
563 1860 648 1886 non
680 1846 850 1886 effluere
883 1846 1080 1898 sapienti,
1113 1846 1221 1885 mala
1253 1847 1492 1886 meminisse
1523 1860 1605 1886 non
1638 1848 1858 1899 oportere?
1892 1846 2073 1885 Primum

310 1911 353 1949 in
384 1915 579 1950 nostrane
611 1914 673 1949 est
703 1914 907 1962 potestate
940 1909 1041 1961 qnid
1064 1909 1403 1949 meminerimus?
1436 1908 1739 1949 Themistocles
1762 1908 1947 1961 quidem,
1980 1921 2074 1948 cum

311 1973 349 2012 ei
392 1973 626 2012 Simonides
664 1985 715 2011 an
754 1973 846 2024 quis
878 1971 981 2011 alius
1014 1976 1142 2011 artem
1184 1972 1408 2011 memoriae
1450 1971 1738 2025 polliceretur,
1784 1971 2071 2011 «oblivionis»

257 2044 295 2071 30
311 2036 448 2089 inquit
488 2035 707 2081 «mallem3
750 2048 845 2076 nam
888 2034 1057 2073 memini
1097 2035 1217 2073 etiam
1257 2047 1365 2087 quae
1404 2034 1520 2081 nolo,
1567 2034 1757 2073 oblivisci
1788 2047 1870 2073 non
1904 2046 2072 2086 possum

311 2111 419 2151 quae
441 2098 577 2138 volo.»
624 2094 717 2136 405.
748 2098 898 2148 Magno
920 2096 986 2135 hic
1008 2096 1191 2148 ingenio,
1224 2097 1297 2136 sed
1319 2110 1383 2135 res
1406 2109 1449 2135 se
1472 2102 1609 2135 tamen
1633 2096 1690 2135 sic
1710 2096 1852 2142 habet,
1886 2101 1930 2134 ut
1950 2095 2073 2134 nimis

311 2160 527 2213 imperiosi
568 2158 808 2213 philosophi
852 2159 904 2197 sit
944 2163 1083 2198 vetare
1123 2159 1375 2197 meminisse.
1427 2157 1532 2197 Vide
1563 2171 1616 2196 ne
1647 2159 1725 2196 ista
1755 2158 1837 2197 sint
1865 2156 2074 2196 Manliana

310 2228 447 2263 vestra
476 2228 547 2263 aut
578 2222 735 2261 maiora
766 2221 910 2267 etiam,
943 2220 976 2259 si
1008 2221 1186 2272 imperes
1219 2221 1331 2273 quod
1362 2220 1497 2261 facere
1529 2233 1613 2258 non
1644 2222 1815 2273 possim.
1876 2219 2007 2267 Quid,
2039 2219 2071 2257 si

311 2285 435 2324 etiam
475 2285 657 2324 iucunda
695 2283 894 2323 memoria
931 2288 994 2322 est
1032 2283 1351 2335 praeteritorum
1389 2283 1623 2322 malorum?
1662 2288 1709 2321 ut
1738 2282 1960 2334 proverbia
1990 2295 2074 2320 non

260 2355 296 2383 35
311 2346 426 2386 nulla
462 2347 628 2388 veriora
668 2347 749 2385 sint
785 2358 909 2399 quam
948 2351 1085 2384 vestra
1124 2346 1331 2398 dogmata.
1383 2345 1516 2397 Vulgo
1548 2345 1657 2383 enim
1689 2343 1842 2383 dicitur
1875 2342 2074 2383 «Iucundi

310 2409 390 2448 acti
421 2408 633 2456 labores»,
664 2421 742 2447 nec
772 2408 879 2447 male
910 2406 1154 2460 Euripides:
1186 2407 1456 2455 concludam,
1488 2406 1522 2446 si
1554 2412 1721 2459 potero,
1751 2406 1920 2453 Latine;
1952 2405 2076 2445 Grae-

310 2484 403 2510 cum
434 2470 544 2510 enim
574 2470 686 2510 hunc
717 2483 882 2510 versum
913 2470 1046 2509 nostis
1078 2483 1245 2510 omnes:

539 2533 722 2573 Suavis
754 2532 986 2572 laborum
1019 2538 1094 2571 est
1124 2533 1544 2585 praeteritorum
1574 2532 1841 2572 memoria.

312 2594 393 2634 Sed
426 2594 474 2634 ad
506 2595 618 2634 bona
646 2595 871 2648 praeterita
902 2593 1136 2633 redeamus.
1188 2595 1304 2642 Quae
1337 2595 1370 2633 si
1392 2608 1415 2633 a
1436 2595 1554 2634 vobis
1575 2594 1671 2634 talia
1693 2594 1941 2639 dicerentur,
1973 2606 2074 2646 qua-²

262 2666 297 2694 40
310 2657 418 2696 libus
449 2657 577 2696 Gaius
609 2658 761 2697 Marius
792 2657 852 2696 uti
884 2661 1064 2710 poterat,
1096 2661 1140 2695 ut
1170 2656 1391 2710 expulsus,
1423 2670 1565 2709 egens,
1597 2657 1640 2695 in
1673 2656 1824 2708 palude
1847 2656 2073 2701 demersus,

312 2724 576 2771 tropaeorum
617 2718 904 2759 recordatione
944 2719 1100 2759 levaret
1137 2718 1321 2758 dolorem
1365 2733 1502 2766 suum,
1539 2718 1727 2758 audirem
1759 2723 1799 2757 et
1828 2718 1950 2771 plane
1982 2730 2074 2771 pro-

398 2884 429 2915 3.
452 2885 567 2924 putari
590 2885 654 2915 AB
674 2901 706 2906 ——
735 2885 765 2915 5.
791 2884 854 2915 nisi
878 2885 901 2915 A
917 2884 960 2915 B:
987 2884 1049 2914 nisi
1065 2892 1165 2922 quum
1182 2884 1206 2915 O
1227 2902 1260 2905 --
1289 2884 1319 2915 7.
1338 2884 1469 2914 Nullius
1491 2883 1516 2914 E
1538 2901 1571 2905 -
1598 2887 1627 2914 et
1649 2883 1744 2914 habet
1766 2883 1825 2913 BE
1846 2899 1880 2906 -·
1906 2883 1937 2914 8.
1956 2883 1990 2913 id
2008 2883 2071 2913 sci-

311 2934 382 2965 lic-ec
405 2932 480 2965 A2B
495 2934 538 2966 E:
565 2934 681 2965 scilicet
705 2934 738 2964 id
762 2935 793 2966 M
807 2935 851 2970 03
877 2934 996 2965 scilicet
1019 2941 1088 2964 om.
1107 2932 1147 2965 Α1
1167 2951 1200 2955 ——
1229 2934 1260 2964 9.
1286 2933 1376 2964 uobis
1402 2934 1424 2964 E
1451 2950 1486 2954 —
1514 2934 1558 2964 ad
1580 2942 1638 2963 nos
1658 2934 1821 2972 pertinere
1842 2936 1913 2972 post
1935 2935 2072 2963 mortem

313 2987 356 3014 A:
380 2987 452 3022 post
474 2987 610 3014 ‘mortem
634 2984 677 3013 ad
700 2992 757 3013 nos
776 2984 941 3022 pertinere
964 2984 987 3014 B
1004 2985 1033 3015 M
1049 2984 1074 3014 Ο
1103 3000 1136 3005 Μ
1172 2984 1224 3014 Μ.
1251 2983 1322 3023 ora]
1351 2983 1435 3013 hora
1458 2984 1483 3013 A
1498 2983 1521 3013 B
1550 2998 1583 3004 —
1620 2983 1672 3013 42.
1698 2984 1786 3013 Num
1810 2983 1897 3020 quod
1919 2982 1944 3012 B
1972 2999 2005 3003 —
2036 2982 2074 3012 Ut

311 3041 380 3063 oni.
400 3033 424 3062 B
446 3050 480 3054 —
508 3032 558 3063 43.
578 3033 655 3071 quid
678 3033 705 3062 si
729 3034 752 3063 B
773 3050 808 3055 —
837 3032 886 3064 ⁴4.
914 3033 1038 3074 eumne]
1063 3041 1201 3071 euntque
1225 3033 1247 3063 B
1262 3033 1284 3063 li
1307 3050 1340 3054 —-
1369 3033 1419 3062 1¹55.
1439 3035 1528 3063 esset.
1554 3033 1614 3062 isto
1639 3033 1828 3063 Manutius:
1853 3034 1943 3062 essee.
1962 3034 1990 3062 et
2013 3031 2072 3061 islo

311 3081 414 3112 codd.
434 3082 467 3112 et
484 3082 508 3112 O
530 3098 563 3103 —
592 3082 643 3113 49.
670 3082 821 3113 incurrat
846 3084 869 3114 E
887 3100 922 3106 -
947 3083 1045 3123 fuisse
1068 3090 1137 3113 om.
1156 3082 1180 3112 B
1205 3099 1238 3104 —-
1266 3082 1318 3112 22.
1345 3084 1552 3112 revertamur
1569 3090 1637 3112 om.
1658 3082 1720 3112 AB
1742 3100 1776 3104 -
1803 3082 1856 3112 ⁶33.
1875 3081 1967 3111 dilati
1992 3080 2016 3111 E
2036 3097 2066 3101 -—

310 3130 364 3162 ¹24.
390 3131 417 3162 is
446 3134 515 3162 tum
544 3130 750 3162 Lambinus:
783 3133 879 3162 istum
907 3132 966 3171 A¹;
998 3133 1056 3163 iste
1079 3129 1154 3162 A2B
1183 3149 1217 3153 —
1253 3132 1305 3162 ⁶28.
1332 3133 1553 3170 estpotestate
1576 3132 1620 3161 A:
1652 3134 1810 3169 potestate
1832 3133 1877 3161 esc
1899 3130 1923 3160 B
1940 3130 2009 3160 ΜΟ
2038 3147 2069 3150 —

312 3180 399 3220 quod
419 3189 514 3212 mem.
534 3180 557 3211 B
579 3198 612 3202 —
639 3180 692 3211 33.
714 3189 847 3220 possum
870 3182 893 3212 B
908 3182 932 3212 E
953 3200 987 3204 ——
1015 3182 1067 3213 35.
1094 3181 1232 3212 iucunde
1249 3181 1296 3221 (Α)
1316 3179 1371 3211 vel
1395 3181 1531 3211 iocunde
1556 3181 1602 3220 (B)
1621 3180 1724 3211 codd.
1748 3198 1782 3203 —
1809 3181 1862 3212 37.
1887 3180 1987 3211 nostis
2003 3187 2072 3210 om.

313 3230 337 3260 B
352 3230 377 3261 E
402 3245 437 3251 —
465 3229 517 3262 38.
535 3230 695 3262 memoria
717 3232 762 3261 est
781 3231 1038 3269 praeteritorum
1062 3231 1084 3262 B
1110 3247 1144 3252 -—
1171 3229 1224 3262 40.
1249 3229 1345 3270 gaius
1369 3231 1411 3260 A:
1438 3230 1554 3270 qraius
1577 3229 1621 3267 B3
1647 3229 1682 3260 C.
1709 3229 1780 3262 Mo
1800 3246 1834 3251 -
1861 3229 2020 3260 dimersus
2034 3229 2073 3258 A.
