2249 3624
907 258 1247 306 FRAGMENTA.
1870 257 1950 308 945

300 359 609 417 Hispaniensem
636 366 926 417 pugiunculuu]
958 369 1018 406 Cn.
1049 371 1213 406 Pisonem
1237 372 1416 417 appellat;
1448 384 1550 418 quem
1579 370 1615 408 in
1649 372 1831 419 Hispania
1859 376 1951 410 occi-

200 443 278 468 sum
301 443 371 468 esse
401 433 492 468 dimi.
548 430 657 468 Duas
686 431 791 469 sicas
821 432 1016 469 Catilinam
1043 440 1074 469 et
1102 435 1296 470 Antonium
1327 437 1506 482 appellari
1530 439 1758 481 manifestum
1786 444 1846 475 est.

298 492 411 530 Hunc
440 504 512 530 vos
540 492 683 530 scitote
712 493 904 532 Licinium
933 493 1197 543 gladiatorem
1231 496 1307 535 iam
1337 497 1555 535 immisisse
1577 499 1601 546 -ξ-
1622 497 1808 549 capillum
1839 499 1949 537 Cati—

200 554 305 593 linae
332 553 452 593 iudic.
483 565 562 604 qua
591 555 638 601 Q.
671 567 720 593 ue
750 555 915 594 Curium
944 556 1146 595 hominem
1176 559 1465 608 quaestorium.

300 618 426 654 Curius
467 619 524 654 hic
562 621 771 654 notissimus
810 622 879 664 suit
923 622 1080 662 aleator,
1125 623 1386 668 damnatusque
1424 628 1546 669 postea
1583 630 1640 659 est.
1709 624 1752 659 In
1783 626 1875 660 lianc
1902 631 1980 660 ests

199 681 514 728 hendecasyllabus
541 680 642 717 Calvi
663 683 823 728 eleqans:

783 745 826 780 Et
853 745 936 780 talis
970 744 1095 780 Curius
1122 748 1357 791 pereruditus.

297 806 390 841 Huic
419 807 581 841 orationi
604 806 781 842 Ciceronis
801 813 832 842 et
854 807 1011 843 Catilina
1030 813 1060 842 et
1079 808 1254 844 Antonius
1281 812 1530 846 contumeliose
1553 814 1823 857 responderunt,
1856 814 1950 857 quod

197 869 310 904 solum
335 874 515 914 poterant,
544 871 673 905 invecti
699 871 737 905 in
761 873 956 905 novitatem
981 872 1068 905 eius.
1128 871 1305 907 Feruntur
1331 884 1468 919 qaoque
1492 876 1670 909 orationes
1698 877 1841 910 nomine
1868 876 1950 909 illo-

196 943 277 967 rum
303 933 440 972 editae,
473 944 545 966 non
576 933 620 967 al)
652 934 738 978 ipsis
767 934 943 978 scriptae,
986 935 1045 968 sed
1071 935 1116 968 al)
1150 934 1327 970 Ciceronis
1355 937 1676 972 obtrectatoribus:
1716 950 1805 983 qaas
1831 939 2001 972 nest-6010

197 1007 243 1030 an
268 997 382 1030 satius
409 997 456 1030 sit
483 997 668 1041 ‘iqnorare
727 995 885 1031 Ceterum
911 995 1030 1031 Cicero
1058 999 1181 1032 consul
1205 1000 1364 1033 omnium
1393 1011 1561 1035 consensu
1589 1002 1704 1044 factus
1733 1007 1802 1035 est:
1840 1000 1949 1035 Anto-

195 1060 276 1093 nius
305 1059 469 1104 pauculis
495 1059 666 1094 centuriis
698 1058 893 1093 Catilinam
929 1062 1133 1104 superavit,
1170 1072 1248 1095 cum
1284 1063 1316 1096 ei
1344 1068 1493 1108 propter
1520 1065 1637 1108 patris
1675 1074 1802 1098 nomen
1839 1064 1949 1108 paulo

196 1122 390 1167 speciosior
421 1133 549 1157 manus
577 1123 779 1168 suffrayata
807 1127 904 1163 esset,
936 1133 1045 1168 quam
1076 1122 1265 1159 Catilinae.

800 1225 865 1268 IX.
912 1226 1018 1269 PRO
1051 1227 1098 1277 Q.
1132 1227 1341 1271 GALLlO.

260 1307 383 1357 (Dicta
413 1312 476 1346 est
503 1306 630 1345 oratio
659 1318 732 1358 pro
762 1305 904 1356 Gallio,
937 1306 1114 1346 ambitus
1143 1320 1226 1357 reo,
1259 1309 1451 1358 Caesare,
1482 1308 1617 1359 Figulo
1647 1322 1752 1347 coss.
1782 1309 1882 1359 690.)
1963 1308 1998 1338 ¹¹5

297 1387 327 1420 1.
371 1381 419 1420 Ut
446 1380 612 1430 clamor,
642 1387 687 1420 ut
713 1381 940 1420 convicium
971 1382 1204 1428 mulierum,
1243 1388 1286 1421 ut
1314 1383 1578 1434 symphoniae
1610 1390 1768 1422 cantus.
1823 1383 1948 1422 Vide-

194 1443 269 1483 bar
295 1443 387 1482 mihi
409 1443 549 1482 videre
577 1443 677 1483 alios
704 1445 919 1493 intrantes,
950 1445 1050 1484 alios
1079 1451 1215 1483 autem
1244 1452 1442 1484 exeuntes
1472 1446 1616 1496 partim
1641 1459 1690 1483 ex
1712 1449 1801 1484 xmo
1822 1446 1948 1484 vacil—

193 1506 338 1555 lantes,
368 1507 514 1557 partim
543 1506 733 1545 hesterna
763 1507 969 1558 potatione
999 1508 1233 1546 oscitantes.
1291 1508 1540 1546 Versabatur
1566 1509 1671 1546 inter
1699 1508 1771 1547 lios
1797 1508 1948 1547 Gallius

194 1569 411 1619 unguentis
441 1568 605 1617 oblitus,
635 1568 847 1608 redimitus
876 1570 1057 1608 coronis:
1089 1570 1235 1608 humus
1265 1575 1351 1609 erat
1371 1570 1592 1617 immunda,
1623 1569 1819 1609 lutulenta
1840 1571 1944 1613 vino,

195 1631 355 1670 coronis
396 1630 640 1681 languidulis
678 1637 718 1670 et
760 1631 887 1682 spinis
930 1638 1122 1683 cooperta
1162 1632 1333 1683 piscium
1417 1632 1619 1683 (Aquila
1658 1646 1692 1671 c,
1723 1634 1758 1671 2.
1791 1646 1828 1683 p.
1866 1633 1998 1671 144.20

193 1694 358 1740 Quint.
389 1693 416 1732 l.
447 1694 542 1733 vl11.
573 1706 607 1733 c.
638 1694 672 1732 3.
704 1694 740 1744 §-
771 1695 831 1732 66.
862 1693 886 1732 l.
918 1695 985 1732 XI.
1015 1707 1049 1733 c.
1080 1696 1116 1732 3.
1147 1696 1182 1745 ξ.
1216 1694 1298 1734 165.
1356 1695 1400 1735 C.
1431 1695 1520 1734 Iul.
1551 1696 1730 1734 Victor
1758 1696 1797 1734 iu
1825 1698 1946 1734 Arte

193 1755 478 1795 rhetorica.
522 1756 566 1795 C.
597 1757 656 1795 22.
688 1769 728 1807 p.
758 1757 842 1795 255.
872 1756 946 1795 Ed.
977 1759 1130 1806 meae.)

291 1819 327 1858 2.
371 1820 418 1857 Μ.
440 1818 595 1857 Tullius
625 1820 674 1869 (in
702 1832 805 1866 quem
830 1822 1112 1866 pulcherrimum
1140 1822 1232 1856 illud
1257 1823 1410 1868 eloqium
1437 1828 1503 1857 est.
1540 1820 1856 1858 «Demosthenes
1877 1819 1946 1857 tibi

192 1882 436 1932 praeripuit,
480 1893 530 1919 ne
573 1893 689 1920 esses
730 1881 886 1932 primus
925 1887 1081 1930 orator;
1112 1888 1154 1921 tu
1181 1882 1255 1932 illi,
1294 1895 1345 1921 ne
1382 1882 1554 1932 solus»:)
1598 1885 1637 1920 in
1666 1883 1845 1920 oratione
1874 1894 1946 1933 pro

193 1943 240 1990 Q.
272 1943 399 1983 Gallio
428 1943 525 1995 quid
554 1942 605 1982 de
645 1944 782 1982 favore
818 1945 926 1995 vulgi
964 1950 1004 1983 et
1037 1944 1087 1983 de
1123 1945 1322 1996 imperitis
1358 1944 1703 1984 contionatoribus
1742 1944 1997 1994 loquatur,25

193 2010 355 2052 attende,
386 2019 429 2043 ne
457 2009 513 2043 his
539 2009 731 2052 fraudibus
761 2010 914 2046 ludaris.
981 2009 1127 2055 Loquor
1153 2011 1266 2051 enim,
1306 2022 1397 2055 quae
1423 2022 1501 2045 sum
1528 2013 1602 2056 ipse
1628 2021 1740 2054 nuper
1767 2014 1944 2054 expertus.

196 2066 292 2103 Unus
321 2069 469 2114 quidam
495 2073 601 2114 poeta
627 2070 848 2113 nominatus,
878 2070 983 2104 homo
1009 2070 1252 2114 perliteratus,
1284 2072 1383 2105 cuius
1411 2076 1492 2106 sunt
1526 2072 1592 2107 illa
1619 2073 1800 2117 colloquia
1825 2076 1947 2116 poeta-

191 2142 273 2166 rum
300 2143 342 2167 ac
371 2131 683 2177 philosophorum,
715 2143 795 2167 cum
821 2133 910 2176 facit
938 2132 1150 2178 Euripidem
1177 2138 1207 2167 et
1235 2132 1476 2169 Menandrum
1504 2135 1596 2169 inter
1623 2146 1671 2179 se,
1705 2141 1735 2169 et
1763 2136 1837 2169 atio
1870 2135 1946 2169 loco

193 2191 377 2229 Socratem
405 2198 510 2240 atque
528 2194 726 2239 Epicurum
753 2196 974 2236 disserentes,
1006 2206 1158 2240 quorum
1187 2200 1318 2230 aetates
1342 2207 1414 2231 non
1439 2198 1558 2241 annis,
1589 2199 1649 2232 sed
1672 2199 1797 2232 secutis
1816 2199 1946 2232 scimus

191 2267 261 2291 esse
289 2258 499 2298 disiunctas,
535 2263 686 2303 quantos
714 2259 744 2293 is
769 2259 918 2303 plausus
945 2264 975 2293 et
1003 2259 1178 2294 clamores
1204 2260 1343 2294 movet!
1397 2258 1531 2296 Multos
1560 2263 1654 2295 enim
1685 2261 1946 2305 condiscipulos
1964 2267 1999 2296 3ο

193 2320 297 2355 habet
324 2332 364 2356 m
391 2321 542 2361 theatro,
578 2322 640 2366 qui
666 2322 774 2356 simul
801 2322 924 2357 literas
951 2333 1023 2357 non
1050 2323 1267 2357 didicerunt.
1324 2322 1381 2370 (D.
1411 2322 1599 2360 Hieron
1614 2334 1697 2373 ym.
1729 2320 1780 2359 ad
1808 2321 1945 2371 Nepo-

191 2380 288 2420 tian.
319 2379 370 2418 de
398 2381 466 2419 vit.
497 2380 605 2420 Cler.
642 2382 686 2419 T.
714 2382 741 2420 1.
772 2393 812 2433 p.
843 2383 902 2421 10.
934 2380 998 2421 ed.
1028 2383 1211 2421 Francos.
1234 2405 1278 2410 —
1300 2384 1412 2422 Tom.
1436 2384 1561 2434 1V.p.
1582 2384 1667 2422 262.
1698 2382 1771 2421 Ed.
1792 2381 1944 2420 Bened.

191 2442 262 2494 Ep.
289 2443 350 2482 52.
380 2455 421 2495 p.
451 2444 536 2483 263.
567 2442 683 2492 Vall.)

291 2506 324 2544 3.
367 2506 410 2543 Ut
441 2507 578 2543 Tullius
613 2509 652 2542 in
681 2506 881 2544 Galliana:
912 2506 980 2557 qui
1013 2518 1161 2557 spurce
1189 2505 1340 2545 dictum
1371 2513 1739 2546 commemorarent
1757 2508 1797 2545 in
1818 2506 1945 2545 libera

192 2567 368 2607 civitate.
423 2567 464 2617 (E
480 2568 680 2620 ugraph.
710 2568 751 2606 in
779 2569 940 2607 Terent.
972 2569 1073 2607 Eun.
1103 2569 1149 2618 II,
1179 2569 1215 2617 2,
1245 2569 1295 2617 4.)
1960 2578 1995 2607 35

290 2631 326 2668 4.
367 2632 428 2669 An
455 2630 546 2680 ista,
577 2630 610 2669 si
638 2642 734 2669 vera
764 2636 925 2681 essent,
955 2631 1013 2669 sic
1041 2644 1063 2670 a
1087 2636 1125 2670 te
1155 2630 1423 2669 dicerentur?
1477 2630 1659 2681 (Quint.
1691 2630 1715 2670 l.
1746 2632 1810 2670 XI.
1843 2644 1877 2669 c.
1908 2633 1943 2670 3.

193 2691 215 2741 ἓ
258 2692 360 2742 155.)

290 2756 328 2794 5.
369 2757 428 2795 Tu
459 2756 578 2806 istuc,
613 2757 660 2794 M.
684 2754 829 2799 Calidi,
860 2754 936 2793 nisi
964 2755 1154 2806 fingeres,
1184 2755 1241 2793 sic
1274 2755 1443 2805 ageres‘?
1477 2755 1719 2805 praesertim
1749 2767 1840 2793 cum
1868 2756 1943 2794 ista

191 2816 424 2869 eloquentia
451 2817 674 2857 alienorum
703 2817 910 2856 hominum
938 2816 1118 2868 pericula
1155 2816 1377 2855 defendere
1407 2817 1603 2855 acerrime
1633 2816 1791 2866 soleas,
1830 2824 1944 2856 tuum

191 2879 448 2930 negligeres?
482 2879 552 2919 ubi
590 2879 734 2918 dolor?
770 2879 839 2918 ubi
867 2879 989 2918 ardor
1016 2879 1167 2918 animi‘?
1199 2880 1265 2930 qui
1304 2879 1423 2917 etiam
1457 2891 1507 2916 ex
1536 2878 1744 2917 infantium
1772 2879 1943 2929 ingeniis
1958 2890 1994 2917 4ο

192 2940 340 2981 elicere
369 2954 492 2981 voces
523 2947 563 2981 et
593 2940 783 2993 querelas
811 2940 927 2980 solet.
983 2941 1100 2980 Nulla
1131 2940 1385 2992 perturbatio
1415 2940 1560 2989 animi,
1598 2940 1707 2979 nulla
1736 2953 1939 2992 corporis,

277 3104 309 3137 3.
342 3105 390 3138 Cf.
425 3104 468 3136 de
497 3103 575 3136 loco
607 3106 772 3145 corrupto
802 3104 1002 3136 criticorum
1033 3105 1224 3136 sententias
1249 3104 1280 3134 in
1306 3103 1361 3134 ed.
1391 3103 1526 3133 Baiteri.
1563 3120 1596 3125 —
1631 3104 1681 3134 to.
1719 3104 1743 3135 Ε
1769 3106 1941 3137 contraria

191 3153 288 3186 Tullii
311 3154 562 3186 admiratorum
592 3153 710 3186 schola
742 3153 920 3194 profectae
951 3156 1031 3186 sunt
1058 3155 1233 3185 orationes
1264 3151 1469 3183 subditiciae
1503 3154 1666 3191 quattuor
1695 3152 1746 3184 vel
1773 3155 1938 3194 quinque.

192 3204 356 3236 Notabilis
387 3204 579 3236 admodum
613 3204 727 3242 locus,
772 3205 827 3234 cui
866 3203 956 3234 adde
986 3204 1141 3234 Senecae
1168 3204 1331 3233 Controv.
1360 3203 1390 3233 1¹.
1417 3202 1526 3233 Praei.
1561 3202 1640 3233 Fere
1669 3203 1754 3233 enim
1779 3207 1836 3234 aut
1861 3205 1941 3234 nulli

191 3254 417 3285 commentarii
449 3255 675 3285 ‘maximorum
708 3253 968 3284 declamatorum
1002 3256 1148 3290 exstant,
1182 3255 1256 3289 aut,
1293 3252 1379 3289 quod
1403 3251 1497 3290 peius
1527 3255 1590 3289 est,
1614 3252 1701 3291 falsi.
1744 3270 1775 3275 —
1814 3254 1864 3283 46.
1891 3254 1941 3284 Fit

191 3302 330 3342 clamor,
353 3305 390 3344 fit
413 3313 440 3335 c.
465 3313 524 3342 m.‚
547 3305 585 3344 fit
606 3303 730 3343 symph.
758 3302 938 3334 Ruhnken.
984 3302 1027 3332 Et
1045 3319 1079 3323 —-
1099 3306 1127 3332 et
1144 3318 1178 3322 —
1199 3304 1228 3332 et
1252 3300 1457 3332 Wakefield.
1485 3317 1519 3322 —
1548 3301 1599 3332 48.
1635 3301 1785 3333 hesterna
1808 3310 1850 3332 ee
1870 3306 1936 3341 poi.

193 3350 297 3384 Iulius
321 3352 448 3384 Victor.
476 3368 511 3374 —
538 3351 591 3384 34.
623 3353 658 3383 in
681 3352 814 3384 Gallia:
838 3360 928 3391 aqua
949 3359 1064 3391 spurce
1089 3350 1260 3391 Eugraph.

303 3418 421 3448 Clusae
447 3418 481 3448 Τ.
501 3418 553 3448 Ν.
1491 3416 1544 3458 60
