2249 3624
285 178 367 220 694
1006 176 1077 216 DE
1109 174 1176 216 OF
1179 175 1335 215 FICIIS

286 286 455 341 quidem
485 285 756 337 neutiquam,
787 282 861 323 sed
893 281 945 321 de
977 281 1028 322 iis
1058 281 1167 320 male
1199 280 1466 320 existumant.
1518 280 1653 329 Quam
1675 281 1728 320 ob
1750 294 1861 329 rem,
1892 287 1938 322 ut
1958 287 2053 322 ante

287 349 396 396 dixi,
428 350 750 389 contemnuntur
780 345 831 392 ii,
863 345 936 397 qui
969 357 1079 383 «nec
1110 343 1297 383 sibi‘nec
1327 343 1503 391 alteri»,
1544 348 1589 383 ut
1620 343 1789 391 dicitur,
1828 344 1872 384 in
1903 344 2054 398 quibus

287 411 427 452 nullus
466 410 608 456 labor,
647 407 764 447 nulla
800 406 1030 453 industria,
1072 406 1187 445 nulla
1219 418 1317 445 cura
1348 411 1423 445 est.
1491 403 1559 445 37.
1596 406 1885 446 Admiratione
1916 411 2056 446 autem

289 474 490 515 adficiunt
528 472 577 518 ii,
618 470 690 524 qui
733 470 892 510 anteire
931 469 1079 509 ceteris
1118 468 1270 508 virtute
1302 472 1500 520 putantur
1541 473 1582 508 et
1621 481 1715 508 cum
1759 469 1872 508 omni
1915 482 2057 509 carere

255 534 513 582 5dedecore,
552 538 640 573 tum
672 545 769 572 vero
800 532 852 571 iis
884 531 1015 578 vitiis,
1062 530 1213 584 quibus
1253 530 1325 569 alii
1362 544 1447 569 non
1477 530 1600 570 facile
1630 536 1809 583 possunt
1840 531 2058 571 obsistere.

285 599 388 638 Nam
421 602 462 637 et
492 595 748 649 voluptates,
779 594 1092 634 blandissumae
1125 592 1342 639 dominae,
1374 593 1541 632 maioris
1572 593 1701 646 partis
1732 594 1892 633 animos
1924 607 1948 634 a
1978 593 2060 633 vir-

285 665 373 700 tute
413 658 666 711 detorquent
707 662 771 704 et,
818 655 1012 696 dolorum
1054 669 1146 695 cum
1187 654 1467 695 admoventur
1509 655 1643 703 faces,
1683 661 1852 709 praeter
1889 657 2060 696 modum

289 723 482 776 plerique
524 725 809 760 exterrentur:
855 719 966 766 vita,
1007 731 1142 765 mol‘S,
1183 717 1381 765 divitiae,
1421 724 1649 771 paupertas
1692 731 1837 758 omnes
1867 718 2060 759 homines

287 783 652 825 vehementissime
684 786 945 835 permovent.
987 780 1106 829 Quae
1137 780 1209 833 qui
1238 780 1281 819 in
1303 785 1526 834 utramque
1550 786 1710 833 partem
1732 781 1900 821 excelso
1921 782 2059 821 animo

237 856 272 885 ao
288 859 525 900 magnoque
557 844 820 898 despiciunt,
860 857 1043 896 cumque
1080 843 1222 895 aliqua
1263 842 1315 881 iis
1352 842 1490 895 ampla
1522 848 1562 882 et
1592 842 1771 883 honesta
1802 856 1868 883 res
1900 843 2061 883 obiecta

285 914 396 949 totos
427 909 478 948 ad
510 920 554 947 se
585 907 791 947 convertit
821 911 863 946 et
893 907 1014 959 rapit,
1046 911 1133 945 tum
1166 905 1259 957 quis
1291 918 1377 943 non
1408 904 1637 944 admiretur
1670 905 1939 959 splendorem
1969 905 2061 959 pul-

286 970 655 1024 chritudinemque
686 970 880 1009 virtutis?
949 969 1022 1008 XI.
1064 966 1129 1008 38.
1171 968 1282 1019 Ergo
1316 972 1356 1006 et
1385 966 1489 1006 haec
1520 968 1648 1007 animi
1681 968 1956 1020 despicientia
1987 966 2062 1007 ad-

285 1033 597 1073 mirabilitatem
628 1045 820 1085 magnam
851 1031 950 1071 facit
982 1036 1022 1070 et
1054 1042 1248 1069 maxume
1280 1029 1452 1076 iustitia,
1486 1042 1539 1068 ex
1570 1042 1651 1082 qua
1681 1042 1764 1069 una
1795 1030 1947 1070 virtute
1978 1029 2060 1069 viri

284 1096 385 1136 honi
425 1095 712 1149 appellantur,
759 1094 934 1135 mirifica
979 1091 1185 1146 quaedam
1231 1091 1492 1132 multitudini
1535 1090 1722 1139 videtur,
1770 1105 1848 1132 nec
1887 1094 2058 1134 iniuria.

236 1160 416 1198 isNemo
449 1159 559 1198 enim
591 1157 725 1197 iustus
757 1170 849 1197 esse
881 1161 1044 1209 potest,
1077 1155 1148 1208 qui
1180 1160 1381 1201 mortem,
1415 1154 1489 1207 qui
1521 1152 1735 1201 dolorem,
1768 1156 1839 1208 qui
1871 1156 2060 1205 exilium,

285 1221 358 1274 qui
391 1225 617 1273 egestatem
650 1220 767 1259 timet
797 1224 868 1259 aut
900 1219 973 1272 qui
1006 1231 1068 1264 ea,
1101 1231 1209 1270 quae
1240 1223 1338 1257 sunt
1368 1217 1433 1257 his
1465 1219 1687 1264 contraria,
1719 1219 1920 1271 aequitati
1943 1225 2062 1260 ante-

285 1285 415 1336 ponit.
475 1282 745 1335 Maximeque
784 1281 1046 1321 admirantur
1085 1294 1201 1327 eum,
1243 1280 1315 1332 qui
1356 1281 1534 1332 pecunia
1573 1294 1657 1320 non
1690 1286 1902 1321 movetur:
1945 1282 2060 1335 quod

285 1345 328 1385 in
369 1358 452 1398 quo
495 1345 582 1385 viro
623 1349 890 1398 perspectum
931 1344 1007 1390 sit,
1051 1343 1164 1382 hunc
1204 1343 1288 1394 igni
1320 1347 1552 1395 spectatum
1585 1343 1852 1382 arbitrantur.
1913 1345 2061 1399 ltaque

285 1407 356 1447 illa
387 1406 477 1454 tria,
509 1420 617 1460 quae
649 1408 866 1460 proposita
899 1411 995 1446 sunt
1025 1406 1076 1445 ad
1109 1404 1297 1457 gloriam,
1330 1405 1470 1445 omnia
1493 1404 1652 1445 iustitia
1674 1403 1850 1452 conficit,
1874 1412 1915 1446 et
1934 1407 2063 1447 bene-

236 1478 272 1508 20
287 1470 528 1517 volentiam,
561 1471 674 1523 quod
707 1469 908 1523 prodesse
940 1468 1030 1508 vult
1059 1468 1268 1521 plurimis,
1302 1473 1343 1506 et
1375 1467 1427 1506 ob
1459 1467 1636 1507 eandem
1668 1480 1834 1507 causam
1866 1466 1989 1509 fidem
2021 1475 2064 1510 et

286 1533 620 1579 admirationem,
653 1531 767 1585 quod
800 1544 869 1571 eas
901 1544 967 1571 res
1000 1531 1160 1584 spernit
1191 1534 1233 1569 et
1263 1529 1458 1582 neglegit,
1482 1529 1534 1569 ad
1557 1543 1661 1583 quas
1684 1530 1878 1584 plerique
1901 1530 2059 1572 inflam-

287 1595 386 1636 mati
417 1594 617 1634 aviditate
648 1594 883 1647 rapiuntur.

400 1656 466 1697 39.
512 1659 569 1698 Ac
610 1670 701 1696 mea
744 1657 915 1709 quidem
960 1656 1167 1696 sententia
1208 1655 1343 1696 omnis
1383 1656 1488 1695 ratio
1531 1660 1659 1708 atque
1701 1656 1910 1697 institutio
1952 1657 2061 1698 vitae

286 1721 527 1761 adiumenta
556 1720 772 1759 hominum
805 1719 1038 1765 desiderat,
1069 1719 1111 1757 in
1142 1718 1397 1771 primisque,
1429 1723 1475 1757 ut
1505 1717 1655 1757 habeat
1687 1716 1937 1771 quibuscum
1967 1734 2063 1774 pos-

236 1783 341 1823 25sit
370 1782 598 1822 familiares
637 1782 827 1821 conferre
867 1794 1106 1820 sermones:
1151 1779 1264 1834 quod
1304 1786 1366 1820 est
1398 1778 1589 1827 difficile,
1632 1780 1713 1819 nisi
1746 1781 1930 1833 speciem
1961 1796 2062 1835 prae

286 1851 327 1886 te
367 1846 466 1885 boni
507 1845 585 1884 viri
626 1844 748 1884 feras.
818 1845 928 1896 Ergo
971 1844 1093 1883 etiam
1137 1844 1323 1883 solitario
1363 1843 1524 1882 homini
1563 1848 1688 1896 atque
1730 1844 1769 1883 in
1803 1857 1901 1896 agro
1935 1845 2063 1884 vitam

288 1909 426 1961 agenti
459 1907 603 1960 opinio
635 1906 819 1946 iustitiae
851 1907 1089 1945 necessaria
1121 1912 1201 1953 est,
1235 1919 1370 1958 eoque
1404 1906 1527 1945 etiam
1560 1906 1710 1957 magis,
1743 1905 1874 1959 quod,
1907 1921 1995 1946 eam
2029 1908 2063 1947 si

287 1983 372 2010 non
404 1970 637 2016 habebunt,
674 1966 835 2022 [iniusti
867 1965 1150 2020 habebuntur]
1193 1969 1318 2007 nullis
1360 1968 1580 2021 praesidiis
1622 1969 1754 2021 saepti
1795 1969 1936 2008 multis
1975 1966 2064 2008 affi-

289 2036 451 2075 cientur
489 2031 667 2072 iniuriis.
738 2028 802 2069 4-0.
843 2032 980 2084 Atque
1018 2031 1068 2070 iis
1109 2031 1255 2077 etiam,
1297 2032 1368 2084 qui
1401 2030 1586 2069 vendunt
1618 2035 1783 2077 emunt,
1826 2031 2065 2071 conducunt

233 2097 427 2136 ³olocant
467 2094 848 2147 contrahendisque
889 2094 1069 2145 n‹›gotiis
1112 2093 1399 2146 implicantur,
1439 2093 1598 2132 iustitia
1636 2092 1687 2131 ad
1719 2106 1806 2132 rem
1838 2093 2063 2145 gerendam

288 2158 525 2199 necessaria
557 2161 639 2203 est,
684 2157 803 2195 cuius
835 2161 949 2195 tanta
982 2155 1042 2194 vis
1075 2161 1159 2202 est,
1198 2161 1243 2195 ut
1273 2169 1325 2194 ne
1358 2156 1417 2195 illi
1450 2155 1641 2208 quidem,
1681 2155 1751 2208 qui
1784 2152 1991 2194 maleficio
2024 2161 2064 2195 et

288 2221 448 2261 scelere
481 2223 723 2273 pascuntur,
756 2219 918 2270 possint
949 2218 1040 2257 sine
1075 2218 1159 2256 ulla
1193 2216 1394 2270 particula
1425 2218 1608 2256 iustitiae
1640 2217 1796 2256 vivere.
1856 2218 1958 2257 Nam
1991 2218 2063 2270 qui

290 2297 434 2323 eorum
468 2282 663 2334 cuipiam,
696 2281 767 2333 qui
801 2293 883 2319 una
914 2279 1229 2327 latrocinantur,
1260 2279 1421 2319 furatur
1452 2279 1614 2332 aliquid
1647 2285 1720 2319 aut
1751 2279 1886 2333 eripit,
1917 2280 1953 2318 is
1984 2278 2063 2319 sibi

288 2359 341 2385 ne
381 2346 422 2385 in
464 2342 684 2384 latrocinio
727 2342 898 2395 quidem
939 2342 1140 2394 relinquit
1181 2342 1342 2388 locum,
1384 2341 1454 2380 ille
1495 2347 1655 2388 autem,
1698 2342 1772 2394 qui
1812 2341 2065 2394 archipirata

239 2415 275 2443 35
291 2407 467 2455 dicitur,
509 2406 587 2445 nisi
629 2404 907 2458 aequabiliter
949 2405 1146 2456 praedam
1188 2403 1432 2456 dispertiat,
1472 2409 1544 2443 aut
1582 2404 1856 2444 interficiatur
1887 2417 1909 2443 a
1940 2403 2064 2444 sociis

290 2475 361 2509 aut
392 2469 666 2523 relinquatur.
728 2466 838 2515 Quin
871 2467 994 2506 etiam
1026 2467 1140 2519 leges
1172 2467 1380 2506 latronum
1413 2479 1504 2505 esse
1539 2466 1758 2513 dicuntur,
1802 2466 1954 2518 quibus
1993 2479 2066 2519 pa-

291 2536 433 2579 reant,
474 2544 579 2585 quas
618 2529 855 2569 observent.
915 2529 1063 2582 ltaque
1095 2534 1262 2582 propter
1293 2528 1556 2582 aequabilem
1588 2527 1769 2581 praedae
1799 2527 2066 2581 partitionem

381 2712 410 2742 4,
429 2711 469 2742 iis
486 2711 527 2741 B:
554 2709 718 2747 hisHab‚
744 2708 841 2747 hijsc
872 2725 900 2730 -
931 2708 962 2738 ⁶2.
982 2708 1007 2738 ii
1024 2708 1094 2738 Bb:
1122 2708 1167 2738 hii
1194 2709 1232 2743 H.
1259 2708 1290 2738 hi
1316 2717 1349 2745 a,
1374 2707 1420 2747 hij
1444 2716 1478 2743 c;
1512 2708 1595 2738 Item
1621 2716 1652 2737 v.
1669 2706 1688 2738 ,2
1707 2708 1741 2738 et
1757 2708 1788 2738 5.
1810 2724 1844 2729 —
1872 2707 1970 2738 alleri
1985 2716 2067 2746 pro-

292 2765 366 2793 sunt
388 2764 424 2792 ut.
447 2769 465 2792 c
492 2778 526 2782 —
554 2760 584 2790 3,
605 2762 716 2790 autem
740 2767 809 2790 om.
829 2767 850 2798 p
880 2775 913 2780 -
940 2757 971 2789 4.
998 2758 1156 2797 adficiunt
1181 2757 1384 2789 Lambinus:
1416 2758 1618 2797 adficiuntur
1636 2758 1688 2788 Co
1717 2774 1751 2779 —
1779 2760 1808 2788 et
1832 2760 1901 2787 tum
1925 2766 1943 2788 c
1971 2775 2005 2779 —
2033 2757 2063 2789 6.

292 2812 430 2843 maioris
443 2811 551 2850 parcis
566 2811 693 2841 animos
710 2817 728 2840 c
747 2811 781 2840 et
799 2809 1065 2848 Chapmannus:
1093 2809 1236 2839 maiores
1250 2809 1360 2847 partis
1375 2808 1479 2838 animi
1497 2808 1532 2845 Β,
1559 2807 1702 2837 maiores
1713 2810 1827 2846 parles
1843 2807 1946 2838 animi
1965 2807 2064 2839 Hah.

295 2861 346 2893 Cf.
374 2862 384 2892 1
412 2860 521 2901 gili-7.
552 2877 587 2883 -
621 2860 652 2890 8.
680 2868 788 2890 omnes
813 2867 881 2889 om.
903 2866 920 2889 c
950 2875 982 2879 —
1013 2858 1063 2888 40,
1091 2866 1229 2895 cumque.
1254 2858 1297 2888 C:
1325 2866 1400 2888 eum
1423 2856 1489 2887 alii.
1522 2875 1554 2879 -
1582 2857 1631 2887 his
1657 2857 1722 2891 Ha.
1749 2857 1810 2895 hijs
1834 2864 1852 2887 c
1881 2874 1914 2878 —
1942 2856 2067 2888 obiecta

295 2919 332 2942 0:
360 2909 483 2940 obiecta
506 2912 552 2940 esc
577 2910 724 2941 BHabo
751 2925 785 2930 —
815 2908 866 2938 42.
887 2917 964 2947 erqo
981 2911 1010 2938 et
1026 2908 1104 2938 haec
1122 2908 1333 2945 despicientia
1350 2924 1367 2928 —
1384 2924 1401 2929 -
1417 2906 1500 2945 facit
1524 2906 1654 2937 Nonius
1679 2914 1711 2946 p.
1728 2905 1807 2939 220&
1834 2914 1912 2945 erqo
1935 2909 1964 2936 et
1988 2906 2066 2937 haec

296 2960 400 2990 animi
424 2959 631 2998 dispicientia
646 2976 693 2981 --
709 2958 791 2999 facit
816 2957 909 2988 idem
935 2966 967 2997 p.
986 2956 1059 2988 490.
1091 2974 1123 2978 —
1154 2957 1205 2987 43.
1230 2957 1303 2987 boni
1327 2956 1395 2987 uiri
1420 2964 1438 2986 c
1466 2973 1501 2977 —
1531 2956 1581 2986 45.
1608 2956 1710 2986 Nemo
1733 2955 1839 2985 iustus
1860 2958 1965 2994 potest
1987 2964 2063 2994 esse,

296 3009 605 3049 qui--cqcsfulcm
628 3009 719 3040 timet
746 3007 942 3037 Lactantius
969 3006 1078 3036 Instit.
1105 3006 1210 3036 divin.
1240 3006 1363 3040 V1,117.
1396 3024 1428 3028 ——
1463 3006 1547 3036 enim
1572 3013 1640 3036 oni
1661 3006 1681 3036 b
1710 3023 1744 3027 —
1780 3005 1832 3036 47.
1859 3006 2067 3036 admirentur

295 3059 329 3096 b,
357 3058 576 3088 ammtrentur
601 3058 640 3093 H,
667 3057 853 3088 amirenlur
879 3057 900 3086 Β
936 3072 969 3075 ——
1007 3055 1057 3085 48.
1085 3055 1171 3095 iynis
1195 3059 1376 3093 spectatum
1401 3056 1445 3091 1-1;
1480 3055 1548 3095 tyni
1569 3054 1746 3093 probatum
1770 3062 1788 3084 c
1826 3072 1857 3076 —
1899 3055 1937 3085 49
1976 3055 2066 3086 beni-

296 3106 476 3137 uolentiam
499 3114 535 3136 c:
563 3106 780 3137 beniuolentia
806 3105 926 3136 Bllab
950 3120 994 3127 -
1016 3104 1068 3134 ⁶23.
1097 3105 1226 3143 quidem
1251 3113 1319 3135 om.
1339 3114 1361 3136 a
1387 3122 1420 3126 —
1448 3104 1500 3135 ⁶24.
1528 3105 1719 3134 adiumenla
1742 3104 1880 3134 hominis
1903 3112 1920 3134 c
1947 3121 1981 3126 —
2009 3105 2062 3135 26.

297 3157 419 3187 homini
443 3164 512 3186 om.
533 3163 550 3186 c
578 3173 611 3178 —-
640 3156 692 3187 ⁶28.
719 3156 891 3193 habebunt,
910 3155 1008 3185 nullis
1027 3152 1257 3185 Facciolatus:
1285 3154 1444 3184 habebunt
1470 3154 1580 3183 iniusti
1604 3153 1808 3183 habebuntur·
1830 3154 1928 3184 nullis
1952 3154 2062 3189 BHb;

297 3206 457 3237 habebunt
481 3204 594 3236 iniusti
617 3205 820 3236 habebuntur
844 3209 872 3236 et
895 3205 994 3235 nullis
1025 3212 1100 3239 ao;
1139 3203 1298 3233 habebunt
1326 3204 1500 3241 iniustique
1523 3203 1729 3233 habebuntur
1751 3202 1848 3233 nullis
1878 3210 1895 3233 c
1934 3219 1968 3224 —
2010 3202 2062 3234 29.

298 3256 346 3286 his
371 3256 433 3286 ΒΗ
450 3255 524 3288 ab;
563 3262 631 3285 om.
660 3262 677 3284 o
706 3271 739 3276 --
775 3254 826 3285 30.
852 3263 922 3285 rem
944 3254 1122 3293 reqendam
1147 3253 1216 3284 B¹b
1252 3270 1284 3274 —
1320 3254 1372 3283 34.
1400 3256 1609 3283 necessat-test
1632 3253 1652 3284 b
1678 3269 1719 3274 —
1751 3252 1803 3283 32.
1830 3253 1959 3291 possent
1981 3258 1999 3282 c
2029 3268 2063 3273 —

300 3303 353 3337 34.
379 3304 513 3342 reliquit
535 3304 556 3335 b
590 3321 624 3326 —
657 3304 709 3335 35.
734 3304 768 3334 ni
792 3311 814 3335 a.
840 3321 874 3326 -
902 3304 1062 3343 equaliter
1085 3310 1103 3333 c
1132 3320 1166 3325 ——
1194 3302 1414 3343 interficiatur
1437 3306 1495 3333 aut
1518 3311 1540 3333 a
1562 3302 1657 3333 sociis
1679 3301 1890 3341 relinquatur
1913 3307 1943 3331 c.
