2249 3624
578 176 665 216 Lm.
698 177 745 216 V.
786 176 881 218 CAP.
916 177 1158 217 xl—xtv.
1197 176 1256 230 §§
1287 175 1481 218 32—4-0.
1839 178 1913 220 341

155 285 371 327 laetabitur
402 297 598 338 umquam
630 298 707 324 nec
740 285 940 324 maerebit
973 285 1115 331 nimis,
1148 284 1257 338 quod
1291 298 1456 337 semper
1487 284 1527 324 in
1559 298 1602 323 se
1636 285 1727 338 ipso
1753 298 1918 326 omnem

153 361 266 402 spem
298 351 470 400 reponet
501 346 577 385 sui.
637 344 703 384 37.
736 347 798 385 Ex
831 348 909 386 boc
942 347 1068 398 igitur
1100 347 1281 387 Platonis
1313 347 1432 400 quasi
1465 348 1648 400 quodam
1680 354 1825 387 sancto
1848 361 1919 387 au—

152 416 357 464 gustoque
388 408 501 448 fonte
534 414 675 448 nostra
707 410 842 448 omnis
876 410 1059 449 manabit
1091 410 1235 449 oratio.

262 472 368 511 xiil.
401 470 517 510 Unde
549 471 675 523 igitur
706 471 834 511 ordiri
868 472 1018 510 rectius
1051 485 1275 524 possumus
1309 486 1434 526 quam
1458 486 1479 512 a
1506 473 1716 512 communi
1749 478 1920 525 parente

151 535 326 577 natura?
367 546 486 587 quae,
520 534 722 587 quicquid
756 535 916 586 genuit,
957 547 1041 572 non
1083 535 1209 573 modo
1241 535 1419 581 animal,
1459 535 1531 574 sed
1564 535 1689 574 etiam
1721 536 1833 588 quod
1866 536 1952 576 itas

150 604 283 640 ortum
317 601 427 636 esset
457 609 479 634 e
510 600 639 641 terra,
682 602 725 635 ut
765 596 966 648 stirpibus
998 597 1083 635 suis
1117 598 1329 644 niteretur,
1367 598 1408 636 in
1440 610 1515 636 suo
1548 598 1735 651 quidque
1768 612 1921 650 genere

151 660 375 715 perfectum
409 671 500 698 esse
533 658 676 697 voluit.
723 660 867 710 ltaque
900 664 941 698 et
971 658 1141 698 arbores
1174 666 1213 699 et
1245 673 1312 705 ea,
1345 673 1453 713 quae
1477 666 1575 699 sunt
1605 660 1827 700 humiliora
1851 674 1922 700 ne-

150 736 227 778 que
259 735 302 762 se
334 720 480 761 tollere
513 735 535 761 a
567 727 674 760 terra
705 721 829 760 altius
862 727 1058 773 possunt,
1091 722 1173 760 alia
1205 735 1370 774 semper
1393 723 1546 769 virent,
1579 723 1659 762 alia
1688 723 1824 762 hieme
1848 737 1923 762 nu-

150 785 264 831 data,
302 797 430 823 verno
473 790 660 836 tempore
693 783 900 837 tepefacta
932 783 1225 830 frondescunt,
1268 798 1404 838 neque
1437 792 1500 825 est
1531 786 1662 825 ullum
1694 787 1806 838 quod
1839 799 1922 825 non

150 849 204 889 ita
236 848 373 898 vigeat
413 846 611 887 interiore
643 847 825 900 quodam
860 852 973 886 motu
1007 852 1044 885 et
1077 847 1162 886 suis
1195 848 1234 886 in
1269 860 1441 900 quoqne
1474 848 1705 887 seminibus
1736 848 1922 895 inclusis,
1940 863 1974 889 ⁴0

150 915 193 950 ut
222 915 293 949 ant
323 910 447 949 flores
479 915 549 949 aut
579 909 719 961 fruges
752 908 899 948 fundat
928 914 998 948 aut
1021 909 1144 948 bacas
1166 910 1392 963 omniaque
1415 911 1455 949 in
1479 912 1687 957 omnibus,
1720 917 1922 964 quantum

150 973 191 1012 in
232 971 333 1025 ipsis
365 977 445 1018 est,
480 972 594 1011 nulla
626 972 663 1011 vi
696 971 951 1025 impediente
984 971 1166 1025 perfecta
1198 972 1292 1011 sint.
1353 971 1421 1012 38.
1458 973 1636 1012 Facilius
1669 986 1766 1013 vero
1799 973 1923 1013 etiam

149 1034 190 1074 in
221 1033 389 1079 bestiis,
421 1033 534 1087 quod
568 1035 616 1073 iis
651 1047 799 1074 sensus
831 1048 854 1074 a
886 1040 1032 1074 natura
1056 1041 1118 1074 est
1141 1034 1276 1081 datus,
1310 1036 1371 1074 vis
1394 1036 1526 1087 ipsius
1552 1042 1721 1075 naturae
1746 1037 1922 1089 perspici

149 1102 296 1151 potest.
353 1097 543 1149 Namque
586 1097 689 1136 alias
721 1097 876 1137 bestias
909 1098 1045 1137 nantis
1078 1111 1282 1150 aquarum
1315 1098 1472 1138 incolas
1505 1112 1596 1137 esse
1630 1099 1780 1145 voluit,
1822 1099 1925 1138 alias

150 1159 340 1199 volucres
372 1159 488 1199 caelo
522 1159 602 1199 frui
634 1159 782 1205 libero,
815 1160 1023 1212 serpentis
1057 1160 1282 1213 quasdam,
1316 1161 1520 1214 quasdam
1553 1174 1644 1199 esse
1676 1161 1977 1212 gradientiszir,

150 1236 289 1263 earum
313 1222 496 1275 ipsarum
521 1222 672 1274 partim
696 1221 925 1275 solivagas,
959 1223 1109 1275 partim
1132 1228 1419 1275 congregatas,
1453 1223 1631 1262 inmanis
1654 1223 1771 1270 alias,
1803 1237 1927 1277 quas-

150 1285 242 1325 dam
266 1291 405 1325 autem
429 1285 602 1331 cicures,
634 1298 718 1324 non
741 1284 878 1324 nullas
900 1285 1062 1324 abditas
1087 1292 1280 1338 terraque
1305 1291 1448 1325 tectas.
1479 1288 1617 1339 Atque
1638 1298 1777 1325 earum
1801 1298 1928 1339 quae-

150 1361 230 1402 que
252 1361 374 1387 suum
396 1353 545 1387 tenens
569 1360 731 1393 munus,
755 1361 849 1386 cum
874 1347 916 1386 in
940 1347 1120 1399 disparis
1143 1348 1367 1387 animantis
1386 1348 1509 1387 vitam
1534 1350 1707 1389 transire
1726 1362 1810 1388 non
1832 1362 1929 1401 pos-

150 1411 213 1456 sit,
239 1414 379 1449 manet
399 1410 441 1449 in
464 1409 556 1462 lege
580 1416 767 1449 naturae.
798 1410 849 1449 Et
876 1415 918 1449 ut
939 1410 1084 1449 bestiis
1107 1410 1220 1450 aliud
1243 1410 1314 1449 alii
1336 1411 1551 1464 praecipui
1576 1425 1598 1450 a
1622 1417 1768 1451 natura
1786 1411 1927 1451 datum

150 1479 232 1520 est,
275 1472 390 1525 quod
429 1486 550 1512 suum
584 1485 780 1526 quaeque
818 1473 970 1512 retinet
1001 1486 1079 1512 nec
1111 1473 1286 1512 discedit
1318 1474 1368 1512 ab
1401 1486 1471 1520 eo,
1511 1474 1570 1513 sic
1602 1474 1763 1513 homini
1796 1473 1978 1516 multo20

152 1534 350 1589 quiddam
375 1536 674 1588 praestantius;
700 1536 777 1575 etsi
800 1537 1057 1588 praestantia
1081 1535 1235 1574 dehent
1256 1548 1305 1574 ea
1322 1535 1419 1581 dici,
1444 1549 1552 1589 qnae
1568 1536 1723 1575 habent
1743 1535 1926 1588 aliquam

151 1598 527 1652 comparationem;
560 1598 768 1638 humanus
800 1604 940 1638 autem
971 1599 1133 1637 animus
1167 1598 1390 1651 decerptus
1422 1612 1474 1638 ex
1507 1605 1644 1639 mente
1668 1598 1807 1637 divina
1834 1611 1926 1637 cum

150 1661 230 1701 alio
271 1660 387 1700 nullo
428 1661 508 1700 nisi
551 1674 646 1701 cum
687 1662 778 1714 ipso
819 1661 916 1707 deo,
963 1661 996 1700 si
1028 1661 1108 1700 hoc
1138 1659 1200 1700 fas
1233 1667 1296 1700 est
1328 1661 1463 1709 dictu,
1511 1661 1742 1714 comparari
1775 1665 1926 1713 potest.

149 1720 214 1763 39.
245 1723 323 1762 Hic
355 1723 480 1776 igitur
509 1724 543 1763 si
577 1730 641 1763 est
672 1723 864 1763 excultus
897 1728 938 1762 et
969 1724 1003 1763 si
1036 1724 1125 1762 eius
1157 1724 1267 1763 acies
1300 1724 1356 1763 ita
1390 1730 1532 1763 curata
1564 1730 1646 1771 est,
1678 1729 1723 1763 ut
1754 1736 1806 1763 ne
1836 1736 1928 1763 cae-

150 1791 312 1827 caretur
342 1786 566 1833 erroribus,
599 1786 646 1825 fit
676 1785 860 1839 perfecta
893 1799 1030 1827 mens,
1067 1786 1106 1825 id
1141 1792 1204 1825 est
1225 1786 1418 1826 absoluta
1441 1787 1562 1834 ratio,
1594 1787 1708 1840 quod
1731 1792 1793 1827 est
1815 1787 1925 1827 idem
1941 1800 1977 1828 ⁶25

150 1849 292 1888 virtus.
352 1848 404 1887 Et
444 1848 476 1887 si
519 1862 641 1888 omne
678 1849 845 1888 beatum
889 1854 951 1888 est
983 1849 1047 1888 cui
1081 1848 1186 1888 nihil
1218 1849 1338 1889 deest
1369 1855 1410 1889 et
1441 1850 1556 1903 quod
1587 1850 1630 1889 in
1664 1863 1740 1890 suo
1774 1863 1926 1903 genere

149 1911 359 1965 expletum
391 1916 518 1964 atque
550 1912 806 1951 cumulatum
838 1918 918 1957 est,
952 1911 1081 1963 idque
1104 1912 1268 1951 virtutis
1291 1918 1353 1951 est
1378 1912 1615 1965 proprium,
1648 1918 1759 1952 certe
1783 1926 1927 1952 omnes

149 1973 310 2013 virtutis
341 1979 557 2026 compotes
588 1974 697 2014 beati
730 1980 838 2013 sunt.
888 1975 939 2014 Et
976 1974 1057 2013 hoc
1089 1974 1259 2028 quidem
1294 1975 1396 2014 mihi
1428 1988 1523 2014 cum
1555 1976 1684 2014 Bruto
1717 1976 1925 2022 convenit,

149 2036 189 2076 id
220 2041 283 2075 est
319 2049 411 2075 cum
443 2036 688 2083 Aristotele,
732 2037 988 2083 Xenocrate,
1023 2037 1281 2090 Speusippo,
1315 2036 1554 2077 Polemone.
1609 2035 1677 2076 40.
1711 2037 1792 2077 Sed
1825 2037 1926 2077 mihi

149 2098 342 2138 videntur
374 2098 500 2138 etiam
531 2099 776 2139 beatissimi.
829 2099 941 2147 Quid
973 2099 1083 2138 enim
1116 2100 1234 2139 deest
1265 2100 1316 2139 ad
1347 2100 1467 2140 beate
1498 2100 1726 2140 vivendum
1759 2101 1820 2147 ei,
1853 2100 1925 2153 qui
1939 2112 1977 2142 30

150 2159 320 2201 confidit
360 2162 447 2201 suis
480 2162 630 2201 bonis?
671 2166 743 2201 aut
776 2162 849 2215 qui
881 2159 1034 2200 diffidit
1063 2162 1211 2201 beatus
1244 2175 1334 2201 esse
1369 2163 1439 2216 qui
1473 2164 1640 2216 potest?
1681 2164 1734 2201 At
1765 2160 1928 2202 diffidat

149 2238 319 2265 necesse
361 2230 443 2272 est,
485 2225 557 2277 qui
600 2224 711 2264 bona
751 2223 901 2263 dividit
942 2224 1163 2277 tripertito.
1231 2225 1341 2264 xiv.
1385 2224 1467 2272 Qui
1509 2225 1621 2264 enim
1662 2225 1815 2279 poterit
1854 2230 1927 2264 aut

151 2287 332 2340 corporis
366 2286 556 2327 firmitate
588 2293 658 2327 aut
687 2287 880 2326 fortunae
912 2286 1137 2327 stabilitate
1171 2284 1413 2327 considere?
1445 2287 1570 2340 Atqui
1602 2287 1681 2327 nisi
1714 2287 1852 2327 stabili
1886 2293 1926 2327 et

149 2346 231 2389 fixo
262 2355 303 2390 et
333 2355 606 2402 permanente
637 2350 748 2389 bono
779 2350 926 2389 beatus
959 2363 1050 2389 esse
1083 2363 1206 2389 nemo
1240 2355 1389 2403 potest.
1439 2350 1552 2398 Quid
1575 2363 1673 2402 ergo
1698 2351 1787 2390 eius
1810 2350 1924 2390 modi

149 2413 318 2452 istorum
351 2414 442 2452 est?
484 2417 529 2452 ut
568 2412 669 2451 mihi
701 2412 876 2451 Laconis
907 2411 1011 2451 illud
1044 2412 1201 2452 dictum
1234 2413 1276 2451 in
1308 2412 1384 2452 hos
1416 2412 1566 2452 cadere
1600 2412 1810 2460 videatur,
1851 2412 1923 2466 qui
1937 2425 1974 2454 35

150 2473 341 2526 glorianti
373 2474 537 2515 cuidam
569 2475 805 2521 mercatori,
850 2474 965 2527 quod
1006 2475 1155 2514 multas
1188 2476 1306 2514 navis
1346 2475 1389 2514 in
1421 2488 1587 2514 omnem
1621 2488 1735 2515 oram
1768 2475 1924 2515 mariti-

151 2549 255 2576 mam
285 2536 532 2584 dimisisset,
566 2538 683 2576 «Non
716 2550 815 2576 sane
849 2537 1044 2590 optabilis
1076 2538 1155 2577 ista
1190 2537 1411 2591 quidem»,
1454 2537 1616 2590 inquit,
1652 2536 1923 2576 «rudentibus

150 2712 283 2751 sumpta
303 2720 321 2741 a
341 2709 480 2742 Platone
498 2712 596 2748 sunt,
624 2711 727 2741 ctiam
755 2711 843 2742 baec
867 2713 1038 2748 extrema,
1066 2711 1151 2749 quod
1175 2719 1301 2750 semper
1325 2712 1359 2741 ι”ιι
1383 2719 1414 2741 se
1439 2710 1505 2749 ipse
1529 2719 1655 2741 ornnem
1677 2719 1767 2750 spem
1788 2715 1923 2750 reponet

149 2761 215 2798 sui,
247 2761 373 2801 quibus
403 2760 521 2792 verbis
554 2760 703 2793 Platonis
734 2760 816 2791 illud
847 2758 910 2792 διὰ
940 2759 983 2792 τὸ
1014 2758 1116 2803 αὑτῷ
1149 2760 1373 2792 πεποιθέναι
1404 2759 1506 2800 paulo
1538 2760 1673 2800 plenius
1699 2760 1850 2792 reddidit
1876 2762 1919 2792 M.

151 2808 294 2850 Tullius,
321 2812 419 2842 cuius
445 2811 555 2841 oratio
581 2811 736 2849 adsurgit
762 2810 834 2841 sere
862 2814 952 2848 tum,
984 2810 1044 2842 ubi
1071 2811 1221 2842 Platonis
1246 2811 1355 2841 verba
1381 2810 1573 2847 convertit,
1602 2812 1637 2841 ut
1663 2811 1673 2841 Ι
1700 2810 1718 2851 ,ξ
1744 2811 1784 2842 73
1808 2812 1923 2851 Itaque

151 2858 507 2891 dubitans--vehitur
530 2861 631 2895 ratio,
665 2860 723 2891 ubi
750 2861 877 2892 eodem
903 2861 1009 2892 modo
1035 2862 1246 2901 interpretes
1272 2860 1345 2892 falsi
1371 2862 1485 2891 sunt.»
1514 2860 1632 2891 Kurrz.
1661 2877 1695 2882 -—
1725 2862 1758 2891 l.
1782 2861 1850 2900 ipso
1875 2862 1919 2893 B:

152 2910 217 2949 ipse
239 2911 262 2941 G
279 2911 340 2942 Ro
368 2929 402 2933 —
429 2912 460 2942 2.
486 2913 615 2951 reponit
640 2914 664 2943 O
686 2930 719 2934 —
748 2912 778 2943 3.
804 2911 949 2943 manebit
973 2912 1035 2942 GR
1065 2929 1099 2933 -—
1127 2910 1157 2942 si.
1185 2912 1267 2942 oriri
1294 2912 1317 2942 C
1340 2929 1373 2931 —
1402 2912 1431 2941 (J.
1458 2910 1649 2948 fonslcscimt
1674 2910 1699 2940 G
1726 2926 1760 2932 -
1790 2912 1842 2942 ⁴0.
1870 2912 1922 2942 ui-

151 2963 247 2998 geant
271 2960 347 2991 GR.
373 2960 459 2992 Vide
484 2960 527 2991 ad
554 2962 595 2992 111
621 2960 639 3000 ἓ
663 2962 715 2992 31.
731 2979 773 2984 -
799 2963 850 2993 Μ.
878 2966 912 2992 uc
936 2965 996 2992 aut
1023 2963 1058 3001 sl.
1078 2965 1136 2992 aut
1163 2962 1207 3000 fr.
1227 2961 1370 3000 fundant
1394 2963 1452 2990 aut
1476 2959 1575 2990 bacas
1592 2960 1722 2991 Nonius
1740 2968 1772 3000 p.
1789 2960 1862 2992 312.
1884 2979 1917 2983 —

156 3009 204 3040 ⁴2.
229 3013 274 3040 est
297 3009 468 3042 Halmius:
495 3012 538 3042 sit
555 3011 614 3041 CO
636 3027 669 3033 —
693 3011 736 3052 vi]
761 3012 830 3043 uim
855 3014 878 3043 G
895 3013 919 3043 R
939 3028 973 3033 —
1004 3011 1054 3042 13.
1081 3011 1130 3041 his
1148 3012 1171 3042 C
1188 3011 1212 3041 O
1235 3028 1268 3031 —-
1298 3011 1348 3040 46.
1374 3010 1500 3049 parlim
1523 3010 1690 3050 solivayas
1706 3027 1754 3032 —-
1770 3010 1920 3048 cicuras‚·

153 3060 382 3090 nonnullas-—
398 3063 499 3091 tectas
522 3062 651 3092 Nonius
677 3071 709 3102 p.
730 3061 781 3092 93.
807 3079 837 3084 —
868 3062 920 3092 ΞΟ.
941 3062 1097 3092 discendit
1122 3064 1146 3091 G
1163 3063 1185 3092 R
1212 3063 1244 3091 ct
1270 3062 1454 3100 <expuncta
1472 3062 1503 3098 n)
1530 3060 1554 3090 B
1575 3078 1609 3082 —
1638 3060 1691 3091 223.
1712 3060 1802 3091 nullo
1825 3062 1921 3091 modo

153 3108 214 3139 nisi
235 3109 272 3146 G,
298 3109 361 3140 sed
385 3110 479 3140 modo
504 3113 669 3149 quattuor
698 3111 833 3148 punctis
859 3112 934 3143 ead.
956 3120 1000 3142 m.
1023 3112 1181 3142 notatum
1207 3113 1272 3141 est.
1297 3128 1330 3132 ›—
1360 3109 1412 3141 ⁶24.
1441 3114 1591 3141 caecetur
1614 3110 1639 3141 O
1666 3127 1700 3132 —
1728 3110 1781 3140 27.
1808 3113 1922 3140 tumu-

154 3156 253 3189 latum
278 3160 315 3189 G¹
342 3176 376 3182 -
405 3160 509 3190 omnis
532 3162 556 3190 G
572 3161 596 3191 R
625 3178 658 3181 —
686 3162 738 3192 ⁶28.
767 3161 843 3191 mihi
869 3161 997 3200 quidem
1019 3162 1042 3192 B
1064 3179 1099 3184 —
1126 3162 1179 3192 ⁶29.
1203 3161 1377 3200 pseusippo
1402 3162 1427 3189 G
1442 3161 1464 3190 R
1487 3177 1522 3182 —
1549 3159 1602 3190 3l.
1622 3160 1790 3200 difidit„
1807 3159 1921 3199 dificiat

155 3207 179 3237 G
206 3225 240 3230 —
267 3207 318 3239 32.
343 3208 493 3248 tripertio
519 3210 542 3241 R
569 3228 604 3232 —
632 3210 683 3241 33.
707 3211 861 3250 firmitati
885 3211 949 3242 GB
978 3228 1011 3232 -
1046 3210 1098 3241 37.
1126 3211 1255 3250 quidem
1280 3211 1341 3240 ista
1367 3210 1432 3240 (ΣΟ.
1466 3208 1574 3240 «Edd.
1602 3211 1685 3240 vett.
1711 3210 1786 3239 sine
1812 3207 1918 3239 dubio

154 3258 281 3288 rectius
304 3258 366 3289 ista
382 3259 528 3297 ᾳαίἀεηις
556 3259 598 3290 ci'.
619 3260 663 3290 de
689 3261 780 3291 Orat.
809 3261 834 3291 ΙΙ
861 3260 878 3300 g
904 3260 956 3291 98.
992 3260 1130 3299 Madrig
1154 3260 1198 3290 ad
1225 3260 1293 3291 Fin.
1317 3260 1370 3298 1V,
1390 3258 1430 3291 43
1456 3267 1536 3291 cum
1554 3258 1658 3298 Add.,
1685 3257 1830 3299 Philipp.
1845 3258 1914 3295 XII,

156 3305 206 3337 ⁴8.
230 3306 289 3338 ubi
310 3307 429 3348 fortem
450 3309 543 3340 illum
565 3310 694 3350 quidem
718 3311 908 3343 Muretus.»
933 3311 988 3342 W.
1016 3311 1066 3343 Cf.
1093 3311 1149 3350 IV,
1175 3310 1228 3342 52.
