2249 3624
584 133 672 174 Lm.
705 135 754 174 11.
797 133 898 174 cip.
932 134 1238 174 xviii—xx.
1277 131 1335 186 §§
1367 130 1559 173 39-46,
1884 132 1966 174 535

198 241 427 296 auspicium
459 240 678 288 habemus,
710 241 744 280 si
776 241 992 281 sinistrum
1023 240 1114 281 suit.
1175 240 1258 280 Sed
1291 239 1342 279 de
1374 241 1573 294 auspiciis
1605 240 1685 281 alio
1719 242 1825 289 loco,
1857 255 1967 282 nunc

197 305 248 345 de
278 303 527 356 fulgoribus.

307 367 422 406 xlx.
456 365 565 413 Quid
599 366 728 418 igitur
759 367 895 405 minus
927 379 950 406 a
982 366 1164 420 physicis
1198 366 1278 406 dici
1311 367 1435 406 debet
1466 380 1589 420 qnam
1612 368 1839 421 quicquain
1863 368 1966 407 certi

196 426 418 482 significari
451 428 574 468 rebus
607 429 806 468 incertis?
847 430 935 469 Non
970 430 1077 468 enim
1112 436 1150 469 te
1182 435 1282 482 puto
1315 443 1405 468 esse
1439 444 1552 476 euin,
1587 431 1658 483 qui
1692 432 1778 470 lovi
1809 430 1967 469 fulmen

194 492 417 532 fabricatos
450 504 541 531 esse
575 490 776 544 Cyclopas
809 492 850 530 in
885 494 1016 531 Aetna
1057 498 1204 545 putes;
1263 489 1328 530 ›l--i,
1364 506 1456 532 nam
1491 500 1600 532 esset
1632 493 1842 539 mirabile,
1882 501 1999 546 quob

196 553 321 594 modo
355 554 395 592 id
419 554 605 606 luppiter
638 555 787 593 totiens
811 555 980 601 iaceret,
1005 568 1096 593 cnm
1120 568 1247 593 unum
1271 554 1466 599 liaberet:
1502 569 1576 594 nec
1602 570 1698 594 vero
1722 555 1967 595 fulminibus

194 616 387 656 homines
420 617 518 669 qnid
550 623 621 656 aut
651 616 890 656 faciendum
923 624 1031 656 esset
1063 623 1132 656 ant
1165 618 1396 656 cavendnm
1431 624 1632 657 moneret.
1690 620 1826 658 Placet
1857 620 1966 658 enim

195 679 347 719 Stoicis
379 691 452 717 eos
483 678 694 718 anhelitus
727 685 881 726 terrae,
915 682 984 733 qui
1018 680 1157 731 srigidi
1192 680 1288 725 sint,
1322 695 1414 720 cuin
1449 683 1576 719 lluere
1610 682 1836 734 coeperint,
1870 695 1967 720 ven-

194 748 258 782 tos
290 754 404 788 esse3
439 754 530 781 cuin
562 747 701 782 autem
735 756 778 782 se
812 743 850 781 in
886 742 1039 781 nubem
1073 743 1283 781 induerint
1309 744 1484 796 eiusque
1510 745 1796 782 tenuissimam
1823 757 1967 796 quam-

195 817 276 858 que
308 810 466 856 partem
499 805 717 857 coeperint
757 804 946 844 dividere
989 811 1114 857 atque
1153 803 1411 857 disrumpere
1454 806 1581 859 idque
1614 807 1800 845 crebrius
1833 806 2019 845 sacci-elo

195 872 236 906 et
269 866 578 914 vehementius,
620 873 703 907 tuni
739 874 777 907 et
810 867 993 919 fulgores
1026 874 1065 906 et
1099 867 1279 906 tonitrua
1312 869 1519 916 misici-03
1560 870 1594 908 si
1625 876 1762 908 autem
1797 869 1969 908 nubium

193 926 390 970 conflictu
428 929 555 968 ardor
594 943 819 982 expressus
852 944 895 969 se
928 932 1136 977 emiserit,
1183 931 1223 969 id
1257 945 1348 969 esse
1382 931 1552 971 fulmen.
1615 933 1738 980 Quod
1772 933 1898 984 igitur
1930 932 1968 971 vi

194 999 388 1038 naturae,
422 992 533 1031 nulla
566 994 820 1039 constantia,
855 993 970 1031 nullo
1002 1000 1091 1033 rato
1125 1000 1313 1045 tempore
1347 995 1534 1034 videmus
1567 995 1688 1041 eslici,
1721 1009 1773 1034 ex
1805 1008 1855 1034 eo
1887 994 1970 1045 sig-

193 1052 475 1095 nificationem
508 1068 645 1094 rerum
679 1057 1029 1108 consequentium
1063 1057 1337 1108 quaerimus?
1400 1057 1579 1104 Scilicet,
1611 1059 1644 1096 si
1677 1058 1753 1097 ista
1786 1058 1970 1110 luppiter

194 1117 470 1169 significaret,
512 1123 593 1157 tam
628 1118 755 1157 multa
787 1118 940 1157 frustra
971 1118 1147 1157 fulmina
1190 1119 1422 1158 emitteret!
1487 1118 1552 1158 453.
1587 1120 1695 1168 Quid
1729 1121 1839 1161 enim
1874 1131 2020 1173 pro-15

193 1178 290 1227 ficit,
323 1194 416 1219 cum
448 1180 488 1219 in
521 1180 705 1219 medinm
739 1194 852 1220 mare
883 1180 1042 1220 fulmen
1077 1181 1199 1220 iecit?
1233 1181 1349 1234 quid,
1382 1195 1471 1221 cum
1498 1183 1538 1222 in
1560 1183 1782 1222 altissimos
1806 1183 1970 1230 moniis,

195 1241 308 1296 quod
342 1241 588 1295 plerumque
621 1240 691 1282 fit?
740 1243 864 1296 quid,
897 1257 991 1283 cum
1025 1244 1066 1284 in
1099 1243 1286 1283 desertas
1319 1245 1601 1285 solitudines?
1649 1245 1771 1298 quid,
1803 1259 1897 1286 cum
1928 1246 1970 1285 in

195 1318 336 1346 earum
370 1305 556 1357 gentium
588 1319 704 1353 oras,
736 1306 778 1345 in
811 1306 963 1360 quibus
994 1306 1098 1346 hace
1130 1319 1180 1346 ne
1213 1306 1488 1346 observantur
1519 1308 1720 1361 quidem?

309 1368 400 1407 XX.
439 1368 494 1408 At
528 1368 745 1408 inventum
785 1375 848 1409 est
885 1376 1007 1422 caput
1043 1370 1083 1410 in
1115 1369 1269 1408 Tiberi.
1332 1369 1462 1417 Quasi
1502 1384 1579 1424 ego
1618 1377 1746 1410 artem
1786 1370 1971 1424 aliquam

194 1432 370 1473 istorum
404 1443 495 1471 esse
527 1445 700 1483 negem,
742 1431 1044 1472 divinationem
1077 1445 1198 1485 nego.
1261 1431 1375 1472 Caeli
1407 1434 1517 1472 enim
1551 1434 1812 1480 distributio,
1845 1446 1971 1486 quam
1985 1445 2022 1473 20

194 1500 290 1534 ante
322 1493 436 1540 dixi,
480 1499 520 1534 et
551 1500 758 1534 certarum
790 1508 931 1534 rerum
969 1495 1127 1535 notatio
1166 1494 1289 1535 docet
1327 1496 1438 1535 unde
1470 1496 1629 1536 fulmen
1661 1496 1845 1543 venerit,
1888 1508 1972 1549 quo

196 1557 474 1605 concesserit;
507 1557 609 1610 quid
641 1557 848 1610 significet
878 1563 1017 1597 autem
1049 1557 1165 1597 nulla
1196 1558 1302 1597 ratio
1337 1557 1472 1599 docet.
1515 1558 1596 1599 Sed
1628 1572 1751 1613 urges
1783 1572 1848 1599 me
1871 1558 1973 1599 meis

197 1620 407 1661 versibus:

365 1683 482 1722 Nam
525 1688 673 1736 pater
714 1682 1012 1723 altitonans
1056 1682 1298 1723 stellanti
1339 1683 1496 1723 nixus
1530 1683 1748 1737 Olympo

369 1747 484 1798 lpse
529 1759 648 1785 suos
691 1746 942 1798 quondam
984 1746 1209 1785 tumulos
1253 1760 1310 1787 ac
1353 1747 1545 1799 templa
1587 1748 1804 1800 petivit,
1988 1757 2024 1786 25

366 1810 428 1849 Et
471 1809 815 1861 Capitolinis
859 1809 1051 1849 iniecit
1093 1808 1308 1849 sedibus
1350 1810 1501 1861 ignis.

197 1874 303 1913 Tum
335 1877 469 1912 statua
502 1872 675 1925 Nattae,
717 1877 802 1911 tum
837 1872 1057 1911 simulacra
1089 1871 1262 1911 deorum
1295 1873 1583 1925 Romulusque
1615 1878 1656 1912 et
1687 1873 1840 1912 Remus
1882 1886 1973 1912 cum

198 1936 341 1976 altrice
383 1935 506 1974 belua
545 1934 581 1973 vi
620 1933 808 1974 fulminis
841 1935 909 1974 icti
943 1934 1237 1981 conciderunt,
1280 1934 1420 1988 deque
1453 1935 1518 1974 his
1553 1935 1674 1975 rebus
1707 1936 1976 1988 haruspicum

197 1998 427 2039 extiterunt
458 2011 660 2051 responsa
692 1999 936 2039 Vei‘issllma·
996 1995 1063 2038 Ιώ.
1096 1997 1289 2038 Mirabile
1321 2005 1459 2037 autem
1492 1998 1618 2043 illud,
1658 1998 1771 2051 quod
1802 2012 1851 2038 eo
1883 1998 1975 2051 ipso

196 2067 400 2113 tempore,
433 2074 517 2113 quo
549 2060 669 2100 fieret
700 2060 900 2100 indicium
934 2060 1234 2103 coniurationis
1266 2061 1307 2099 in
1340 2068 1502 2108 senatu,
1534 2062 1699 2113 signum
1724 2061 1833 2100 Iovis
1862 2061 2028 2100 bien-30

197 2125 268 2165 nio
309 2130 425 2177 post,
468 2136 593 2176 quam
636 2128 724 2162 erat
765 2123 968 2170 locatum,
1012 2123 1053 2162 in
1096 2123 1303 2175 Capitolio
1342 2125 1650 2163 conlocabatur.
1715 2124 1807 2162 «Tu
1851 2123 1979 2174 igitur

197 2187 381 2228 animum
405 2185 580 2226 induces
600 2207 653 2214 —-
669 2186 726 2225 sic
747 2186 855 2225 enim
880 2200 1041 2225 mecum
1065 2186 1217 2237 agebas
1238 2208 1286 2214 ——
1307 2200 1473 2225 causam
1498 2187 1618 2226 istam
1643 2191 1682 2225 et
1704 2191 1848 2224 contra
1870 2185 1979 2224 facta

198 2256 268 2290 tua
307 2255 348 2289 et
385 2254 529 2289 contra
567 2249 718 2301 scripta
752 2248 1032 2288 defe11dei·e·?»
1097 2249 1243 2288 Frater
1274 2262 1341 2296 es,
1384 2262 1432 2288 eo
1467 2262 1626 2287 vereor.
1686 2248 1843 2287 Verum
1876 2246 1978 2300 quid

199 2313 275 2352 tibi
307 2311 372 2352 hic
405 2312 573 2351 tandem
607 2313 757 2350 nocet?
791 2325 934 2357 resne,
970 2325 1078 2364 qnae
1112 2311 1203 2350 talis
1237 2317 1323 2357 est,
1356 2325 1407 2350 an
1441 2325 1531 2363 ego,
1564 2311 1637 2364 qui
1670 2325 1812 2350 verum
1845 2309 1978 2363 expli-

199 2376 285 2417 cari
317 2375 446 2415 volo?
506 2375 649 2428 ltaque
682 2374 785 2413 nihil
819 2381 963 2414 contra
997 2374 1116 2421 dic03
1161 2387 1182 2413 a
1215 2380 1254 2413 te
1286 2374 1489 2413 rationem
1524 2375 1651 2413 totius
1683 2372 2028 2425 haruspicinae35

198 2443 310 2493 peto.
371 2437 454 2478 Sed
494 2443 533 2477 te
574 2436 790 2477 mirificam
829 2437 869 2476 in
903 2437 1103 2476 latebram
1136 2436 1375 2482 coniecisti3
1420 2436 1532 2489 quod
1567 2434 1674 2475 enim
1709 2435 1976 2487 intellegeres

199 2500 290 2542 fore
322 2506 367 2541 ut
396 2513 649 2554 premerere,
680 2513 774 2539 cum
807 2513 859 2539 ex
890 2506 929 2540 te
962 2513 1108 2539 causas
1143 2500 1264 2538 unius
1296 2499 1501 2552 cuiusque
1534 2498 1805 2538 divinationis
1828 2498 1977 2552 exqui-

286 2728 316 2759 2.
343 2726 533 2767 fulguribus
557 2725 655 2756 BIIO
675 2741 709 2746 -
739 2724 769 2755 3.
790 2724 973 2763 quidquam
997 2723 1055 2755 ΒΟ
1082 2741 1113 2746 --
1145 2723 1176 2755 4.
1196 2724 1290 2755 Bene
1317 2724 1437 2754 contra
1464 2731 1542 2759 eos,
1571 2724 1627 2763 qni
1653 2721 1874 2754 scribebant:
1906 2723 1979 2754 Non

200 2779 287 2812 enim
310 2781 340 2808 te
360 2783 441 2816 pulo
457 2793 506 2799 --
523 2778 627 2807 Aetna
647 2778 742 2814 pules
765 2774 856 2813 (uam
882 2783 957 2804 esser
975 2773 1169 2814 ——liabe›·el)
1196 2784 1252 2804 nec
1279 2783 1354 2804 rere
1377 2773 1580 2812 fulminibus,
1607 2774 1685 2811 qnid
1709 2775 1767 2803 aut
1788 2772 1979 2811 fiiciendum

199 2831 278 2861 essee
301 2831 362 2864 aul
382 2828 579 2863 cai-endum,
606 2834 738 2856 monere
767 2823 913 2856 Orellius
940 2825 1073 2855 monuit
1105 2825 1155 2855 sic
1182 2824 1357 2864 dispositis
1383 2822 1499 2853 xci-bis
1525 2823 1713 2853 dicendum
1740 2823 1866 2853 fuisse:
1901 2823 1979 2861 quid

198 2878 386 2919 faciendum
410 2878 450 2907 sic
489 2894 519 2898 —
563 2876 581 2907 6
620 2876 713 2906 toties
738 2875 762 2905 O
801 2892 834 2896 —
874 2875 903 2905 7.
932 2878 1076 2904 moneret
1102 2878 1210 2904 reales
1234 2883 1299 2904 esse
1324 2882 1395 2904 cum
1421 2877 1530 2904 aulem
1555 2882 1587 2903 se
1611 2872 1668 2912 (sei
1693 2881 1737 2904 in.
1769 2873 1836 2912 pr.)
1862 2873 1977 2904 nubem

200 2927 365 2959 induerint
389 2926 520 2965 eiusque
544 2927 716 2957 tenuissem
740 2934 905 2964 quamque
926 2929 1055 2963 pay-lem
1080 2926 1246 2963 coeperint
1268 2924 1376 2963 ilice!
1403 2924 1427 2953 Η
1454 2941 1495 2945 -
1520 2922 1550 2953 8.
1570 2924 1633 2952 sint
1651 2925 1691 2953 A:
1722 2929 1796 2953 sunt
1822 2923 1917 2954 ΒΗΟ
1939 2939 1973 2945 -

202 2978 253 3008 Η.
280 2977 359 3015 lum]
385 2985 458 3007 cum
484 2977 510 3007 Η
535 2994 578 2999 -
599 2976 748 3016 sulyures
773 2976 819 3012 H,
845 2975 979 3014 fulgora
1005 2974 1219 3007 Lambinus:
1247 2976 1326 3014 apte
1353 2972 1499 3003 oremus
1525 2972 1668 3004 contulit
1695 2972 1825 3012 11‚382
1855 2990 1884 2994 —
1916 2981 1977 3003 ea:-

201 3028 294 3058 tilere
321 3027 347 3057 H
381 3043 415 3048 —
455 3026 505 3056 112,
533 3027 692 3057 emisset-ic
716 3028 741 3056 A
778 3041 811 3047 -
852 3026 903 3055 45.
930 3034 993 3054 mm
1020 3028 1176 3054 enumeret
1201 3024 1227 3054 ll
1264 3041 1297 3044 —
1333 3023 1372 3053 40
1412 3024 1489 3053 ἰωή(
1515 3023 1704 3054 Lambinus
1732 3039 1763 3043 —
1794 3023 1872 3060 quid
1896 3031 1973 3062 sup.

202 3075 259 3108 lin.
279 3078 304 3107 A
333 3093 366 3097 —
392 3079 516 3106 montes
538 3077 563 3106 A
580 3075 645 3106 110
675 3092 708 3096 —
737 3075 789 3105 ⁴21.
815 3075 899 3104 wide
917 3091 964 3096 --
982 3074 1071 3104 ducet
1096 3082 1165 3103 oin.
1193 3072 1231 3104 Αι
1253 3091 1285 3095 -
1316 3074 1366 3103 22.
1395 3073 1503 3103 doc-ull
1530 3073 1554 3103 ll
1584 3091 1616 3094 —
1646 3072 1698 3103 -24,
1725 3072 1855 3102 stelanli
1879 3070 1917 3102 Αι
1938 3089 1971 3094 ——

202 3126 256 3158 26.
282 3126 400 3165 inyecil
425 3126 451 3157 H
473 3143 507 3148 —
534 3126 624 3164 ignes
650 3124 709 3155 ΒΟ
730 3141 762 3145 ——
792 3125 844 3154 Ξῖ.
868 3124 956 3164 Tum]
975 3124 1055 3155 Cum
1080 3125 1107 3155 Η
1129 3141 1161 3145 -
1180 3124 1242 3163 2¹28.
1262 3124 1307 3161 vi]
1328 3127 1359 3153 ul
1384 3123 1426 3157 Η;
1454 3126 1488 3152 υ(
1509 3123 1657 3162 fulminis
1680 3123 1747 3153 iclu
1772 3121 1973 3161 Lambinus,

204 3179 273 3208 tum
294 3176 441 3216 fulminis
463 3177 531 3206 ictu
557 3175 714 3207 Davisius
744 3191 777 3196 —
805 3175 831 3204 is
857 3175 880 3204 C
910 3190 943 3196 —
980 3174 1031 3205 29.
1058 3175 1145 3205 ueris
1168 3182 1295 3203 summa
1321 3176 1346 3204 A
1377 3191 1407 3194 -
1444 3173 1495 3204 32.
1522 3182 1647 3204 mecum
1670 3173 1768 3213 yebas
1791 3173 1816 3204 ll
1846 3190 1879 3195 —
1919 3173 1971 3204 33.

204 3226 319 3267 faleris
341 3235 376 3257 eo
401 3227 433 3257 in
453 3234 520 3257 ras.
541 3226 577 3260 Β,
601 3226 727 3265 fralres
750 3233 815 3255 non
840 3233 956 3255 uereor
981 3224 1119 3260 Salisb⁴¹
1147 3223 1238 3254 unde
1264 3222 1488 3254 Scliuetzius:
1512 3223 1620 3263 frater
1642 3232 1686 3262 es,
1711 3232 1746 3254 eo
1770 3230 1835 3254 non
1858 3231 1975 3254 vereor

208 3292 243 3299 —
269 3275 322 3308 36.
347 3275 531 3318 intellegere
555 3275 583 3307 H
609 3292 644 3297 —
671 3274 724 3306 37.
749 3283 953 3315 praemerem
979 3278 1007 3307 le
1031 3275 1088 3313 B2,
1109 3276 1297 3314 praeriierel
1320 3272 1360 3304 Η.
