2249 3624
588 173 678 213 Lm.
711 173 740 211 1.
778 171 875 211 cst.
907 171 1128 210 1x-x11,
1165 169 1224 223 ὃς
1258 169 1449 210 45--19,
1832 169 1909 210 487

267 280 339 319 xl.
377 276 436 318 17.
469 278 550 319 Sed
582 291 666 331 quo
700 278 836 330 potius
869 283 962 316 utar
992 283 1063 316 aut
1093 283 1263 316 auctore
1294 282 1365 316 aut
1395 282 1500 316 teste
1533 289 1656 329 quam
1689 282 1727 316 te
1744 278 1761 314 ἵ)
1796 277 1913 316 cuius

154 341 305 382 edidici
338 342 461 380 etiam
493 354 657 386 versus,
690 346 731 379 et
761 339 953 378 lubenter
984 339 1173 392 quidem,
1206 352 1311 392 quos
1342 340 1382 378 in
1415 339 1600 378 secundo
1629 340 1673 376 de
1695 339 1911 378 consulatu

155 404 302 443 Urania
333 417 447 442 musa
480 402 747 455 pronuntiat:

321 464 594 517 Principio
626 463 869 503 aetherio
903 462 1202 502 flammatus
1235 463 1478 514 luppiter
1510 463 1620 513 igni

322 527 563 566 Vertitur
594 532 641 565 et
674 531 836 564 totum
869 525 1168 564 conlustrat
1200 525 1402 563 lumine
1436 526 1675 564 mundum

321 590 601 640 Menteque
633 588 818 627 divina
851 588 1049 626 caelum
1084 594 1358 638 terrasque
1393 588 1642 638 petessit,

323 650 458 698 Quae
492 651 718 702 penitus
750 663 941 688 sensus
976 649 1242 687 liominum
1277 651 1518 701 vitasque
1551 655 1802 694 retentat,

321 713 562 752 Aetheris
594 713 800 751 aeterni
834 718 1015 764 saepta
1048 718 1205 763 atque
1239 711 1437 750 inclusa
1469 712 1723 750 cavernis.

321 774 381 813 Et
413 775 452 813 si
485 774 768 814 stellarum
802 780 970 812 motus
1001 786 1298 825 cursusque
1333 774 1578 824 vagantis

321 838 479 876 Nosse
514 837 668 883 velis,
701 850 838 889 quae
872 836 1270 885 sintsignorum
1304 836 1506 874 insede
1539 836 1767 881 locatae,

323 898 467 945 Quae
500 899 655 938 verbo
688 905 735 937 ct
769 899 920 937 falsis
953 898 1228 936 (iraiorum
1263 898 1476 937 vocibus
1509 904 1704 944 errant,

321 962 386 1000 Re
419 975 538 1001 vera
571 967 724 1000 certo
758 961 915 1013 lapsu
947 960 1233 1013 spatioque
1265 960 1531 1006 seruntur,

322 1024 501 1063 Omnia
534 1024 632 1062 iam
665 1036 851 1062 cernes
883 1023 1061 1062 divina
1092 1029 1259 1061 mente
1294 1028 1488 1061 notata.

233 1083 291 1125 18.
324 1088 435 1126 Nam
469 1087 686 1139 primum
719 1091 984 1124 astrorum
1019 1085 1259 1124 volucris
1294 1091 1340 1124 to
1373 1086 1589 1124 consule
1621 1093 1789 1125 motus

325 1149 732 1200 Concursusque
765 1147 933 1199 gravis
968 1146 1240 1186 stellarum
1273 1147 1461 1186 ardore
1495 1149 1750 1188 micantis

323 1213 395 1250 Tu
428 1223 658 1263 quoque,
691 1222 801 1248 cum
835 1209 1064 1248 tumulos
1096 1210 1298 1248 Albano
1332 1211 1381 1248 iu
1415 1216 1587 1249 monte
1621 1210 1815 1249 nivalis

324 1273 605 1312 Lustrasti
638 1277 687 1310 et
719 1272 865 1310 laeto
898 1272 1148 1310 mactasti
1180 1271 1321 1311 lacte
1354 1273 1584 1318 Latinas,

324 1335 522 1375 Vidisti
556 1340 605 1373 et
636 1334 778 1373 claro
813 1333 1068 1373 tremulos
1100 1334 1295 1373 ardore
1327 1340 1584 1382 cometas,

324 1397 600 1450 Multaque
631 1395 849 1435 misceri
880 1401 1143 1435 nocturna
1175 1402 1352 1449 strage
1386 1397 1614 1450 putasti:

325 1460 471 1508 Quod
504 1459 670 1498 ferme
703 1459 869 1497 dirum
903 1458 950 1497 in
984 1464 1188 1512 tempus
1220 1459 1462 1498 cecidere
1496 1459 1736 1506 Latinae,

327 1523 443 1562 Cum
475 1521 660 1561 claram
693 1520 922 1572 speciem
954 1526 1204 1560 concreto
1237 1522 1435 1561 lumine
1467 1521 1592 1561 luna

323 1583 544 1624 Abdidit
575 1588 625 1622 et
655 1582 834 1622 subito
868 1583 1114 1622 stellanti
1148 1589 1300 1623 noete
1334 1590 1612 1637 perempta
1643 1590 1733 1624 est.

327 1647 464 1695 Quid
498 1658 624 1685 vero
659 1645 850 1685 Phoebi
882 1645 990 1692 fax,
1023 1646 1201 1685 tristis
1232 1647 1419 1686 nuntia
1449 1646 1601 1693 belli,

327 1709 463 1758 Quae
496 1720 732 1759 magnum
765 1707 825 1746 ad
857 1708 1096 1747 columen
1127 1708 1392 1748 flammato
1423 1708 1603 1749 ardore
1636 1709 1870 1755 volabat,

326 1770 642 1822 Praecipitis
674 1770 809 1809 caeli
843 1770 1015 1822 partis
1048 1770 1340 1824 obitusque
1374 1774 1684 1823 petessens‘?

326 1836 425 1874 Aut
456 1846 568 1872 cum
600 1830 841 1872 terribili
875 1846 1167 1886 percussus
1199 1833 1422 1873 fulmine
1454 1835 1586 1874 civis

329 1897 465 1936 Luce
497 1895 772 1934 serenanti
809 1895 994 1934 vitalia
1025 1895 1221 1935 lumina
1253 1896 1447 1949 liquit?

327 1961 420 1998 Aut
450 1971 561 1997 cum
594 1971 645 1997 se
677 1958 893 2010 gravido
926 1958 1227 1998 tremefecit
1259 1972 1485 2012 corpore
1518 1958 1716 1998 tellus?

327 2022 426 2060 lam
459 2033 588 2060 vero
622 2021 801 2060 variae
834 2026 1097 2060 nocturno
1129 2027 1357 2073 tempore
1391 2021 1536 2060 visae

327 2082 629 2122 Terribiles
660 2082 862 2122 formae
895 2083 1083 2134 bellum
1118 2089 1395 2136 motusque
1428 2084 1724 2131 monebant,

328 2146 603 2196 Multaque
636 2159 726 2197 per
757 2152 926 2185 terras
958 2152 1105 2185 vates
1137 2146 1320 2185 oracla
1350 2145 1547 2185 furenti

329 2211 549 2248 Pectore
581 2207 879 2247 fundebant
910 2208 1088 2247 tristis
1122 2209 1414 2248 minitantia
1448 2221 1621 2255 casus3

229 2270 292 2312 119.
325 2273 500 2324 Atque
532 2284 609 2317 ea,
643 2283 775 2324 quae
808 2271 964 2322 lapsu
999 2271 1202 2310 tandem
1236 2271 1485 2310 cecidere
1518 2276 1751 2320 vetusto,

329 2334 464 2372 Haec
496 2332 608 2372 fore
641 2334 923 2385 perpetuis
957 2332 1129 2384 signis
1163 2332 1439 2385 clarisque
1471 2332 1829 2386 frequentans

330 2398 451 2448 Ipse
487 2395 635 2435 deum
667 2395 883 2446 genitor
913 2395 1063 2434 caelo
1096 2395 1365 2448 terrisque
1399 2396 1629 2434 canebat.

206 2460 297 2499 XII.
329 2460 473 2498 Nunc
506 2471 586 2505 ea,
617 2458 894 2510 Torquato
928 2470 1061 2510 qnae
1093 2458 1350 2510 quondam
1386 2463 1435 2497 et
1466 2459 1681 2499 consule
1715 2461 1865 2501 Cotta

331 2520 537 2575 Lydius
569 2519 815 2558 ediderat
846 2519 1146 2572 Tyrrhenae
1179 2520 1347 2572 gentis
1381 2522 1668 2573 haruspex,

331 2584 509 2623 Omnia
539 2581 658 2620 fixa
691 2588 807 2621 tuus
840 2582 1149 2634 glomerans
1184 2582 1509 2622 determinat
1541 2596 1720 2623 annus.

332 2647 453 2685 Nam
486 2649 639 2697 pater
670 2644 977 2684 altitonans
1009 2644 1257 2683 stellanti
1290 2645 1448 2684 nixus
1482 2645 1699 2698 Olympo

252 2795 282 2825 4.
308 2794 412 2825 Huius
440 2794 465 2824 B
501 2811 533 2814 —
567 2793 597 2824 ἓ.
625 2793 709 2824 edidi·
741 2792 781 2824 11¹
812 2810 843 2814 —
879 2794 977 2824 eliam
1007 2793 1034 2823 ci
1066 2802 1179 2824 vuersus
1206 2794 1231 2824 11
1261 2810 1293 2813 —
1328 2793 1367 2832 el]
1394 2796 1429 2823 ut
1453 2791 1571 2823 Anw
1598 2810 1630 2815 —
1663 2794 1815 2826 labentur
1839 2797 1865 2828 1⁷1
1895 2814 1928 2819 -

164 2845 249 2885 quod
275 2843 363 2875 132—
392 2844 430 2875 de
452 2843 624 2874 consulam
649 2843 842 2874 Manutius:
870 2844 907 2874 de
932 2852 1000 2874 om.
1024 2845 1066 2877 tl,
1092 2844 1281 2874 consulatus
1306 2844 1407 2873 codd.
1428 2842 1557 2883 aliquot
1576 2844 1661 2876 dett.
1685 2863 1718 2868 —-
1746 2846 1776 2876 6.
1800 2850 1934 2885 petesset

164 2891 262 2931 8¹11,
286 2895 412 2932 petisset
439 2896 462 2924 Α
480 2894 516 2924 13²
531 2893 567 2930 V,
592 2894 716 2932 pelissi'c
739 2902 814 2924 exc.
840 2894 925 2924 Pitli.
951 2895 1110 2924 Peles-sere
1134 2893 1291 2933 analogia
1312 2894 1480 2930 firmatur,
1502 2902 1717 2934 quamquam
1736 2896 1932 2928 Priscianus

165 2944 254 2974 inter
278 2942 409 2983 reliqua
434 2944 536 2974 huius
562 2944 693 2974 torn-iae
719 2943 952 2974 desiderativa
979 2944 1044 2974 hoc
1071 2944 1218 2974 verbum
1245 2952 1310 2974 non
1336 2944 1521 2978 ret-ensem
1560 2944 1654 2983 apud
1679 2945 1817 2976 Festum
1844 2954 1932 2984 quo-

166 3001 233 3033 que
260 2993 292 3024 in
316 2992 481 3024 lemmate
506 3001 539 3033 p.
559 2992 622 3022 ⁶260
648 2993 690 3023 Μ’.
719 2996 877 3031 pelessere
901 2993 1131 3024 scribendum
1148 2993 1297 3025 xidetur,
1327 2993 1460 3023 utitem
1481 2994 1512 3023 in
1532 2992 1635 3024 Paulo
1654 2995 1806 3025 Diacono
1825 3004 1857 3035 p.
1880 2996 1929 3026 Η.

171 3059 203 3064 -
230 3043 261 3074 7.
284 3043 433 3081 poenitus
457 3045 480 3073 Α
508 3060 542 3064 -
570 3043 728 3077 *ominum
746 3044 771 3073 A
800 3060 834 3065 -—
860 3047 1023 3073 relenranc
1040 3044 1063 3075 C
1085 3060 1118 3064 ——
1149 3044 1200 3074 115.
1220 3044 1325 3073 cantis
1344 3044 1377 3072 Βι
1400 3060 1431 3064 -
1456 3043 1505 3074 48.
1532 3044 1687 3074 tremulas
1704 3045 1729 3075 Η
1752 3061 1786 3066 -—
1806 3045 1858 3075 ΞΟ.
1876 3054 1930 3076 ce-

166 3091 274 3122 cidere
304 3091 381 3123 cod.
409 3091 553 3123 Eliensis
585 3094 672 3123 teste
706 3092 864 3122 Davisio:
898 3093 1041 3123 cecinere
1073 3092 1096 3122 C
1131 3109 1165 3114 -
1198 3094 1250 3123 22.
1276 3092 1419 3123 stellanti
1447 3092 1550 3122 subito
1575 3093 1642 3123 AV
1676 3111 1711 3115 —
1744 3092 1796 3124 ⁶23.
1826 3094 1932 3132 Quum

166 3143 447 3180 vero--pecisset
478 3141 677 3173 Lambinus.
704 3159 744 3163 —
774 3141 888 3172 trimas
910 3142 950 3172 Αἱ
977 3159 1011 3164 -
1046 3140 1097 3172 ⁴24.
1125 3142 1280 3172 columem
1306 3143 1329 3172 Α
1348 3142 1368 3171 ss
1398 3158 1431 3162 —
1466 3142 1517 3172 25.
1541 3145 1702 3181 pelessens
1727 3143 1926 3181 llossingerss

165 3190 293 3228 petisset
310 3190 333 3221 C
357 3208 390 3213 -
417 3192 469 3223 26.
492 3200 666 3230 percussus
685 3189 737 3221 [3¹2
760 3192 930 3230 perculsus
955 3194 977 3223 Α
990 3190 1061 3222 Β”-Ἠ
1075 3191 1103 3220 V
1119 3209 1152 3213 —
1181 3192 1232 3221 28.
1251 3192 1291 3221 Ae
1307 3190 1345 3221 A¹
1366 3207 1399 3211 —
1420 3190 1471 3221 30.
1490 3191 1643 3222 terribilis
1661 3192 1687 3221 V
1707 3209 1741 3213 —-
1761 3192 1813 3223 31.
1832 3202 1930 3226 ⁴ora-

169 3239 252 3272 cla„
276 3240 300 3271 B
328 3258 362 3262 —
397 3240 448 3272 33.
474 3241 584 3280 lapsus
606 3244 631 3272 A
648 3241 674 3272 n
702 3256 735 3263 -
764 3240 816 3272 34.
842 3242 1031 3281 frequenlas
1054 3241 1157 3272 Assv
1186 3257 1218 3262 —
1251 3240 1304 3274 37.
1331 3241 1442 3271 Lidius
1468 3241 1493 3273 11
1522 3259 1556 3264 —
1583 3243 1703 3274 tiri-ene
1728 3242 1754 3274 H
1784 3258 1816 3264 —
1846 3251 1929 3274 aru-

170 3297 250 3328 spex
273 3289 301 3321 H
327 3306 362 3312 —
389 3290 441 3322 39.
467 3291 555 3322 Nam
574 3294 732 3331 pace›·--
749 3292 835 3332 tynis
861 3292 1031 3323 iterantur
1055 3291 1088 3322 lii
1113 3299 1235 3322 versus
1258 3292 1286 3322 11
1311 3290 1329 3332 ἓ
1353 3290 1406 3323 45.

1934 848 1966 874 10

1940 1470 1976 1498 -20

1940 1778 1977 1808 25

1944 2092 1981 2120 30

1945 2405 1982 2433 35
