2249 3624
608 139 695 179 Lm.
727 139 774 178 v.
816 138 909 179 eu».
945 139 1229 178 xvii-xx.
1265 137 1323 191 §§
1357 137 1545 178 4-9-57.
1883 134 1964 176 345

204 246 446 291 vivendum,
478 244 579 284 satis
611 250 674 284 est
703 245 826 285 etiam
859 245 908 284 ad
941 246 1081 287 beate.
1126 246 1232 285 Satis
1269 252 1331 284 est
1362 246 1471 284 enim
1504 251 1613 284 certe
1646 246 1686 284 in
1719 246 1889 290 virtute,
1923 249 1967 284 ut

203 309 364 350 fortiter
393 308 603 353 vivamus;
638 308 671 346 si
704 307 884 353 sortiter,
916 309 1038 347 etiam
1074 315 1116 347 ut
1149 322 1296 358 magno
1327 309 1480 354 animo,
1513 306 1743 360 etquidem
1777 313 1822 345 ut
1852 306 1967 345 nulla

202 385 244 412 re
275 383 471 423 umquam
513 376 740 409 terreamur
776 384 1026 423 semperque
1058 371 1185 410 simus
1218 371 1372 410 invicti.
1427 370 1626 423 Sequitur
1658 375 1702 408 ut
1734 368 1836 408 nibil
1868 381 1966 420 pae-

202 435 348 479 niteat,
386 431 487 471 nihil
520 432 646 478 desit,
678 433 780 472 nihil
815 434 974 472 obstet:
1017 446 1115 485 ergo
1150 434 1288 472 omnia
1320 434 1593 486 profluenter,
1624 431 1837 477 absolute,
1872 443 1965 483 pro-

200 508 338 549 spere,
371 494 498 546 igitur
528 495 661 534 beate.
714 495 820 534 Satis
853 503 990 535 autem
1014 496 1144 535 virtus
1167 496 1218 534 ad
1248 495 1411 535 sortiter
1433 495 1653 534 vivendum
1679 500 1834 548 potest:
1867 494 1997 533 satisb

200 571 297 610 ergo
329 557 451 596 etiam
484 557 534 596 ad
566 557 700 596 beate.
751 555 816 596 54.
851 559 1012 597 Etenim
1047 564 1087 596 ut
1119 558 1308 604 stultitia,
1342 559 1418 597 etsi
1451 558 1599 610 adepta
1631 563 1694 596 est
1725 557 1837 610 quod
1868 568 1966 595 con-

199 619 367 673 cupivit,
400 633 625 673 numquam
658 633 701 658 se
736 626 872 659 tamen
906 621 1005 659 satis
1037 626 1302 660 consecutam
1327 627 1462 673 putat,
1495 621 1553 659 sic
1576 621 1779 673 sapientia
1802 632 1966 671 semper

198 696 247 723 eo
278 688 473 722 contenta
506 689 589 728 est,
623 682 734 735 quod
767 683 904 729 adest,
937 696 1076 736 neque
1109 696 1196 722 eain
1231 697 1426 736 umquam
1459 685 1521 722 sui
1557 684 1752 735 paenitet.

310 745 422 784 xlx.
467 745 708 785 Similemne
750 751 870 797 putas
914 745 955 784 C.
996 745 1125 784 Laelii
1169 759 1296 784 unum
1340 746 1604 785 consulatum
1641 745 1770 784 fuisse
1802 751 1963 783 etcum

197 807 365 862 quidem
398 821 490 848 cum
524 808 712 860 repulsa,
745 830 796 835 —
829 808 881 853 si,
925 822 1016 846 cum
1049 808 1215 860 sapiens
1248 814 1287 846 et
1318 808 1451 847 bonus
1485 809 1563 854 vir,
1605 807 1740 861 qualis
1773 806 1842 845 ille
1875 805 2016 853 suit‚⁴0

197 871 404 924 suffragiis
447 870 719 924 praeteritur,
763 884 845 910 non
882 870 1061 923 populus
1103 884 1126 909 a
1166 870 1277 909 bono
1309 871 1481 910 consule
1515 872 1651 923 potius
1685 883 1809 923 quam
1845 868 1911 908 ille
1943 882 1965 907 a

195 934 351 989 populo
383 933 594 987 repulsam
629 933 726 980 fert,
758 956 811 962 —
843 933 915 972 sed
949 939 1084 972 tamen
1120 938 1254 971 utrum
1290 933 1433 972 malles
1468 939 1527 978 te,
1564 934 1596 972 si
1630 939 1810 985 potestas
1844 937 1966 976 esset,

195 996 322 1037 semel
363 1002 409 1035 ut
446 996 634 1036 Laelium
667 996 881 1036 consulem
913 1010 964 1034 an
997 1001 1042 1034 ut
1075 995 1248 1035 Cinnam
1283 998 1462 1048 quater?
1523 994 1589 1034 3355.
1624 997 1712 1034 Non
1746 995 1889 1034 dubito
1924 998 1965 1032 tu

195 1059 294 1114 quid
337 1072 616 1112 responsurus
657 1059 737 1103 sis;
780 1059 921 1110 itaque
963 1058 1082 1097 video
1124 1059 1187 1097 cni
1226 1058 1494 1097 committam.
1541 1059 1633 1097 Non
1666 1057 1856 1110 quemvis
1887 1056 1967 1096 hoc

193 1122 304 1162 idem
336 1123 659 1173 interrogarem;
699 1122 972 1173 responderet
1008 1122 1118 1161 enim
1151 1121 1259 1160 alius
1292 1121 1466 1160 fortasse
1499 1135 1543 1160 se
1575 1134 1658 1159 non
1693 1119 1817 1160 modo
1849 1122 2019 1171 quat-ib

194 1191 287 1225 tuor
333 1184 575 1224 consulatus
618 1185 689 1223 uni
731 1191 1010 1236 anteponere,
1055 1184 1126 1223 sed
1169 1197 1296 1222 unum
1337 1183 1447 1222 diem
1482 1184 1638 1222 Cinnae
1671 1182 1895 1222 multorum
1927 1186 1968 1219 et

194 1247 397 1287 clarorum
432 1247 613 1285 virorum
646 1247 741 1286 totis
772 1247 992 1286 aetatibus.
1042 1246 1228 1292 Laelius,
1262 1246 1294 1285 si
1318 1247 1448 1295 digito
1472 1259 1595 1299 quem
1618 1245 1834 1297 attigisset,
1869 1256 1967 1295 poe-

191 1323 266 1349 nas
299 1309 506 1349 dedisset:
538 1315 579 1348 at
611 1310 742 1348 Cinna
778 1309 964 1361 collegae
997 1310 1059 1348 sui
1095 1306 1309 1362 [consulis]
1345 1310 1417 1347 Cn.
1442 1309 1601 1348 Octavii
1635 1306 1816 1360 praecidi
1845 1311 1969 1358 caput

191 1372 330 1418 iussit,
375 1373 416 1411 P.
450 1371 607 1417 Crassi,
642 1372 685 1410 L.
710 1372 916 1417 Caesaris,
959 1372 1314 1410 nobilissimorum
1349 1372 1582 1417 bominum,
1625 1384 1801 1424 quorum
1837 1370 1966 1408 virtus

190 1434 325 1474 fuerat
347 1434 458 1473 domi
489 1434 745 1487 militiaeque
769 1434 947 1486 cognita,
980 1435 1032 1472 M.
1054 1434 1245 1480 Antonii,
1268 1434 1453 1474 omnium
1479 1432 1830 1487 eloquentissimi,
1863 1444 1967 1484 quos
1981 1440 2018 1469 =20

193 1511 269 1550 ego
304 1497 532 1543 audierim,
574 1496 615 1536 C.
650 1497 858 1543 Caesaris,
897 1497 936 1535 in
971 1510 1055 1548 quo
1090 1496 1189 1535 mibi
1224 1497 1388 1536 videtur
1418 1497 1630 1549 specimen
1663 1496 1791 1535 fuisse
1825 1497 1967 1533 liuma-

191 1560 352 1605 nitatis,
387 1559 506 1606 salis,
539 1560 776 1605 suavitatis,
811 1559 978 1612 leporis.
1027 1560 1233 1598 Beatusne
1257 1560 1381 1612 igitur
1404 1560 1473 1612 qui
1496 1559 1571 1599 hos
1594 1558 1830 1598 interfecit?
1865 1556 1966 1596 Mihi

193 1629 335 1663 contra
367 1636 450 1662 non
483 1622 615 1661 solum
649 1635 698 1661 eo
734 1622 897 1662 videtur
929 1622 1065 1668 miser,
1104 1622 1214 1675 quod
1257 1613 1302 1661 ea
1335 1622 1455 1669 fecit,
1500 1623 1572 1662 sed
1607 1622 1731 1661 etiam
1765 1621 1876 1674 quod
1911 1621 1966 1660 ita

190 1699 234 1725 se
266 1685 414 1738 gessit,
450 1690 492 1723 ut
524 1698 572 1723 ea
604 1684 738 1724 facere
771 1685 807 1723 ei
841 1685 1005 1724 liceret:
1040 1684 1114 1723 etsi
1141 1698 1309 1737 peccare
1333 1685 1490 1724 nemini
1515 1686 1631 1731 licet,
1664 1685 1733 1723 sed
1761 1684 1966 1723 sermonis

190 1761 327 1788 errore
351 1747 546 1792 labimur;
569 1746 607 1786 id
633 1747 744 1786 euim
768 1747 890 1787 licere
915 1748 1107 1793 dicimus,
1133 1748 1243 1799 quod
1268 1748 1419 1801 cuique
1443 1748 1700 1787 conceditur.
1732 1744 1797 1785 356.
1825 1747 1964 1785 Utrum
1978 1753 2015 1782 25

188 1810 355 1849 tandem
396 1810 558 1848 beatior
599 1810 641 1849 C.
673 1810 829 1850 Marius
870 1816 976 1856 tum,
1018 1824 1110 1848 cum
1154 1810 1385 1849 Cimbricae
1426 1811 1622 1850 victoriae
1665 1811 1840 1863 gloriam
1872 1824 1964 1849 cum

189 1872 348 1923 collega
382 1871 526 1912 Catulo
559 1873 903 1918 communicavit,
936 1886 1068 1924 paene
1100 1873 1231 1911 altero
1265 1873 1405 1912 Laelio
1428 1895 1481 1901 -—-
1505 1887 1597 1912 nam
1631 1873 1740 1912 hunc
1772 1874 1830 1913 illi
1859 1874 1965 1913 duco

188 1934 446 1974 simillimum
478 1956 551 1982 —‚
584 1948 636 1974 an
670 1949 761 1974 cum
795 1935 907 1974 civili
940 1935 1049 1973 bello
1073 1935 1204 1974 victor
1234 1936 1363 1975 iratus
1388 1936 1636 1975 necessariis
1661 1936 1793 1976 Catuli
1817 1937 1966 1990 depre-

189 1997 376 2036 cantibus
409 2011 489 2036 non
523 1997 651 2036 semel
684 1997 920 2050 respondit,
961 1998 1032 2036 sed
1067 2012 1217 2049 saepe:
1260 1999 1582 2037 «nonaum-tv?
1616 1998 1657 2037 in
1690 2012 1772 2050 quo
1806 1999 1967 2039 beatior

189 2060 280 2105 ille,
313 2059 383 2111 qui
415 2059 514 2098 huic
547 2059 729 2099 nefariae
761 2060 852 2099 voci
887 2061 1043 2112 paruit,
1078 2074 1201 2113 quam
1228 2061 1281 2107 is,
1314 2061 1383 2113 qui
1407 2066 1486 2099 tam
1512 2061 1710 2100 scelerate
1733 2057 2014 2113 imperavit.30

187 2124 289 2162 Nam
329 2136 419 2161 cun]
462 2122 652 2176 accipere
694 2136 817 2175 quam
860 2122 995 2161 facere
1029 2130 1211 2175 praestat
1243 2124 1458 2169 iniuriam,
1501 2130 1584 2162 tum
1619 2123 1741 2162 morti
1773 2124 1851 2162 iam
1884 2124 1964 2176 ipsi

188 2184 427 2224 adventanti
462 2186 630 2238 paulum
665 2185 893 2238 procedere
927 2186 980 2224 ob
1015 2186 1143 2231 viani,
1186 2186 1296 2238 quod
1332 2185 1431 2224 fecit
1464 2186 1656 2232 Catulus,
1694 2199 1815 2238 quam
1849 2187 1963 2240 quod

188 2247 362 2294 Marius,
405 2247 496 2287 talis
537 2249 611 2287 viri
659 2249 829 2288 interitu
869 2262 944 2287 sex
985 2262 1082 2287 suos
1124 2249 1299 2289 obruere
1336 2248 1575 2288 consulatus
1609 2254 1649 2288 et
1679 2248 1963 2289 contaminare

189 2316 422 2350 extremum
453 2316 616 2363 tempus
649 2312 807 2350 aetatis.

299 2374 394 2412 XX.
425 2370 491 2411 ³¹57.
523 2374 614 2412 Duo
638 2373 688 2412 de
711 2374 985 2426 quadraginta
1013 2386 1145 2412 annos
1168 2378 1369 2426 tyrannus
1393 2374 1745 2426 Syracusanorum
1769 2374 1844 2414 fuit
1867 2375 1964 2414 Dio-
1978 2379 2014 2407 35

189 2435 353 2489 nysius,
399 2449 492 2475 cum
537 2437 724 2489 quinque
765 2441 806 2475 et
847 2436 993 2488 viginti
1035 2442 1158 2476 natus
1197 2449 1327 2475 annos
1372 2437 1625 2476 dominatum
1659 2437 1963 2489 occupavisset.

274 2616 305 2645 5.
332 2615 376 2645 ad
403 2615 534 2654 forlilei·
566 2615 738 2645 vivendum
769 2615 875 2645 virtus
899 2615 924 2646 O
953 2633 986 2636 -
1019 2616 1048 2646 6,
1075 2616 1273 2655 concupiunt
1303 2617 1395 2651 (ante
1421 2620 1591 2654 rasuram)
1620 2616 1642 2646 R
1673 2633 1706 2637 -
1735 2617 1764 2646 7.
1792 2620 1965 2647 consecuta

189 2666 251 2696 GR
278 2683 312 2687 —
339 2665 371 2696 8.
398 2664 532 2702 conllta
557 2665 582 2695 G
609 2681 643 2686 -
672 2664 702 2694 9.
730 2665 834 2695 simile
858 2674 896 2695 ne
921 2668 945 2696 G
962 2666 983 2696 R
1014 2681 1048 2687 -—
1076 2666 1280 2696 consolatam
1302 2666 1414 2704 fuisset
1439 2670 1466 2695 et
1492 2666 1555 2695 (1¹1².
1583 2682 1615 2685 —
1646 2665 1697 2694 12.
1723 2665 1845 2704 populo
1870 2665 1964 2696 Mad-

187 2715 260 2754 vig:
286 2714 368 2745 bono
389 2714 511 2753 populo
537 2715 581 2751 C;
616 2723 703 2744 vano
724 2714 846 2753 populo
871 2714 913 2745 O.
941 2715 1027 2745 Vide
1053 2715 1095 2746 ad
1123 2716 1140 2755 ξ
1166 2717 1219 2746 52.
1250 2733 1284 2737 -
1314 2716 1379 2753 sert
1407 2715 1576 2755 suffrayiis
1594 2716 1812 2753 praeteritur.
1848 2716 1912 2746 Sed
1937 2717 1961 2747 C

192 2781 225 2786 -
251 2763 352 2794 males
377 2763 414 2794 G¹
434 2781 468 2785 -
498 2763 548 2794 16.
576 2764 763 2794 consolatus
789 2765 810 2793 G
827 2763 864 2794 Ν
886 2781 918 2785 -
949 2766 999 2796 48.
1027 2766 1167 2795 consulis
1187 2764 1279 2796 delet
1307 2766 1326 2796 l.
1347 2765 1354 2796 l
1389 2766 1478 2796 Bake
1497 2774 1530 2805 p.
1552 2765 1632 2799 40&
1660 2774 1723 2797 nos
1741 2765 1962 2797 seclusimus.

191 2829 226 2835 --
253 2807 314 2845 GN‘
338 2814 362 2845 C
392 2831 425 2835 —
454 2814 506 2843 2⁴.
534 2813 572 2844 G.
601 2814 625 2845 C
655 2832 687 2836 -
716 2814 767 2845 22.
797 2814 852 2852 qui
876 2814 945 2853 hos]
969 2824 1050 2854 quos
1074 2816 1097 2846 C
1128 2834 1161 2837 -—
1190 2815 1242 2847 Ἣ.
1270 2825 1307 2846 ea
1333 2824 1364 2845 se
1387 2816 1496 2854 far-ere
1522 2814 1654 2853 (litteris
1674 2824 1706 2845 se
1727 2816 1919 2856 expunctis)
1940 2818 1963 2844 G

191 2879 224 2884 -
250 2866 400 2902 peccaret
423 2865 447 2894 G
464 2864 487 2894 R
516 2881 550 2885 —
577 2864 630 2895 ⁵27.
657 2864 732 2895 huic
755 2865 804 2894 illi
829 2865 870 2895 C.
900 2866 1044 2896 «Cicero
1071 2865 1217 2897 fortasse
1243 2866 1380 2905 scripsit
1406 2866 1503 2895 iltius
1532 2864 1581 2895 Cf.
1602 2864 1740 2905 Madvig
1763 2866 1806 2896 ad
1834 2866 1902 2896 Fin.
1926 2866 1963 2901 V,

191 2912 241 2943 ⁴2.
277 2912 330 2944 Ad
360 2912 456 2945 locos
480 2913 621 2953 regulae
646 2917 902 2954 repugnantes.
937 2924 1026 2954 quos
1051 2915 1243 2954 Madvigius
1269 2916 1405 2952 citarit,
1438 2915 1502 2945 lios
1527 2914 1637 2945 adde:
1667 2915 1736 2946 fin.
1765 2915 1819 2953 IV,
1846 2915 1885 2946 65
1910 2916 1967 2946 His

189 2962 307 2993 similes
329 2966 403 2993 sunt
426 2971 544 2995 omncs.
586 2965 624 2995 N.
653 2965 693 2996 D.
721 2965 744 3001 Ι,
774 2966 835 2995 1123
868 2966 1071 2996 homunculis
1095 2967 1231 2996 similem
1256 2966 1351 2996 deum
1376 2966 1450 3003 sego
1476 2973 1516 2995 ex
1543 2963 1674 3003 aliquot
1698 2964 1800 2996 codd.
1827 2965 1965 2995 homun-

191 3012 270 3050 culi,
297 3013 391 3052 quod
416 3013 470 3044 vel
495 3014 589 3045 deum
615 3016 647 3045 et
672 3023 746 3054 seq.
773 3015 912 3044 hmninis
935 3015 1086 3046 suadere
1113 3016 1272 3056 poterat).
1314 3014 1429 3046 Famil.
1456 3015 1511 3049 Xl.
1539 3015 1592 3051 ΞΟ,
1615 3017 1626 3045 4
1661 3016 1754 3046 homo
1778 3016 1837 3046 sibi
1861 3017 1964 3046 simil-

190 3061 286 3092 limus
310 3062 411 3102 (Med.
437 3065 521 3100 sini,
556 3064 648 3095 unde
675 3066 893 3096 recentiores
919 3065 1020 3096 codd.
1048 3069 1145 3096 recte
1171 3066 1244 3102 sui).
1288 3066 1324 3096 I't
1355 3067 1386 3095 in
1413 3063 1487 3095 aliis
1512 3063 1564 3095 vel
1590 3066 1841 3105 antiquissimis
1867 3065 1965 3096 codi-

191 3110 308 3149 cibus,
346 3113 396 3143 sic
428 3114 461 3144 in
494 3114 517 3144 R
550 3122 589 3144 us
620 3113 722 3145 finale
755 3114 932 3146 interdum
967 3117 1046 3146 nota
1079 3114 1232 3154 quadani
1264 3114 1447 3145 scribitur:
1486 3114 1566 3145 inde
1599 3124 1638 3145 us
1661 3116 1830 3147 omissum
1857 3116 1896 3152 Η,
1923 3115 1964 3146 58

191 3159 378 3202 (mittam).
410 3163 465 3199 IV,
492 3164 530 3195 Ξῖ
556 3164 734 3204 (veniam);
769 3167 889 3195 contra
915 3165 971 3203 lV,
999 3165 1050 3201 40,
1085 3164 1141 3195 ubi
1175 3164 1373 3204 Tregdcrus
1410 3173 1449 3195 ex
1484 3165 1684 3206 Archetypo
1717 3174 1759 3196 επ
1790 3174 1854 3206 quo
1884 3165 1964 3195 illud

190 3209 318 3241 Ennius
340 3212 490 3253 scripsit,
519 3221 655 3248 vereor.
683 3222 725 3244 ne
752 3213 889 3252 Cicero,
917 3215 953 3245 ut
977 3213 1079 3253 xulgo
1104 3213 1298 3254 legebatur,
1326 3214 1411 3244 Entii
1438 3215 1628 3254 posuerit.»
1654 3216 1708 3246 W.
1739 3233 1773 3237 —
1801 3215 1852 3246 33.
1879 3215 1963 3245 inte-

191 3258 274 3292 ritus
297 3269 338 3292 ea:
361 3261 387 3292 R
413 3279 447 3284 -
475 3262 528 3295 35.
555 3263 722 3302 dyonisius
747 3264 830 3295 GR.
