<?xml version="1.0" encoding="UTF-8"?>
<!DOCTYPE html PUBLIC "-//W3C//DTD XHTML 1.0 Transitional//EN"
    "http://www.w3.org/TR/xhtml1/DTD/xhtml1-transitional.dtd">
<html xmlns="http://www.w3.org/1999/xhtml" xml:lang="en" lang="en">
 <head>
  <title>
</title>
<meta http-equiv="Content-Type" content="text/html;charset=utf-8" />
  <meta name='ocr-system' content='tesseract 3.04.00' />
  <meta name='ocr-capabilities' content='ocr_page ocr_carea ocr_par ocr_line ocrx_word'/>
</head>
<body>
  <div class='ocr_page' id='page_1' title='image "./operaquaesupersu04ciceuoft_0229.png"; bbox 0 0 2249 3624; ppageno 0'>
   <div class='ocr_carea' id='block_1_1' title="bbox 512 138 1915 196">
    <p class='ocr_par' dir='ltr' id='par_1_1' title="bbox 512 138 1915 196">
     <span class='ocr_line' id='line_1_1' title="bbox 512 138 1915 196; baseline -0.003 -12"><span class='ocrx_word' id='word_1_1' title='bbox 512 145 598 184; x_wconf 75' lang='lat' dir='ltr'>Lm.</span> <span class='ocrx_word' id='word_1_2' title='bbox 631 144 679 183; x_wconf 90' lang='lat' dir='ltr'>v.</span> <span class='ocrx_word' id='word_1_3' title='bbox 719 143 817 184; x_wconf 58' lang='lat' dir='ltr'>cst.</span> <span class='ocrx_word' id='word_1_4' title='bbox 851 143 1267 184; x_wconf 83' lang='lat' dir='ltr'>xxvn-xxvm.</span> <span class='ocrx_word' id='word_1_5' title='bbox 1307 141 1366 196; x_wconf 65' lang='lat'>§5</span> <span class='ocrx_word' id='word_1_6' title='bbox 1398 141 1587 183; x_wconf 76' lang='lat'>77—84.</span> <span class='ocrx_word' id='word_1_7' title='bbox 1842 138 1915 182; x_wconf 70' lang='lat' dir='ltr'>G201</span> 
     </span>
    </p>
   </div>
   <div class='ocr_carea' id='block_1_2' title="bbox 145 254 1975 2488">
    <p class='ocr_par' dir='ltr' id='par_1_2' title="bbox 153 254 1973 1302">
     <span class='ocr_line' id='line_1_2' title="bbox 166 254 1924 307; baseline -0.002 -10"><span class='ocrx_word' id='word_1_8' title='bbox 166 257 375 304; x_wconf 90' lang='lat' dir='ltr'>viderunt,</span> <span class='ocrx_word' id='word_1_9' title='bbox 408 255 710 302; x_wconf 78' lang='lat' dir='ltr'>valetudinem,</span> <span class='ocrx_word' id='word_1_10' title='bbox 752 255 881 302; x_wconf 87' lang='lat' dir='ltr'>vires,</span> <span class='ocrx_word' id='word_1_11' title='bbox 926 262 1144 302; x_wconf 89' lang='lat' dir='ltr'>staturam,</span> <span class='ocrx_word' id='word_1_12' title='bbox 1186 254 1385 301; x_wconf 85' lang='lat' dir='ltr'>sormam,</span> <span class='ocrx_word' id='word_1_13' title='bbox 1415 255 1689 307; x_wconf 73' lang='lat' dir='ltr'>integritatem</span> <span class='ocrx_word' id='word_1_14' title='bbox 1724 256 1924 307; x_wconf 87' lang='lat' dir='ltr'>unguicu-</span> 
     </span>
     <span class='ocr_line' id='line_1_3' title="bbox 164 313 1921 364; baseline -0.002 -5"><span class='ocrx_word' id='word_1_15' title='bbox 164 320 296 359; x_wconf 84' lang='lat' dir='ltr'>lorum</span> <span class='ocrx_word' id='word_1_16' title='bbox 329 320 512 358; x_wconf 89' lang='lat' dir='ltr'>omnium</span> <span class='ocrx_word' id='word_1_17' title='bbox 543 318 658 361; x_wconf 78' lang='lat' dir='ltr'>bona,</span> <span class='ocrx_word' id='word_1_18' title='bbox 692 317 1009 363; x_wconf 77' lang='lat' dir='ltr'>deformitatem,</span> <span class='ocrx_word' id='word_1_19' title='bbox 1043 317 1244 364; x_wconf 83' lang='lat' dir='ltr'><strong>morbum,</strong></span> <span class='ocrx_word' id='word_1_20' title='bbox 1275 318 1530 357; x_wconf 73' lang='lat' dir='ltr'>debilitatem</span> <span class='ocrx_word' id='word_1_21' title='bbox 1562 317 1680 357; x_wconf 89' lang='lat' dir='ltr'>mala.</span> <span class='ocrx_word' id='word_1_22' title='bbox 1739 313 1806 356; x_wconf 84' lang='lat'>81.</span> <span class='ocrx_word' id='word_1_23' title='bbox 1839 318 1921 356; x_wconf 90' lang='lat' dir='ltr'>Iam</span> 
     </span>
     <span class='ocr_line' id='line_1_4' title="bbox 164 379 1921 433; baseline -0.002 -13"><span class='ocrx_word' id='word_1_24' title='bbox 164 382 234 420; x_wconf 90' lang='lat' dir='ltr'>illa</span> <span class='ocrx_word' id='word_1_25' title='bbox 266 388 436 420; x_wconf 81' lang='lat' dir='ltr'>externa</span> <span class='ocrx_word' id='word_1_26' title='bbox 467 394 587 433; x_wconf 89' lang='lat' dir='ltr'>parce</span> <span class='ocrx_word' id='word_1_27' title='bbox 620 387 659 420; x_wconf 92' lang='lat' dir='ltr'>tu</span> <span class='ocrx_word' id='word_1_28' title='bbox 693 381 884 433; x_wconf 88' lang='lat' dir='ltr'>quidem,</span> <span class='ocrx_word' id='word_1_29' title='bbox 918 380 988 419; x_wconf 85' lang='lat' dir='ltr'>sed</span> <span class='ocrx_word' id='word_1_30' title='bbox 1022 380 1122 419; x_wconf 89' lang='lat' dir='ltr'>haec</span> <span class='ocrx_word' id='word_1_31' title='bbox 1155 394 1246 419; x_wconf 86' lang='lat' dir='ltr'>cum</span> <span class='ocrx_word' id='word_1_32' title='bbox 1279 381 1466 432; x_wconf 89' lang='lat' dir='ltr'>corporis</span> <span class='ocrx_word' id='word_1_33' title='bbox 1500 380 1608 418; x_wconf 90' lang='lat' dir='ltr'>bona</span> <span class='ocrx_word' id='word_1_34' title='bbox 1640 379 1745 425; x_wconf 86' lang='lat' dir='ltr'>sint,</span> <span class='ocrx_word' id='word_1_35' title='bbox 1779 392 1921 418; x_wconf 91' lang='lat' dir='ltr'>eorum</span> 
     </span>
     <span class='ocr_line' id='line_1_5' title="bbox 164 440 1921 494; baseline -0.002 -12"><span class='ocrx_word' id='word_1_36' title='bbox 164 443 425 482; x_wconf 81' lang='lat' dir='ltr'>conficientia</span> <span class='ocrx_word' id='word_1_37' title='bbox 457 448 566 482; x_wconf 86' lang='lat' dir='ltr'>certe</span> <span class='ocrx_word' id='word_1_38' title='bbox 598 443 637 481; x_wconf 95' lang='lat' dir='ltr'>iu</span> <span class='ocrx_word' id='word_1_39' title='bbox 673 443 792 480; x_wconf 74' lang='lat' dir='ltr'>bouis</span> <span class='ocrx_word' id='word_1_40' title='bbox 827 442 1075 487; x_wconf 74' lang='lat' dir='ltr'>numerabis,</span> <span class='ocrx_word' id='word_1_41' title='bbox 1107 443 1277 488; x_wconf 87' lang='lat' dir='ltr'>amicos,</span> <span class='ocrx_word' id='word_1_42' title='bbox 1310 442 1476 489; x_wconf 85' lang='lat' dir='ltr'>liberos,</span> <span class='ocrx_word' id='word_1_43' title='bbox 1510 442 1784 494; x_wconf 85' lang='lat' dir='ltr'>propinquos,</span> <span class='ocrx_word' id='word_1_44' title='bbox 1817 440 1921 479; x_wconf 83' lang='lat' dir='ltr'>divi-</span> 
     </span>
     <span class='ocr_line' id='line_1_6' title="bbox 163 503 1953 556; baseline -0.001 -13"><span class='ocrx_word' id='word_1_45' title='bbox 163 506 261 550; x_wconf 85' lang='lat' dir='ltr'>tias,</span> <span class='ocrx_word' id='word_1_46' title='bbox 292 505 495 549; x_wconf 79' lang='lat' dir='ltr'>honores,</span> <span class='ocrx_word' id='word_1_47' title='bbox 528 517 643 556; x_wconf 85' lang='lat' dir='ltr'>opes.</span> <span class='ocrx_word' id='word_1_48' title='bbox 678 505 826 542; x_wconf 79' lang='lat' dir='ltr'>Contra</span> <span class='ocrx_word' id='word_1_49' title='bbox 859 504 959 543; x_wconf 84' lang='lat' dir='ltr'>haec</span> <span class='ocrx_word' id='word_1_50' title='bbox 991 504 1156 542; x_wconf 79' lang='lat' dir='ltr'>attende</span> <span class='ocrx_word' id='word_1_51' title='bbox 1181 519 1243 543; x_wconf 86' lang='lat' dir='ltr'>me</span> <span class='ocrx_word' id='word_1_52' title='bbox 1268 504 1368 543; x_wconf 88' lang='lat' dir='ltr'>nihil</span> <span class='ocrx_word' id='word_1_53' title='bbox 1394 504 1550 544; x_wconf 85' lang='lat' dir='ltr'>dicere:</span> <span class='ocrx_word' id='word_1_54' title='bbox 1588 504 1684 543; x_wconf 77' lang='lat' dir='ltr'>illud</span> <span class='ocrx_word' id='word_1_55' title='bbox 1709 504 1855 547; x_wconf 77' lang='lat' dir='ltr'>dicere,</span> <span class='ocrx_word' id='word_1_56' title='bbox 1890 503 1953 542; x_wconf 58' lang='lat' dir='ltr'>siff,</span> 
     </span>
     <span class='ocr_line' id='line_1_7' title="bbox 161 565 1921 619; baseline 0.001 -16"><span class='ocrx_word' id='word_1_57' title='bbox 161 567 238 604; x_wconf 90' lang='lat' dir='ltr'>ista</span> <span class='ocrx_word' id='word_1_58' title='bbox 270 565 376 604; x_wconf 88' lang='lat' dir='ltr'>mala</span> <span class='ocrx_word' id='word_1_59' title='bbox 408 573 523 611; x_wconf 84' lang='lat' dir='ltr'>sunt,</span> <span class='ocrx_word' id='word_1_60' title='bbox 557 567 597 605; x_wconf 91' lang='lat' dir='ltr'>iu</span> <span class='ocrx_word' id='word_1_61' title='bbox 630 580 737 619; x_wconf 88' lang='lat' dir='ltr'>quae</span> <span class='ocrx_word' id='word_1_62' title='bbox 772 573 906 618; x_wconf 80' lang='lat' dir='ltr'>potest</span> <span class='ocrx_word' id='word_1_63' title='bbox 933 566 1113 605; x_wconf 88' lang='lat' dir='ltr'>incidere</span> <span class='ocrx_word' id='word_1_64' title='bbox 1136 567 1315 618; x_wconf 86' lang='lat' dir='ltr'>sapiens,</span> <span class='ocrx_word' id='word_1_65' title='bbox 1348 567 1578 619; x_wconf 84' lang='lat' dir='ltr'>sapientem</span> <span class='ocrx_word' id='word_1_66' title='bbox 1602 579 1798 606; x_wconf 85' lang='lat' dir='ltr'>essenon</span> <span class='ocrx_word' id='word_1_67' title='bbox 1823 566 1921 604; x_wconf 86' lang='lat' dir='ltr'>satis</span> 
     </span>
     <span class='ocr_line' id='line_1_8' title="bbox 160 626 1921 680; baseline 0.001 -15"><span class='ocrx_word' id='word_1_68' title='bbox 160 640 250 665; x_wconf 87' lang='lat' dir='ltr'>esse</span> <span class='ocrx_word' id='word_1_69' title='bbox 282 626 332 664; x_wconf 89' lang='lat' dir='ltr'>ad</span> <span class='ocrx_word' id='word_1_70' title='bbox 370 627 487 667; x_wconf 87' lang='lat' dir='ltr'>beate</span> <span class='ocrx_word' id='word_1_71' title='bbox 522 628 755 667; x_wconf 82' lang='lat' dir='ltr'>vivendum.</span> <span class='ocrx_word' id='word_1_72' title='bbox 819 630 945 667; x_wconf 88' lang='lat' dir='ltr'>lmmo</span> <span class='ocrx_word' id='word_1_73' title='bbox 981 642 1098 671; x_wconf 69' lang='lat' dir='ltr'>xero,</span> <span class='ocrx_word' id='word_1_74' title='bbox 1141 628 1300 680; x_wconf 88' lang='lat' dir='ltr'>iuquit,</span> <span class='ocrx_word' id='word_1_75' title='bbox 1340 630 1390 668; x_wconf 90' lang='lat' dir='ltr'>ad</span> <span class='ocrx_word' id='word_1_76' title='bbox 1424 631 1662 669; x_wconf 76' lang='lat' dir='ltr'>beatissime</span> <span class='ocrx_word' id='word_1_77' title='bbox 1697 627 1921 668; x_wconf 88' lang='lat' dir='ltr'>vivendum</span> 
     </span>
     <span class='ocr_line' id='line_1_9' title="bbox 158 690 1922 744; baseline 0.001 -17"><span class='ocrx_word' id='word_1_78' title='bbox 158 701 302 741; x_wconf 90' lang='lat' dir='ltr'>parum</span> <span class='ocrx_word' id='word_1_79' title='bbox 326 694 406 734; x_wconf 82' lang='lat' dir='ltr'>est,</span> <span class='ocrx_word' id='word_1_80' title='bbox 438 690 488 728; x_wconf 87' lang='lat' dir='ltr'>ad</span> <span class='ocrx_word' id='word_1_81' title='bbox 514 690 630 728; x_wconf 89' lang='lat' dir='ltr'>beate</span> <span class='ocrx_word' id='word_1_82' title='bbox 654 691 766 728; x_wconf 86' lang='lat' dir='ltr'>satis.</span> <span class='ocrx_word' id='word_1_83' title='bbox 804 691 1111 734; x_wconf 76' lang='lat' dir='ltr'>Animadverti,</span> <span class='ocrx_word' id='word_1_84' title='bbox 1145 690 1325 741; x_wconf 84' lang='lat' dir='ltr'>iuquam,</span> <span class='ocrx_word' id='word_1_85' title='bbox 1355 696 1394 729; x_wconf 87' lang='lat' dir='ltr'>te</span> <span class='ocrx_word' id='word_1_86' title='bbox 1429 692 1505 730; x_wconf 83' lang='lat' dir='ltr'>isto</span> <span class='ocrx_word' id='word_1_87' title='bbox 1532 692 1654 730; x_wconf 90' lang='lat' dir='ltr'>modo</span> <span class='ocrx_word' id='word_1_88' title='bbox 1679 691 1803 744; x_wconf 89' lang='lat' dir='ltr'>paulo</span> <span class='ocrx_word' id='word_1_89' title='bbox 1826 695 1922 729; x_wconf 88' lang='lat' dir='ltr'>ante</span> 
     </span>
     <span class='ocr_line' id='line_1_10' title="bbox 159 751 1921 807; baseline 0.003 -19"><span class='ocrx_word' id='word_1_90' title='bbox 159 764 310 804; x_wconf 87' lang='lat' dir='ltr'>ponere</span> <span class='ocrx_word' id='word_1_91' title='bbox 343 758 383 790; x_wconf 87' lang='lat' dir='ltr'>et</span> <span class='ocrx_word' id='word_1_92' title='bbox 415 753 499 790; x_wconf 86' lang='lat' dir='ltr'>scio</span> <span class='ocrx_word' id='word_1_93' title='bbox 534 752 583 790; x_wconf 88' lang='lat' dir='ltr'>ab</span> <span class='ocrx_word' id='word_1_94' title='bbox 616 752 821 790; x_wconf 74' lang='lat' dir='ltr'>Antiocho</span> <span class='ocrx_word' id='word_1_95' title='bbox 855 758 996 790; x_wconf 91' lang='lat' dir='ltr'>nostro</span> <span class='ocrx_word' id='word_1_96' title='bbox 1029 751 1107 789; x_wconf 86' lang='lat' dir='ltr'>dici</span> <span class='ocrx_word' id='word_1_97' title='bbox 1141 752 1198 790; x_wconf 81' lang='lat' dir='ltr'>sic</span> <span class='ocrx_word' id='word_1_98' title='bbox 1231 753 1378 791; x_wconf 83' lang='lat' dir='ltr'>solere.</span> <span class='ocrx_word' id='word_1_99' title='bbox 1432 753 1513 791; x_wconf 86' lang='lat' dir='ltr'>Sed</span> <span class='ocrx_word' id='word_1_100' title='bbox 1547 754 1646 806; x_wconf 88' lang='lat' dir='ltr'>qnid</span> <span class='ocrx_word' id='word_1_101' title='bbox 1672 755 1806 793; x_wconf 90' lang='lat' dir='ltr'>minus</span> <span class='ocrx_word' id='word_1_102' title='bbox 1830 767 1921 807; x_wconf 90' lang='lat' dir='ltr'>pro-</span> 
     </span>
     <span class='ocr_line' id='line_1_11' title="bbox 157 812 1973 866; baseline 0.002 -15"><span class='ocrx_word' id='word_1_103' title='bbox 157 812 335 852; x_wconf 89' lang='lat' dir='ltr'>bandum</span> <span class='ocrx_word' id='word_1_104' title='bbox 369 827 491 866; x_wconf 89' lang='lat' dir='ltr'>quam</span> <span class='ocrx_word' id='word_1_105' title='bbox 526 827 616 852; x_wconf 83' lang='lat' dir='ltr'>esse</span> <span class='ocrx_word' id='word_1_106' title='bbox 647 813 828 866; x_wconf 80' lang='lat' dir='ltr'>aliquem</span> <span class='ocrx_word' id='word_1_107' title='bbox 862 814 1026 852; x_wconf 88' lang='lat' dir='ltr'>beatum</span> <span class='ocrx_word' id='word_1_108' title='bbox 1061 827 1135 851; x_wconf 87' lang='lat' dir='ltr'>uec</span> <span class='ocrx_word' id='word_1_109' title='bbox 1160 815 1258 853; x_wconf 84' lang='lat' dir='ltr'>satis</span> <span class='ocrx_word' id='word_1_110' title='bbox 1283 815 1447 855; x_wconf 87' lang='lat' dir='ltr'>beatum</span> <span class='ocrx_word' id='word_1_111' title='bbox 1464 819 1480 854; x_wconf 69' lang='grc' dir='ltr'>ζ’</span> <span class='ocrx_word' id='word_1_112' title='bbox 1514 816 1636 863; x_wconf 90' lang='lat' dir='ltr'>Quod</span> <span class='ocrx_word' id='word_1_113' title='bbox 1660 823 1797 856; x_wconf 88' lang='lat' dir='ltr'>antem</span> <span class='ocrx_word' id='word_1_114' title='bbox 1821 817 1921 855; x_wconf 87' lang='lat' dir='ltr'>satis</span> <span class='ocrx_word' id='word_1_115' title='bbox 1942 828 1973 855; x_wconf 67' lang='grc' dir='ltr'>ιο</span> 
     </span>
     <span class='ocr_line' id='line_1_12' title="bbox 158 875 1920 928; baseline 0.002 -14"><span class='ocrx_word' id='word_1_116' title='bbox 158 880 238 921; x_wconf 88' lang='lat' dir='ltr'>est,</span> <span class='ocrx_word' id='word_1_117' title='bbox 282 888 330 914; x_wconf 90' lang='lat' dir='ltr'>eo</span> <span class='ocrx_word' id='word_1_118' title='bbox 364 875 566 928; x_wconf 88' lang='lat' dir='ltr'>quicquid</span> <span class='ocrx_word' id='word_1_119' title='bbox 608 876 846 921; x_wconf 67' lang='lat' dir='ltr'>accesserit,</span> <span class='ocrx_word' id='word_1_120' title='bbox 890 876 1062 914; x_wconf 89' lang='lat' dir='ltr'>nimium</span> <span class='ocrx_word' id='word_1_121' title='bbox 1096 881 1180 914; x_wconf 87' lang='lat' dir='ltr'>est:</span> <span class='ocrx_word' id='word_1_122' title='bbox 1225 882 1263 915; x_wconf 88' lang='lat' dir='ltr'>et</span> <span class='ocrx_word' id='word_1_123' title='bbox 1296 890 1416 915; x_wconf 89' lang='lat' dir='ltr'>nemo</span> <span class='ocrx_word' id='word_1_124' title='bbox 1450 878 1622 916; x_wconf 91' lang='lat' dir='ltr'>nimium</span> <span class='ocrx_word' id='word_1_125' title='bbox 1658 879 1802 918; x_wconf 87' lang='lat' dir='ltr'>beatus</span> <span class='ocrx_word' id='word_1_126' title='bbox 1836 883 1920 917; x_wconf 87' lang='lat' dir='ltr'>est:</span> 
     </span>
     <span class='ocr_line' id='line_1_13' title="bbox 157 936 1920 993; baseline 0.002 -17"><span class='ocrx_word' id='word_1_127' title='bbox 157 938 185 988; x_wconf 56' lang='grc' dir='ltr'>ἦ·</span> <span class='ocrx_word' id='word_1_128' title='bbox 217 944 253 977; x_wconf 91' lang='lat' dir='ltr'>et</span> <span class='ocrx_word' id='word_1_129' title='bbox 289 952 410 976; x_wconf 87' lang='lat' dir='ltr'>nemo</span> <span class='ocrx_word' id='word_1_130' title='bbox 442 938 562 976; x_wconf 87' lang='lat' dir='ltr'>beato</span> <span class='ocrx_word' id='word_1_131' title='bbox 596 938 765 976; x_wconf 85' lang='lat' dir='ltr'>beatior.</span> <span class='ocrx_word' id='word_1_132' title='bbox 827 936 892 976; x_wconf 70' lang='lat'>82.</span> <span class='ocrx_word' id='word_1_133' title='bbox 926 938 1055 986; x_wconf 61' lang='lat' dir='ltr'>Ergo,</span> <span class='ocrx_word' id='word_1_134' title='bbox 1098 937 1256 989; x_wconf 86' lang='lat' dir='ltr'>iuquit,</span> <span class='ocrx_word' id='word_1_135' title='bbox 1303 938 1375 977; x_wconf 90' lang='lat' dir='ltr'>tibi</span> <span class='ocrx_word' id='word_1_136' title='bbox 1413 939 1460 986; x_wconf 88' lang='lat' dir='ltr'>Q.</span> <span class='ocrx_word' id='word_1_137' title='bbox 1495 940 1710 987; x_wconf 78' lang='lat' dir='ltr'>Metellus,</span> <span class='ocrx_word' id='word_1_138' title='bbox 1744 941 1814 993; x_wconf 87' lang='lat' dir='ltr'>qui</span> <span class='ocrx_word' id='word_1_139' title='bbox 1849 940 1920 979; x_wconf 89' lang='lat' dir='ltr'>tris</span> 
     </span>
     <span class='ocr_line' id='line_1_14' title="bbox 156 999 1921 1054; baseline 0 -14"><span class='ocrx_word' id='word_1_140' title='bbox 156 999 261 1040; x_wconf 83' lang='lat' dir='ltr'>tilios</span> <span class='ocrx_word' id='word_1_141' title='bbox 294 999 487 1038; x_wconf 87' lang='lat' dir='ltr'>consules</span> <span class='ocrx_word' id='word_1_142' title='bbox 522 1000 638 1045; x_wconf 74' lang='lat' dir='ltr'>vidit,</span> <span class='ocrx_word' id='word_1_143' title='bbox 672 1013 692 1037; x_wconf 89' lang='lat' dir='ltr'>e</span> <span class='ocrx_word' id='word_1_144' title='bbox 725 1000 874 1051; x_wconf 88' lang='lat' dir='ltr'>quibus</span> <span class='ocrx_word' id='word_1_145' title='bbox 907 1014 1031 1038; x_wconf 93' lang='lat' dir='ltr'>unum</span> <span class='ocrx_word' id='word_1_146' title='bbox 1066 999 1187 1038; x_wconf 91' lang='lat' dir='ltr'>etiam</span> <span class='ocrx_word' id='word_1_147' title='bbox 1219 1006 1257 1038; x_wconf 86' lang='lat' dir='ltr'>et</span> <span class='ocrx_word' id='word_1_148' title='bbox 1281 1014 1496 1040; x_wconf 77' lang='lat' dir='ltr'>censorem</span> <span class='ocrx_word' id='word_1_149' title='bbox 1520 1008 1559 1040; x_wconf 92' lang='lat' dir='ltr'>et</span> <span class='ocrx_word' id='word_1_150' title='bbox 1584 1002 1921 1054; x_wconf 84' lang='lat' dir='ltr'>triumphantem,</span> 
     </span>
     <span class='ocr_line' id='line_1_15' title="bbox 156 1062 1922 1117; baseline 0.001 -15"><span class='ocrx_word' id='word_1_151' title='bbox 156 1068 347 1116; x_wconf 91' lang='lat' dir='ltr'>quartum</span> <span class='ocrx_word' id='word_1_152' title='bbox 381 1070 518 1101; x_wconf 90' lang='lat' dir='ltr'>autem</span> <span class='ocrx_word' id='word_1_153' title='bbox 552 1068 806 1115; x_wconf 86' lang='lat' dir='ltr'>praetorem,</span> <span class='ocrx_word' id='word_1_154' title='bbox 850 1076 1007 1115; x_wconf 85' lang='lat' dir='ltr'>eosque</span> <span class='ocrx_word' id='word_1_155' title='bbox 1047 1062 1183 1101; x_wconf 86' lang='lat' dir='ltr'>salvos</span> <span class='ocrx_word' id='word_1_156' title='bbox 1225 1062 1395 1114; x_wconf 90' lang='lat' dir='ltr'>reliquit</span> <span class='ocrx_word' id='word_1_157' title='bbox 1437 1069 1475 1102; x_wconf 90' lang='lat' dir='ltr'>et</span> <span class='ocrx_word' id='word_1_158' title='bbox 1517 1064 1587 1103; x_wconf 88' lang='lat' dir='ltr'>tris</span> <span class='ocrx_word' id='word_1_159' title='bbox 1620 1062 1724 1103; x_wconf 78' lang='lat' dir='ltr'>filias</span> <span class='ocrx_word' id='word_1_160' title='bbox 1757 1070 1922 1117; x_wconf 88' lang='lat' dir='ltr'>nuptas,</span> 
     </span>
     <span class='ocr_line' id='line_1_16' title="bbox 155 1123 1972 1178; baseline 0.001 -14"><span class='ocrx_word' id='word_1_161' title='bbox 155 1139 244 1165; x_wconf 91' lang='lat' dir='ltr'>cum</span> <span class='ocrx_word' id='word_1_162' title='bbox 278 1125 366 1177; x_wconf 89' lang='lat' dir='ltr'>ipse</span> <span class='ocrx_word' id='word_1_163' title='bbox 399 1124 564 1170; x_wconf 90' lang='lat' dir='ltr'>consul,</span> <span class='ocrx_word' id='word_1_164' title='bbox 597 1138 762 1171; x_wconf 88' lang='lat' dir='ltr'>censor,</span> <span class='ocrx_word' id='word_1_165' title='bbox 794 1137 927 1176; x_wconf 79' lang='lat' dir='ltr'>augur</span> <span class='ocrx_word' id='word_1_166' title='bbox 947 1124 1093 1163; x_wconf 86' lang='lat' dir='ltr'>fuisset</span> <span class='ocrx_word' id='word_1_167' title='bbox 1116 1129 1156 1163; x_wconf 87' lang='lat' dir='ltr'>et</span> <span class='ocrx_word' id='word_1_168' title='bbox 1177 1123 1495 1175; x_wconf 78' lang='lat' dir='ltr'>triumphasset,</span> <span class='ocrx_word' id='word_1_169' title='bbox 1531 1132 1573 1164; x_wconf 90' lang='lat' dir='ltr'>ut</span> <span class='ocrx_word' id='word_1_170' title='bbox 1595 1126 1762 1178; x_wconf 89' lang='lat' dir='ltr'>sapiens</span> <span class='ocrx_word' id='word_1_171' title='bbox 1784 1125 1920 1171; x_wconf 86' lang='lat' dir='ltr'>fuerit,</span> <span class='ocrx_word' id='word_1_172' title='bbox 1940 1138 1972 1166; x_wconf 74' lang='lat'>15</span> 
     </span>
     <span class='ocr_line' id='line_1_17' title="bbox 153 1186 1919 1240; baseline 0 -13"><span class='ocrx_word' id='word_1_173' title='bbox 153 1201 293 1228; x_wconf 91' lang='lat' dir='ltr'>nonne</span> <span class='ocrx_word' id='word_1_174' title='bbox 333 1187 492 1226; x_wconf 88' lang='lat' dir='ltr'>beatior</span> <span class='ocrx_word' id='word_1_175' title='bbox 532 1200 680 1239; x_wconf 88' lang='lat' dir='ltr'>qnam,</span> <span class='ocrx_word' id='word_1_176' title='bbox 722 1193 765 1226; x_wconf 91' lang='lat' dir='ltr'>ut</span> <span class='ocrx_word' id='word_1_177' title='bbox 809 1187 905 1226; x_wconf 89' lang='lat' dir='ltr'>item</span> <span class='ocrx_word' id='word_1_178' title='bbox 939 1187 1107 1239; x_wconf 87' lang='lat' dir='ltr'>sapiens</span> <span class='ocrx_word' id='word_1_179' title='bbox 1140 1186 1286 1232; x_wconf 88' lang='lat' dir='ltr'>fuerit,</span> <span class='ocrx_word' id='word_1_180' title='bbox 1328 1187 1399 1239; x_wconf 90' lang='lat' dir='ltr'>qni</span> <span class='ocrx_word' id='word_1_181' title='bbox 1433 1187 1473 1225; x_wconf 91' lang='lat' dir='ltr'>in</span> <span class='ocrx_word' id='word_1_182' title='bbox 1507 1193 1710 1240; x_wconf 86' lang='lat' dir='ltr'>potestate</span> <span class='ocrx_word' id='word_1_183' title='bbox 1741 1187 1919 1227; x_wconf 87' lang='lat' dir='ltr'>hostium</span> 
     </span>
     <span class='ocr_line' id='line_1_18' title="bbox 154 1248 1115 1302; baseline -0.002 -13"><span class='ocrx_word' id='word_1_184' title='bbox 154 1249 307 1302; x_wconf 84' lang='lat' dir='ltr'>vigitiis</span> <span class='ocrx_word' id='word_1_185' title='bbox 340 1255 379 1287; x_wconf 91' lang='lat' dir='ltr'>et</span> <span class='ocrx_word' id='word_1_186' title='bbox 411 1248 551 1287; x_wconf 88' lang='lat' dir='ltr'>inedia</span> <span class='ocrx_word' id='word_1_187' title='bbox 583 1255 754 1288; x_wconf 89' lang='lat' dir='ltr'>necatus</span> <span class='ocrx_word' id='word_1_188' title='bbox 788 1255 870 1296; x_wconf 89' lang='lat' dir='ltr'>est,</span> <span class='ocrx_word' id='word_1_189' title='bbox 903 1249 1115 1301; x_wconf 79' lang='lat' dir='ltr'>Regulus?</span> 
     </span>
    </p>

    <p class='ocr_par' dir='ltr' id='par_1_3' title="bbox 145 1310 1975 2488">
     <span class='ocr_line' id='line_1_19' title="bbox 265 1310 1923 1365; baseline 0.001 -15"><span class='ocrx_word' id='word_1_190' title='bbox 265 1312 457 1351; x_wconf 74' lang='lat' dir='ltr'>xxvltl.</span> <span class='ocrx_word' id='word_1_191' title='bbox 489 1310 554 1350; x_wconf 69' lang='lat'>823.</span> <span class='ocrx_word' id='word_1_192' title='bbox 588 1312 696 1359; x_wconf 85' lang='lat' dir='ltr'>Quid</span> <span class='ocrx_word' id='word_1_193' title='bbox 722 1325 785 1351; x_wconf 92' lang='lat' dir='ltr'>me</span> <span class='ocrx_word' id='word_1_194' title='bbox 807 1312 932 1358; x_wconf 87' lang='lat' dir='ltr'>istud,</span> <span class='ocrx_word' id='word_1_195' title='bbox 963 1312 1149 1363; x_wconf 90' lang='lat' dir='ltr'>inquam,</span> <span class='ocrx_word' id='word_1_196' title='bbox 1182 1312 1333 1362; x_wconf 80' lang='lat' dir='ltr'>rogas?</span> <span class='ocrx_word' id='word_1_197' title='bbox 1367 1311 1530 1350; x_wconf 88' lang='lat' dir='ltr'>Stoicos</span> <span class='ocrx_word' id='word_1_198' title='bbox 1553 1325 1666 1364; x_wconf 82' lang='lat' dir='ltr'>roga.</span> <span class='ocrx_word' id='word_1_199' title='bbox 1710 1312 1820 1361; x_wconf 90' lang='lat' dir='ltr'>Quid</span> <span class='ocrx_word' id='word_1_200' title='bbox 1848 1314 1923 1365; x_wconf 83' lang='lat' dir='ltr'>igi-</span> 
     </span>
     <span class='ocr_line' id='line_1_20' title="bbox 154 1373 1921 1428; baseline -0.001 -13"><span class='ocrx_word' id='word_1_201' title='bbox 154 1382 231 1422; x_wconf 87' lang='lat' dir='ltr'>tur,</span> <span class='ocrx_word' id='word_1_202' title='bbox 262 1375 422 1427; x_wconf 80' lang='lat' dir='ltr'>inquit,</span> <span class='ocrx_word' id='word_1_203' title='bbox 455 1388 525 1413; x_wconf 87' lang='lat' dir='ltr'>eos</span> <span class='ocrx_word' id='word_1_204' title='bbox 552 1388 830 1426; x_wconf 83' lang='lat' dir='ltr'>responsuros</span> <span class='ocrx_word' id='word_1_205' title='bbox 860 1376 1011 1427; x_wconf 75' lang='lat' dir='ltr'>putas?</span> <span class='ocrx_word' id='word_1_206' title='bbox 1044 1373 1174 1412; x_wconf 89' lang='lat' dir='ltr'>nihilo</span> <span class='ocrx_word' id='word_1_207' title='bbox 1196 1373 1424 1412; x_wconf 86' lang='lat' dir='ltr'>beatiorem</span> <span class='ocrx_word' id='word_1_208' title='bbox 1448 1386 1538 1413; x_wconf 86' lang='lat' dir='ltr'>esse</span> <span class='ocrx_word' id='word_1_209' title='bbox 1562 1375 1774 1414; x_wconf 86' lang='lat' dir='ltr'>Metellum</span> <span class='ocrx_word' id='word_1_210' title='bbox 1798 1389 1921 1428; x_wconf 90' lang='lat' dir='ltr'>quam</span> 
     </span>
     <span class='ocr_line' id='line_1_21' title="bbox 152 1436 1975 1491; baseline 0.001 -15"><span class='ocrx_word' id='word_1_211' title='bbox 152 1437 371 1490; x_wconf 83' lang='lat' dir='ltr'>Regulum.</span> <span class='ocrx_word' id='word_1_212' title='bbox 424 1437 523 1476; x_wconf 90' lang='lat' dir='ltr'>Inde</span> <span class='ocrx_word' id='word_1_213' title='bbox 556 1437 702 1488; x_wconf 84' lang='lat' dir='ltr'>igitur,</span> <span class='ocrx_word' id='word_1_214' title='bbox 746 1437 901 1490; x_wconf 87' lang='lat' dir='ltr'>inquit,</span> <span class='ocrx_word' id='word_1_215' title='bbox 941 1436 1190 1476; x_wconf 89' lang='lat' dir='ltr'>ordiendum</span> <span class='ocrx_word' id='word_1_216' title='bbox 1224 1443 1297 1476; x_wconf 88' lang='lat' dir='ltr'>est.</span> <span class='ocrx_word' id='word_1_217' title='bbox 1350 1439 1506 1477; x_wconf 89' lang='lat' dir='ltr'>Tamen</span> <span class='ocrx_word' id='word_1_218' title='bbox 1537 1452 1559 1478; x_wconf 89' lang='lat' dir='ltr'>a</span> <span class='ocrx_word' id='word_1_219' title='bbox 1591 1438 1829 1491; x_wconf 87' lang='lat' dir='ltr'>proposito,</span> <span class='ocrx_word' id='word_1_220' title='bbox 1860 1438 1923 1476; x_wconf 83' lang='lat' dir='ltr'>in·</span> <span class='ocrx_word' id='word_1_221' title='bbox 1939 1450 1975 1478; x_wconf 66' lang='grc' dir='ltr'>ΞΟ</span> 
     </span>
     <span class='ocr_line' id='line_1_22' title="bbox 153 1499 1921 1554; baseline 0.001 -15"><span class='ocrx_word' id='word_1_222' title='bbox 153 1513 299 1553; x_wconf 90' lang='lat' dir='ltr'>quam,</span> <span class='ocrx_word' id='word_1_223' title='bbox 339 1499 602 1544; x_wconf 87' lang='lat' dir='ltr'>aberramus;</span> <span class='ocrx_word' id='word_1_224' title='bbox 648 1511 729 1537; x_wconf 92' lang='lat' dir='ltr'>uon</span> <span class='ocrx_word' id='word_1_225' title='bbox 772 1499 884 1537; x_wconf 90' lang='lat' dir='ltr'>enim</span> <span class='ocrx_word' id='word_1_226' title='bbox 933 1513 1113 1552; x_wconf 84' lang='lat' dir='ltr'>quaero,</span> <span class='ocrx_word' id='word_1_227' title='bbox 1162 1500 1262 1553; x_wconf 90' lang='lat' dir='ltr'>quid</span> <span class='ocrx_word' id='word_1_228' title='bbox 1305 1514 1466 1547; x_wconf 89' lang='lat' dir='ltr'>verum,</span> <span class='ocrx_word' id='word_1_229' title='bbox 1510 1501 1583 1540; x_wconf 89' lang='lat' dir='ltr'>sed</span> <span class='ocrx_word' id='word_1_230' title='bbox 1625 1501 1724 1554; x_wconf 91' lang='lat' dir='ltr'>quid</span> <span class='ocrx_word' id='word_1_231' title='bbox 1768 1501 1921 1554; x_wconf 85' lang='lat' dir='ltr'>cuique</span> 
     </span>
     <span class='ocr_line' id='line_1_23' title="bbox 153 1560 1922 1614; baseline 0 -12"><span class='ocrx_word' id='word_1_232' title='bbox 153 1561 376 1602; x_wconf 81' lang='lat' dir='ltr'>dicendum</span> <span class='ocrx_word' id='word_1_233' title='bbox 410 1562 474 1601; x_wconf 90' lang='lat' dir='ltr'>sit.</span> <span class='ocrx_word' id='word_1_234' title='bbox 527 1561 687 1600; x_wconf 89' lang='lat' dir='ltr'>Utinam</span> <span class='ocrx_word' id='word_1_235' title='bbox 721 1560 891 1614; x_wconf 91' lang='lat' dir='ltr'>quidem</span> <span class='ocrx_word' id='word_1_236' title='bbox 925 1561 1110 1601; x_wconf 85' lang='lat' dir='ltr'>dicerent</span> <span class='ocrx_word' id='word_1_237' title='bbox 1132 1561 1259 1601; x_wconf 88' lang='lat' dir='ltr'>alium</span> <span class='ocrx_word' id='word_1_238' title='bbox 1281 1561 1363 1601; x_wconf 92' lang='lat' dir='ltr'>alio</span> <span class='ocrx_word' id='word_1_239' title='bbox 1386 1561 1640 1602; x_wconf 80' lang='lat' dir='ltr'>beatiorem!</span> <span class='ocrx_word' id='word_1_240' title='bbox 1676 1563 1757 1602; x_wconf 89' lang='lat' dir='ltr'>iam</span> <span class='ocrx_word' id='word_1_241' title='bbox 1779 1563 1922 1602; x_wconf 87' lang='lat' dir='ltr'>ruinas</span> 
     </span>
     <span class='ocr_line' id='line_1_24' title="bbox 152 1623 1922 1677; baseline 0 -13"><span class='ocrx_word' id='word_1_242' title='bbox 152 1625 329 1665; x_wconf 78' lang='lat' dir='ltr'>videres.</span> <span class='ocrx_word' id='word_1_243' title='bbox 391 1624 435 1662; x_wconf 92' lang='lat' dir='ltr'>In</span> <span class='ocrx_word' id='word_1_244' title='bbox 476 1623 626 1662; x_wconf 86' lang='lat' dir='ltr'>virtute</span> <span class='ocrx_word' id='word_1_245' title='bbox 669 1624 779 1662; x_wconf 87' lang='lat' dir='ltr'>enim</span> <span class='ocrx_word' id='word_1_246' title='bbox 812 1624 899 1663; x_wconf 87' lang='lat' dir='ltr'>sola</span> <span class='ocrx_word' id='word_1_247' title='bbox 933 1629 972 1663; x_wconf 90' lang='lat' dir='ltr'>et</span> <span class='ocrx_word' id='word_1_248' title='bbox 1008 1625 1050 1663; x_wconf 93' lang='lat' dir='ltr'>in</span> <span class='ocrx_word' id='word_1_249' title='bbox 1081 1625 1174 1677; x_wconf 88' lang='lat' dir='ltr'>ipso</span> <span class='ocrx_word' id='word_1_250' title='bbox 1205 1624 1384 1664; x_wconf 89' lang='lat' dir='ltr'>honesto</span> <span class='ocrx_word' id='word_1_251' title='bbox 1418 1638 1511 1664; x_wconf 90' lang='lat' dir='ltr'>cum</span> <span class='ocrx_word' id='word_1_252' title='bbox 1543 1626 1595 1665; x_wconf 90' lang='lat' dir='ltr'>sit</span> <span class='ocrx_word' id='word_1_253' title='bbox 1624 1625 1778 1664; x_wconf 89' lang='lat' dir='ltr'>bonum</span> <span class='ocrx_word' id='word_1_254' title='bbox 1809 1624 1922 1677; x_wconf 90' lang='lat' dir='ltr'>posi-</span> 
     </span>
     <span class='ocr_line' id='line_1_25' title="bbox 152 1686 1921 1740; baseline -0.002 -12"><span class='ocrx_word' id='word_1_255' title='bbox 152 1694 258 1734; x_wconf 87' lang='lat' dir='ltr'>tum,</span> <span class='ocrx_word' id='word_1_256' title='bbox 300 1700 479 1740; x_wconf 88' lang='lat' dir='ltr'>cumque</span> <span class='ocrx_word' id='word_1_257' title='bbox 521 1699 595 1726; x_wconf 90' lang='lat' dir='ltr'>nec</span> <span class='ocrx_word' id='word_1_258' title='bbox 637 1687 785 1733; x_wconf 81' lang='lat' dir='ltr'>virtus,</span> <span class='ocrx_word' id='word_1_259' title='bbox 825 1692 870 1725; x_wconf 90' lang='lat' dir='ltr'>ut</span> <span class='ocrx_word' id='word_1_260' title='bbox 910 1686 1047 1739; x_wconf 88' lang='lat' dir='ltr'>placet</span> <span class='ocrx_word' id='word_1_261' title='bbox 1078 1687 1179 1733; x_wconf 89' lang='lat' dir='ltr'>illis,</span> <span class='ocrx_word' id='word_1_262' title='bbox 1213 1700 1289 1726; x_wconf 88' lang='lat' dir='ltr'>nec</span> <span class='ocrx_word' id='word_1_263' title='bbox 1322 1687 1542 1726; x_wconf 89' lang='lat' dir='ltr'>honestum</span> <span class='ocrx_word' id='word_1_264' title='bbox 1574 1694 1754 1734; x_wconf 88' lang='lat' dir='ltr'>crescat,</span> <span class='ocrx_word' id='word_1_265' title='bbox 1791 1687 1921 1740; x_wconf 89' lang='lat' dir='ltr'>idque</span> 
     </span>
     <span class='ocr_line' id='line_1_26' title="bbox 152 1748 1970 1802; baseline -0.002 -13"><span class='ocrx_word' id='word_1_266' title='bbox 152 1751 307 1790; x_wconf 89' lang='lat' dir='ltr'>bonum</span> <span class='ocrx_word' id='word_1_267' title='bbox 340 1750 474 1789; x_wconf 89' lang='lat' dir='ltr'>solum</span> <span class='ocrx_word' id='word_1_268' title='bbox 517 1750 588 1795; x_wconf 83' lang='lat' dir='ltr'>sit,</span> <span class='ocrx_word' id='word_1_269' title='bbox 631 1763 714 1802; x_wconf 87' lang='lat' dir='ltr'>quo</span> <span class='ocrx_word' id='word_1_270' title='bbox 748 1749 819 1802; x_wconf 89' lang='lat' dir='ltr'>qui</span> <span class='ocrx_word' id='word_1_271' title='bbox 852 1749 1036 1801; x_wconf 89' lang='lat' dir='ltr'>potiatur</span> <span class='ocrx_word' id='word_1_272' title='bbox 1067 1762 1237 1788; x_wconf 88' lang='lat' dir='ltr'>necesse</span> <span class='ocrx_word' id='word_1_273' title='bbox 1269 1755 1331 1787; x_wconf 88' lang='lat' dir='ltr'>est</span> <span class='ocrx_word' id='word_1_274' title='bbox 1362 1748 1510 1789; x_wconf 85' lang='lat' dir='ltr'>beatus</span> <span class='ocrx_word' id='word_1_275' title='bbox 1542 1750 1614 1797; x_wconf 90' lang='lat' dir='ltr'>sit,</span> <span class='ocrx_word' id='word_1_276' title='bbox 1656 1764 1747 1789; x_wconf 84' lang='lat' dir='ltr'>cum</span> <span class='ocrx_word' id='word_1_277' title='bbox 1779 1749 1920 1801; x_wconf 85' lang='lat' dir='ltr'>augeri</span> <span class='ocrx_word' id='word_1_278' title='bbox 1934 1760 1970 1790; x_wconf 70' lang='lat'>25</span> 
     </span>
     <span class='ocr_line' id='line_1_27' title="bbox 152 1810 1921 1865; baseline -0.001 -14"><span class='ocrx_word' id='word_1_279' title='bbox 152 1813 193 1851; x_wconf 93' lang='lat' dir='ltr'>id</span> <span class='ocrx_word' id='word_1_280' title='bbox 234 1826 318 1852; x_wconf 91' lang='lat' dir='ltr'>non</span> <span class='ocrx_word' id='word_1_281' title='bbox 362 1812 511 1864; x_wconf 80' lang='lat' dir='ltr'>possit,</span> <span class='ocrx_word' id='word_1_282' title='bbox 556 1811 596 1850; x_wconf 92' lang='lat' dir='ltr'>in</span> <span class='ocrx_word' id='word_1_283' title='bbox 641 1824 725 1864; x_wconf 91' lang='lat' dir='ltr'>qno</span> <span class='ocrx_word' id='word_1_284' title='bbox 767 1824 850 1849; x_wconf 90' lang='lat' dir='ltr'>uno</span> <span class='ocrx_word' id='word_1_285' title='bbox 890 1810 1070 1863; x_wconf 88' lang='lat' dir='ltr'>positum</span> <span class='ocrx_word' id='word_1_286' title='bbox 1113 1816 1172 1849; x_wconf 88' lang='lat' dir='ltr'>est</span> <span class='ocrx_word' id='word_1_287' title='bbox 1203 1811 1370 1850; x_wconf 91' lang='lat' dir='ltr'>beatum</span> <span class='ocrx_word' id='word_1_288' title='bbox 1403 1825 1515 1858; x_wconf 88' lang='lat' dir='ltr'>esse,</span> <span class='ocrx_word' id='word_1_289' title='bbox 1557 1813 1628 1865; x_wconf 90' lang='lat' dir='ltr'>qui</span> <span class='ocrx_word' id='word_1_290' title='bbox 1660 1817 1798 1864; x_wconf 89' lang='lat' dir='ltr'>potest</span> <span class='ocrx_word' id='word_1_291' title='bbox 1829 1825 1921 1851; x_wconf 89' lang='lat' dir='ltr'>esse</span> 
     </span>
     <span class='ocr_line' id='line_1_28' title="bbox 153 1872 1921 1927; baseline -0.001 -14"><span class='ocrx_word' id='word_1_292' title='bbox 153 1874 374 1927; x_wconf 87' lang='lat' dir='ltr'>quisquam</span> <span class='ocrx_word' id='word_1_293' title='bbox 419 1874 525 1912; x_wconf 88' lang='lat' dir='ltr'>alius</span> <span class='ocrx_word' id='word_1_294' title='bbox 568 1874 648 1913; x_wconf 91' lang='lat' dir='ltr'>alio</span> <span class='ocrx_word' id='word_1_295' title='bbox 684 1873 870 1912; x_wconf 73' lang='lat' dir='ltr'>beatior?</span> <span class='ocrx_word' id='word_1_296' title='bbox 924 1872 1127 1918; x_wconf 77' lang='lat' dir='ltr'>Videsne,</span> <span class='ocrx_word' id='word_1_297' title='bbox 1170 1878 1214 1912; x_wconf 85' lang='lat' dir='ltr'>ut</span> <span class='ocrx_word' id='word_1_298' title='bbox 1244 1873 1346 1912; x_wconf 85' lang='lat' dir='ltr'>haec</span> <span class='ocrx_word' id='word_1_299' title='bbox 1380 1874 1630 1913; x_wconf 75' lang='lat' dir='ltr'>concinant?</span> <span class='ocrx_word' id='word_1_300' title='bbox 1671 1875 1723 1913; x_wconf 91' lang='lat' dir='ltr'>Et</span> <span class='ocrx_word' id='word_1_301' title='bbox 1753 1874 1921 1913; x_wconf 83' lang='lat' dir='ltr'>hercule</span> 
     </span>
     <span class='ocr_line' id='line_1_29' title="bbox 150 1935 1921 1988; baseline 0 -13"><span class='ocrx_word' id='word_1_302' title='bbox 150 1958 204 1965; x_wconf 89' lang='lat'>—</span> <span class='ocrx_word' id='word_1_303' title='bbox 235 1936 448 1976; x_wconf 87' lang='lat' dir='ltr'>fatendum</span> <span class='ocrx_word' id='word_1_304' title='bbox 483 1942 543 1975; x_wconf 88' lang='lat' dir='ltr'>est</span> <span class='ocrx_word' id='word_1_305' title='bbox 578 1936 687 1974; x_wconf 88' lang='lat' dir='ltr'>enim</span> <span class='ocrx_word' id='word_1_306' title='bbox 721 1936 831 1988; x_wconf 90' lang='lat' dir='ltr'>quod</span> <span class='ocrx_word' id='word_1_307' title='bbox 866 1936 999 1975; x_wconf 89' lang='lat' dir='ltr'>sentio</span> <span class='ocrx_word' id='word_1_308' title='bbox 1029 1958 1077 1963; x_wconf 95' lang='lat'>—</span> <span class='ocrx_word' id='word_1_309' title='bbox 1111 1935 1311 1974; x_wconf 81' lang='lat' dir='ltr'>mirabilis</span> <span class='ocrx_word' id='word_1_310' title='bbox 1344 1941 1405 1975; x_wconf 89' lang='lat' dir='ltr'>est</span> <span class='ocrx_word' id='word_1_311' title='bbox 1437 1935 1548 1988; x_wconf 87' lang='lat' dir='ltr'>apud</span> <span class='ocrx_word' id='word_1_312' title='bbox 1581 1936 1676 1976; x_wconf 91' lang='lat' dir='ltr'>illos</span> <span class='ocrx_word' id='word_1_313' title='bbox 1699 1941 1921 1976; x_wconf 80' lang='lat' dir='ltr'>contextus</span> 
     </span>
     <span class='ocr_line' id='line_1_30' title="bbox 148 1996 1921 2052; baseline -0.001 -14"><span class='ocrx_word' id='word_1_314' title='bbox 148 2013 298 2038; x_wconf 88' lang='lat' dir='ltr'>rerum.</span> <span class='ocrx_word' id='word_1_315' title='bbox 350 1999 619 2052; x_wconf 86' lang='lat' dir='ltr'>Respondent</span> <span class='ocrx_word' id='word_1_316' title='bbox 660 2004 847 2037; x_wconf 81' lang='lat' dir='ltr'>extrema</span> <span class='ocrx_word' id='word_1_317' title='bbox 888 1997 1055 2049; x_wconf 89' lang='lat' dir='ltr'>primis,</span> <span class='ocrx_word' id='word_1_318' title='bbox 1100 1996 1238 2036; x_wconf 87' lang='lat' dir='ltr'>media</span> <span class='ocrx_word' id='word_1_319' title='bbox 1279 1998 1490 2051; x_wconf 81' lang='lat' dir='ltr'>utrisque,</span> <span class='ocrx_word' id='word_1_320' title='bbox 1532 1998 1673 2037; x_wconf 85' lang='lat' dir='ltr'>omnia</span> <span class='ocrx_word' id='word_1_321' title='bbox 1704 1998 1921 2045; x_wconf 77' lang='lat' dir='ltr'>0m11ibus;</span> 
     </span>
     <span class='ocr_line' id='line_1_31' title="bbox 149 2060 1971 2115; baseline 0.001 -15"><span class='ocrx_word' id='word_1_322' title='bbox 149 2061 249 2115; x_wconf 89' lang='lat' dir='ltr'>quid</span> <span class='ocrx_word' id='word_1_323' title='bbox 291 2067 515 2114; x_wconf 85' lang='lat' dir='ltr'>sequatur,</span> <span class='ocrx_word' id='word_1_324' title='bbox 557 2060 656 2114; x_wconf 89' lang='lat' dir='ltr'>quid</span> <span class='ocrx_word' id='word_1_325' title='bbox 689 2067 917 2112; x_wconf 83' lang='lat' dir='ltr'>repugnet,</span> <span class='ocrx_word' id='word_1_326' title='bbox 959 2060 1114 2099; x_wconf 84' lang='lat' dir='ltr'>vident.</span> <span class='ocrx_word' id='word_1_327' title='bbox 1178 2060 1227 2099; x_wconf 92' lang='lat' dir='ltr'>Ut</span> <span class='ocrx_word' id='word_1_328' title='bbox 1260 2061 1298 2099; x_wconf 89' lang='lat' dir='ltr'>in</span> <span class='ocrx_word' id='word_1_329' title='bbox 1333 2060 1583 2112; x_wconf 85' lang='lat' dir='ltr'>geometria,</span> <span class='ocrx_word' id='word_1_330' title='bbox 1624 2061 1754 2113; x_wconf 85' lang='lat' dir='ltr'>prima</span> <span class='ocrx_word' id='word_1_331' title='bbox 1785 2062 1818 2101; x_wconf 88' lang='lat' dir='ltr'>si</span> <span class='ocrx_word' id='word_1_332' title='bbox 1852 2062 1971 2101; x_wconf 90' lang='lat' dir='ltr'>de-30</span> 
     </span>
     <span class='ocr_line' id='line_1_32' title="bbox 148 2115 1956 2177; baseline 0 -15"><span class='ocrx_word' id='word_1_333' title='bbox 148 2124 280 2170; x_wconf 89' lang='lat' dir='ltr'>deris,</span> <span class='ocrx_word' id='word_1_334' title='bbox 324 2123 461 2162; x_wconf 87' lang='lat' dir='ltr'>danda</span> <span class='ocrx_word' id='word_1_335' title='bbox 503 2129 597 2162; x_wconf 89' lang='lat' dir='ltr'>suut</span> <span class='ocrx_word' id='word_1_336' title='bbox 630 2123 796 2162; x_wconf 88' lang='lat' dir='ltr'>onmia:</span> <span class='ocrx_word' id='word_1_337' title='bbox 841 2122 1023 2162; x_wconf 87' lang='lat' dir='ltr'>concede</span> <span class='ocrx_word' id='word_1_338' title='bbox 1055 2122 1158 2161; x_wconf 92' lang='lat' dir='ltr'>nihil</span> <span class='ocrx_word' id='word_1_339' title='bbox 1192 2136 1284 2162; x_wconf 87' lang='lat' dir='ltr'>esse</span> <span class='ocrx_word' id='word_1_340' title='bbox 1316 2123 1496 2170; x_wconf 83' lang='lat' dir='ltr'>bonurn,</span> <span class='ocrx_word' id='word_1_341' title='bbox 1534 2124 1613 2163; x_wconf 87' lang='lat' dir='ltr'>nisi</span> <span class='ocrx_word' id='word_1_342' title='bbox 1646 2124 1759 2177; x_wconf 91' lang='lat' dir='ltr'>quod</span> <span class='ocrx_word' id='word_1_343' title='bbox 1790 2124 1921 2164; x_wconf 89' lang='lat' dir='ltr'>hone-</span> <span class='ocrx_word' id='word_1_344' title='bbox 1952 2115 1956 2122; x_wconf 68' lang='grc'>’</span> 
     </span>
     <span class='ocr_line' id='line_1_33' title="bbox 148 2185 1919 2237; baseline -0.001 -12"><span class='ocrx_word' id='word_1_345' title='bbox 148 2191 257 2225; x_wconf 86' lang='lat' dir='ltr'>stum</span> <span class='ocrx_word' id='word_1_346' title='bbox 296 2185 374 2231; x_wconf 88' lang='lat' dir='ltr'>sit,</span> <span class='ocrx_word' id='word_1_347' title='bbox 419 2186 733 2225; x_wconf 89' lang='lat' dir='ltr'>concedendum</span> <span class='ocrx_word' id='word_1_348' title='bbox 767 2191 829 2224; x_wconf 89' lang='lat' dir='ltr'>est</span> <span class='ocrx_word' id='word_1_349' title='bbox 861 2185 901 2224; x_wconf 88' lang='lat' dir='ltr'>in</span> <span class='ocrx_word' id='word_1_350' title='bbox 938 2186 1088 2224; x_wconf 80' lang='lat' dir='ltr'>virtute</span> <span class='ocrx_word' id='word_1_351' title='bbox 1121 2199 1199 2224; x_wconf 79' lang='lat' dir='ltr'>esse</span> <span class='ocrx_word' id='word_1_352' title='bbox 1231 2185 1410 2237; x_wconf 90' lang='lat' dir='ltr'>positam</span> <span class='ocrx_word' id='word_1_353' title='bbox 1442 2187 1564 2226; x_wconf 79' lang='lat' dir='ltr'>vitam</span> <span class='ocrx_word' id='word_1_354' title='bbox 1587 2187 1763 2226; x_wconf 87' lang='lat' dir='ltr'>beatam.</span> <span class='ocrx_word' id='word_1_355' title='bbox 1816 2186 1919 2225; x_wconf 88' lang='lat' dir='ltr'>Vide</span> 
     </span>
     <span class='ocr_line' id='line_1_34' title="bbox 148 2247 1918 2302; baseline 0.001 -15"><span class='ocrx_word' id='word_1_356' title='bbox 148 2262 288 2288; x_wconf 90' lang='lat' dir='ltr'>rursus</span> <span class='ocrx_word' id='word_1_357' title='bbox 336 2254 459 2287; x_wconf 86' lang='lat' dir='ltr'>retro.</span> <span class='ocrx_word' id='word_1_358' title='bbox 523 2249 628 2287; x_wconf 91' lang='lat' dir='ltr'>Dato</span> <span class='ocrx_word' id='word_1_359' title='bbox 675 2248 778 2294; x_wconf 91' lang='lat' dir='ltr'>hoc,</span> <span class='ocrx_word' id='word_1_360' title='bbox 824 2247 1007 2287; x_wconf 88' lang='lat' dir='ltr'>dandum</span> <span class='ocrx_word' id='word_1_361' title='bbox 1055 2253 1115 2286; x_wconf 88' lang='lat' dir='ltr'>est</span> <span class='ocrx_word' id='word_1_362' title='bbox 1168 2248 1300 2287; x_wconf 86' lang='lat' dir='ltr'>illud:</span> <span class='ocrx_word' id='word_1_363' title='bbox 1350 2249 1462 2302; x_wconf 91' lang='lat' dir='ltr'>quod</span> <span class='ocrx_word' id='word_1_364' title='bbox 1506 2250 1629 2289; x_wconf 85' lang='lat' dir='ltr'>vestri</span> <span class='ocrx_word' id='word_1_365' title='bbox 1676 2264 1757 2289; x_wconf 92' lang='lat' dir='ltr'>non</span> <span class='ocrx_word' id='word_1_366' title='bbox 1807 2251 1918 2289; x_wconf 84' lang='lat' dir='ltr'>item.</span> 
     </span>
     <span class='ocr_line' id='line_1_35' title="bbox 147 2308 1918 2363; baseline 0.002 -15"><span class='ocrx_word' id='word_1_367' title='bbox 147 2308 213 2348; x_wconf 71' lang='lat'>84.</span> <span class='ocrx_word' id='word_1_368' title='bbox 249 2310 370 2349; x_wconf 85' lang='lat' dir='ltr'>«Tria</span> <span class='ocrx_word' id='word_1_369' title='bbox 401 2323 553 2362; x_wconf 86' lang='lat' dir='ltr'>genera</span> <span class='ocrx_word' id='word_1_370' title='bbox 585 2310 853 2349; x_wconf 77' lang='lat' dir='ltr'>bonorumn:</span> <span class='ocrx_word' id='word_1_371' title='bbox 886 2310 1059 2363; x_wconf 79' lang='lat' dir='ltr'>proclivi</span> <span class='ocrx_word' id='word_1_372' title='bbox 1092 2311 1219 2350; x_wconf 87' lang='lat' dir='ltr'>currit</span> <span class='ocrx_word' id='word_1_373' title='bbox 1251 2311 1404 2350; x_wconf 85' lang='lat' dir='ltr'>oratio:</span> <span class='ocrx_word' id='word_1_374' title='bbox 1448 2312 1558 2350; x_wconf 86' lang='lat' dir='ltr'>venit</span> <span class='ocrx_word' id='word_1_375' title='bbox 1589 2311 1640 2350; x_wconf 86' lang='lat' dir='ltr'>ad</span> <span class='ocrx_word' id='word_1_376' title='bbox 1673 2318 1918 2359; x_wconf 75' lang='lat' dir='ltr'>extremum,</span> 
     </span>
     <span class='ocr_line' id='line_1_36' title="bbox 145 2372 1967 2426; baseline 0 -14"><span class='ocrx_word' id='word_1_377' title='bbox 145 2373 289 2412; x_wconf 86' lang='lat' dir='ltr'>haeret</span> <span class='ocrx_word' id='word_1_378' title='bbox 320 2373 361 2411; x_wconf 93' lang='lat' dir='ltr'>in</span> <span class='ocrx_word' id='word_1_379' title='bbox 394 2373 577 2419; x_wconf 80' lang='lat' dir='ltr'>salebra3</span> <span class='ocrx_word' id='word_1_380' title='bbox 610 2374 726 2425; x_wconf 89' lang='lat' dir='ltr'>cupit</span> <span class='ocrx_word' id='word_1_381' title='bbox 757 2373 865 2411; x_wconf 83' lang='lat' dir='ltr'>enim</span> <span class='ocrx_word' id='word_1_382' title='bbox 901 2372 1037 2412; x_wconf 83' lang='lat' dir='ltr'>dicere</span> <span class='ocrx_word' id='word_1_383' title='bbox 1082 2373 1184 2412; x_wconf 90' lang='lat' dir='ltr'>nihil</span> <span class='ocrx_word' id='word_1_384' title='bbox 1211 2388 1334 2426; x_wconf 88' lang='lat' dir='ltr'>posse</span> <span class='ocrx_word' id='word_1_385' title='bbox 1365 2375 1416 2413; x_wconf 90' lang='lat' dir='ltr'>ad</span> <span class='ocrx_word' id='word_1_386' title='bbox 1440 2375 1601 2414; x_wconf 87' lang='lat' dir='ltr'>beatam</span> <span class='ocrx_word' id='word_1_387' title='bbox 1623 2375 1749 2414; x_wconf 88' lang='lat' dir='ltr'>vitam</span> <span class='ocrx_word' id='word_1_388' title='bbox 1772 2374 1917 2413; x_wconf 87' lang='lat' dir='ltr'>deesse</span> <span class='ocrx_word' id='word_1_389' title='bbox 1932 2384 1967 2412; x_wconf 88' lang='lat'>35</span> 
     </span>
     <span class='ocr_line' id='line_1_37' title="bbox 146 2434 1917 2488; baseline 0.001 -14"><span class='ocrx_word' id='word_1_390' title='bbox 146 2436 336 2488; x_wconf 88' lang='lat' dir='ltr'>sapienti.</span> <span class='ocrx_word' id='word_1_391' title='bbox 388 2436 573 2474; x_wconf 88' lang='lat' dir='ltr'>Honesta</span> <span class='ocrx_word' id='word_1_392' title='bbox 606 2435 757 2481; x_wconf 88' lang='lat' dir='ltr'>oratio,</span> <span class='ocrx_word' id='word_1_393' title='bbox 800 2434 1028 2481; x_wconf 84' lang='lat' dir='ltr'>Socratica,</span> <span class='ocrx_word' id='word_1_394' title='bbox 1070 2435 1253 2475; x_wconf 87' lang='lat' dir='ltr'>Platonis</span> <span class='ocrx_word' id='word_1_395' title='bbox 1286 2436 1422 2475; x_wconf 89' lang='lat' dir='ltr'>etiam.</span> <span class='ocrx_word' id='word_1_396' title='bbox 1481 2436 1626 2476; x_wconf 85' lang='lat' dir='ltr'>Audeo</span> <span class='ocrx_word' id='word_1_397' title='bbox 1660 2436 1819 2482; x_wconf 87' lang='lat' dir='ltr'>dicere,</span> <span class='ocrx_word' id='word_1_398' title='bbox 1856 2436 1917 2475; x_wconf 90' lang='lat' dir='ltr'>in-</span> 
     </span>
    </p>
   </div>
   <div class='ocr_carea' id='block_1_3' title="bbox 144 2609 1920 3298">
    <p class='ocr_par' dir='ltr' id='par_1_4' title="bbox 144 2609 1920 3298">
     <span class='ocr_line' id='line_1_38' title="bbox 145 2609 1915 2650; baseline 0 -10"><span class='ocrx_word' id='word_1_399' title='bbox 145 2611 238 2649; x_wconf 78' lang='lat' dir='ltr'>agat,</span> <span class='ocrx_word' id='word_1_400' title='bbox 267 2610 419 2640; x_wconf 80' lang='lat' dir='ltr'>nescio.»</span> <span class='ocrx_word' id='word_1_401' title='bbox 446 2610 590 2640; x_wconf 54' lang='lat' dir='ltr'>Msnwo.</span> <span class='ocrx_word' id='word_1_402' title='bbox 622 2627 655 2630; x_wconf 70' lang='lat'>——</span> <span class='ocrx_word' id='word_1_403' title='bbox 685 2609 718 2648; x_wconf 81' lang='lat' dir='ltr'>ii]</span> <span class='ocrx_word' id='word_1_404' title='bbox 743 2610 784 2647; x_wconf 73' lang='lat' dir='ltr'>hy</span> <span class='ocrx_word' id='word_1_405' title='bbox 813 2610 854 2641; x_wconf 83' lang='lat' dir='ltr'>B:</span> <span class='ocrx_word' id='word_1_406' title='bbox 881 2618 950 2640; x_wconf 83' lang='lat' dir='ltr'>om.</span> <span class='ocrx_word' id='word_1_407' title='bbox 975 2611 999 2640; x_wconf 88' lang='lat' dir='ltr'><em>O</em></span> <span class='ocrx_word' id='word_1_408' title='bbox 1028 2627 1060 2631; x_wconf 84' lang='lat'><em>—</em></span> <span class='ocrx_word' id='word_1_409' title='bbox 1090 2611 1120 2641; x_wconf 70' lang='lat'>2.</span> <span class='ocrx_word' id='word_1_410' title='bbox 1147 2611 1293 2640; x_wconf 76' lang='lat' dir='ltr'>omnium</span> <span class='ocrx_word' id='word_1_411' title='bbox 1317 2610 1416 2643; x_wconf 76' lang='lat' dir='ltr'>bona.</span> <span class='ocrx_word' id='word_1_412' title='bbox 1444 2612 1681 2650; x_wconf 75' lang='lat' dir='ltr'>deformitatem</span> <span class='ocrx_word' id='word_1_413' title='bbox 1708 2610 1915 2642; x_wconf 86' lang='lat' dir='ltr'>Lambinus:</span> 
     </span>
     <span class='ocr_line' id='line_1_39' title="bbox 144 2659 1919 2701; baseline 0 -11"><span class='ocrx_word' id='word_1_414' title='bbox 144 2660 289 2690; x_wconf 74' lang='lat' dir='ltr'>omnium</span> <span class='ocrx_word' id='word_1_415' title='bbox 319 2659 557 2698; x_wconf 73' lang='lat' dir='ltr'>deformitatem</span> <span class='ocrx_word' id='word_1_416' title='bbox 589 2659 712 2693; x_wconf 69' lang='lat' dir='ltr'>codd:</span> <span class='ocrx_word' id='word_1_417' title='bbox 750 2660 919 2690; x_wconf 79' lang='lat' dir='ltr'>omnium:</span> <span class='ocrx_word' id='word_1_418' title='bbox 956 2662 976 2699; x_wconf 53' lang='grc' dir='ltr'><em>ἢ</em></span> <span class='ocrx_word' id='word_1_419' title='bbox 1001 2659 1240 2697; x_wconf 76' lang='lat' dir='ltr'>deforuu‘tatem</span> <span class='ocrx_word' id='word_1_420' title='bbox 1272 2660 1296 2689; x_wconf 95' lang='lat' dir='ltr'>O</span> <span class='ocrx_word' id='word_1_421' title='bbox 1335 2677 1368 2680; x_wconf 95' lang='lat'><strong>—</strong></span> <span class='ocrx_word' id='word_1_422' title='bbox 1409 2661 1439 2690; x_wconf 84' lang='lat'>3.</span> <span class='ocrx_word' id='word_1_423' title='bbox 1468 2661 1607 2701; x_wconf 70' lang='lat' dir='ltr'>quidem]</span> <span class='ocrx_word' id='word_1_424' title='bbox 1643 2661 1720 2700; x_wconf 77' lang='lat' dir='ltr'>quid</span> <span class='ocrx_word' id='word_1_425' title='bbox 1752 2660 1774 2690; x_wconf 86' lang='grc' dir='ltr'>Β</span> <span class='ocrx_word' id='word_1_426' title='bbox 1806 2678 1836 2681; x_wconf 70' lang='lat'><em>—</em></span> <span class='ocrx_word' id='word_1_427' title='bbox 1866 2660 1919 2690; x_wconf 84' lang='lat' dir='ltr'>sed</span> 
     </span>
     <span class='ocr_line' id='line_1_40' title="bbox 144 2709 1920 2750; baseline 0.001 -11"><span class='ocrx_word' id='word_1_428' title='bbox 144 2711 165 2750; x_wconf 52' lang='grc' dir='ltr'><em>ἦ</em></span> <span class='ocrx_word' id='word_1_429' title='bbox 188 2709 267 2739; x_wconf 84' lang='lat' dir='ltr'>haec</span> <span class='ocrx_word' id='word_1_430' title='bbox 291 2710 315 2739; x_wconf 94' lang='lat' dir='ltr'><strong>O</strong></span> <span class='ocrx_word' id='word_1_431' title='bbox 345 2727 377 2730; x_wconf 34' lang='grc' dir='ltr'>ψ-</span> <span class='ocrx_word' id='word_1_432' title='bbox 405 2710 435 2739; x_wconf 75' lang='lat'>5.</span> <span class='ocrx_word' id='word_1_433' title='bbox 464 2718 512 2738; x_wconf 84' lang='lat' dir='ltr'>me</span> <span class='ocrx_word' id='word_1_434' title='bbox 537 2709 614 2738; x_wconf 72' lang='lat' dir='ltr'>nihil</span> <span class='ocrx_word' id='word_1_435' title='bbox 638 2710 764 2739; x_wconf 80' lang='lat' dir='ltr'>dicere:</span> <span class='ocrx_word' id='word_1_436' title='bbox 790 2710 869 2739; x_wconf 79' lang='lat' dir='ltr'>illud</span> <span class='ocrx_word' id='word_1_437' title='bbox 893 2709 1019 2746; x_wconf 75' lang='lat' dir='ltr'>dicere,</span> <span class='ocrx_word' id='word_1_438' title='bbox 1047 2709 1072 2738; x_wconf 74' lang='lat' dir='ltr'>si</span> <span class='ocrx_word' id='word_1_439' title='bbox 1099 2709 1310 2748; x_wconf 61' lang='lat' dir='ltr'>Madvigius:</span> <span class='ocrx_word' id='word_1_440' title='bbox 1341 2719 1389 2740; x_wconf 85' lang='lat' dir='ltr'>me</span> <span class='ocrx_word' id='word_1_441' title='bbox 1412 2710 1493 2740; x_wconf 77' lang='lat' dir='ltr'>nihil</span> <span class='ocrx_word' id='word_1_442' title='bbox 1517 2710 1623 2741; x_wconf 81' lang='lat' dir='ltr'>dicere</span> <span class='ocrx_word' id='word_1_443' title='bbox 1647 2711 1672 2741; x_wconf 79' lang='lat' dir='ltr'>si</span> <span class='ocrx_word' id='word_1_444' title='bbox 1698 2711 1739 2740; x_wconf 83' lang='lat' dir='ltr'>B:</span> <span class='ocrx_word' id='word_1_445' title='bbox 1767 2719 1816 2740; x_wconf 82' lang='lat' dir='ltr'>me</span> <span class='ocrx_word' id='word_1_446' title='bbox 1839 2710 1920 2740; x_wconf 77' lang='lat' dir='ltr'>nihil</span> 
     </span>
     <span class='ocr_line' id='line_1_41' title="bbox 145 2757 1915 2798; baseline -0.001 -9"><span class='ocrx_word' id='word_1_447' title='bbox 145 2759 249 2790; x_wconf 78' lang='lat' dir='ltr'>dicere</span> <span class='ocrx_word' id='word_1_448' title='bbox 272 2760 326 2789; x_wconf 83' lang='lat' dir='ltr'>sed</span> <span class='ocrx_word' id='word_1_449' title='bbox 349 2759 375 2788; x_wconf 81' lang='lat' dir='ltr'>si</span> <span class='ocrx_word' id='word_1_450' title='bbox 399 2760 442 2788; x_wconf 83' lang='lat' dir='ltr'>G:</span> <span class='ocrx_word' id='word_1_451' title='bbox 469 2767 519 2789; x_wconf 84' lang='lat' dir='ltr'>me</span> <span class='ocrx_word' id='word_1_452' title='bbox 545 2757 644 2798; x_wconf 68' lang='lat' dir='ltr'>[nihil]</span> <span class='ocrx_word' id='word_1_453' title='bbox 672 2759 798 2789; x_wconf 78' lang='lat' dir='ltr'>dicere:</span> <span class='ocrx_word' id='word_1_454' title='bbox 823 2759 850 2789; x_wconf 78' lang='lat' dir='ltr'>si</span> <span class='ocrx_word' id='word_1_455' title='bbox 868 2760 891 2787; x_wconf 83' lang='lat'>0</span> <span class='ocrx_word' id='word_1_456' title='bbox 914 2777 947 2780; x_wconf 97' lang='lat'><strong>—</strong></span> <span class='ocrx_word' id='word_1_457' title='bbox 975 2759 1004 2789; x_wconf 79' lang='lat' dir='ltr'>ti.</span> <span class='ocrx_word' id='word_1_458' title='bbox 1024 2758 1109 2798; x_wconf 67' lang='lat' dir='ltr'>sunt]</span> <span class='ocrx_word' id='word_1_459' title='bbox 1138 2758 1212 2789; x_wconf 85' lang='lat' dir='ltr'>sort.</span> <span class='ocrx_word' id='word_1_460' title='bbox 1232 2759 1296 2788; x_wconf 59' lang='lat' dir='ltr'>sinc</span> <span class='ocrx_word' id='word_1_461' title='bbox 1315 2775 1347 2779; x_wconf 85' lang='lat'>-</span> <span class='ocrx_word' id='word_1_462' title='bbox 1377 2760 1457 2788; x_wconf 71' lang='lat' dir='ltr'>satis</span> <span class='ocrx_word' id='word_1_463' title='bbox 1482 2768 1546 2790; x_wconf 82' lang='lat' dir='ltr'>esse</span> <span class='ocrx_word' id='word_1_464' title='bbox 1569 2760 1612 2789; x_wconf 87' lang='lat' dir='ltr'>ad</span> <span class='ocrx_word' id='word_1_465' title='bbox 1636 2758 1663 2788; x_wconf 81' lang='lat' dir='ltr'>b.</span> <span class='ocrx_word' id='word_1_466' title='bbox 1687 2759 1862 2789; x_wconf 79' lang='lat' dir='ltr'>uiuendum</span> <span class='ocrx_word' id='word_1_467' title='bbox 1878 2760 1915 2790; x_wconf 88' lang='lat' dir='ltr'>B:</span> 
     </span>
     <span class='ocr_line' id='line_1_42' title="bbox 144 2807 1915 2849; baseline 0.001 -10"><span class='ocrx_word' id='word_1_468' title='bbox 144 2817 209 2839; x_wconf 87' lang='lat' dir='ltr'>esse</span> <span class='ocrx_word' id='word_1_469' title='bbox 225 2809 268 2839; x_wconf 81' lang='lat' dir='ltr'>ad</span> <span class='ocrx_word' id='word_1_470' title='bbox 285 2809 311 2838; x_wconf 84' lang='lat' dir='ltr'>b.</span> <span class='ocrx_word' id='word_1_471' title='bbox 331 2818 362 2839; x_wconf 86' lang='lat' dir='ltr'>v.</span> <span class='ocrx_word' id='word_1_472' title='bbox 382 2809 462 2839; x_wconf 76' lang='lat' dir='ltr'>satis</span> <span class='ocrx_word' id='word_1_473' title='bbox 478 2808 542 2839; x_wconf 77' lang='grc' dir='ltr'>ΜΟ</span> <span class='ocrx_word' id='word_1_474' title='bbox 563 2825 596 2830; x_wconf 81' lang='lat'>—-</span> <span class='ocrx_word' id='word_1_475' title='bbox 617 2808 647 2838; x_wconf 84' lang='lat'>8.</span> <span class='ocrx_word' id='word_1_476' title='bbox 668 2808 756 2838; x_wconf 80' lang='lat' dir='ltr'>beate</span> <span class='ocrx_word' id='word_1_477' title='bbox 773 2809 816 2838; x_wconf 86' lang='grc' dir='ltr'>Β;</span> <span class='ocrx_word' id='word_1_478' title='bbox 845 2808 934 2839; x_wconf 81' lang='lat' dir='ltr'>beate</span> <span class='ocrx_word' id='word_1_479' title='bbox 952 2817 1026 2838; x_wconf 67' lang='lat' dir='ltr'>cero</span> <span class='ocrx_word' id='word_1_480' title='bbox 1046 2807 1148 2839; x_wconf 81' lang='lat' dir='ltr'>codd.</span> <span class='ocrx_word' id='word_1_481' title='bbox 1170 2808 1380 2839; x_wconf 82' lang='lat' dir='ltr'>deteriores:</span> <span class='ocrx_word' id='word_1_482' title='bbox 1403 2808 1492 2839; x_wconf 69' lang='lat' dir='ltr'>beate</span> <span class='ocrx_word' id='word_1_483' title='bbox 1509 2808 1607 2849; x_wconf 72' lang='lat' dir='ltr'>[vero]</span> <span class='ocrx_word' id='word_1_484' title='bbox 1627 2810 1651 2840; x_wconf 94' lang='lat' dir='ltr'><strong>O</strong></span> <span class='ocrx_word' id='word_1_485' title='bbox 1672 2827 1705 2830; x_wconf 97' lang='lat'><strong>—</strong></span> <span class='ocrx_word' id='word_1_486' title='bbox 1729 2810 1758 2839; x_wconf 79' lang='lat'>9.</span> <span class='ocrx_word' id='word_1_487' title='bbox 1778 2811 1866 2840; x_wconf 76' lang='lat' dir='ltr'>Ante</span> <span class='ocrx_word' id='word_1_488' title='bbox 1885 2818 1915 2840; x_wconf 66' lang='lat' dir='ltr'>v.</span> 
     </span>
     <span class='ocr_line' id='line_1_43' title="bbox 145 2858 1918 2896; baseline 0.001 -8"><span class='ocrx_word' id='word_1_489' title='bbox 145 2858 206 2888; x_wconf 80' lang='lat' dir='ltr'>dici</span> <span class='ocrx_word' id='word_1_490' title='bbox 225 2859 257 2889; x_wconf 91' lang='lat' dir='ltr'>in</span> <span class='ocrx_word' id='word_1_491' title='bbox 276 2858 299 2888; x_wconf 77' lang='grc' dir='ltr'>Ε</span> <span class='ocrx_word' id='word_1_492' title='bbox 318 2860 396 2888; x_wconf 86' lang='lat' dir='ltr'>nota</span> <span class='ocrx_word' id='word_1_493' title='bbox 415 2860 467 2888; x_wconf 79' lang='lat' dir='ltr'>est</span> <span class='ocrx_word' id='word_1_494' title='bbox 485 2858 617 2888; x_wconf 83' lang='lat' dir='ltr'>incerta</span> <span class='ocrx_word' id='word_1_495' title='bbox 638 2860 719 2892; x_wconf 76' lang='lat' dir='ltr'>(non</span> <span class='ocrx_word' id='word_1_496' title='bbox 738 2862 775 2895; x_wconf 53' lang='lat' dir='ltr'>et,</span> <span class='ocrx_word' id='word_1_497' title='bbox 801 2875 832 2879; x_wconf 90' lang='lat'>—</span> <span class='ocrx_word' id='word_1_498' title='bbox 858 2858 943 2896; x_wconf 73' lang='lat' dir='ltr'>quod</span> <span class='ocrx_word' id='word_1_499' title='bbox 968 2859 1074 2888; x_wconf 78' lang='lat' dir='ltr'>minus</span> <span class='ocrx_word' id='word_1_500' title='bbox 1092 2859 1113 2888; x_wconf 90' lang='grc' dir='ltr'>Β</span> <span class='ocrx_word' id='word_1_501' title='bbox 1129 2858 1152 2888; x_wconf 80' lang='grc' dir='ltr'>Ε</span> <span class='ocrx_word' id='word_1_502' title='bbox 1174 2875 1208 2880; x_wconf 91' lang='lat'>·—</span> <span class='ocrx_word' id='word_1_503' title='bbox 1234 2859 1283 2888; x_wconf 70' lang='lat'>40.</span> <span class='ocrx_word' id='word_1_504' title='bbox 1306 2867 1362 2887; x_wconf 81' lang='lat' dir='ltr'>nec</span> <span class='ocrx_word' id='word_1_505' title='bbox 1379 2859 1458 2888; x_wconf 78' lang='lat' dir='ltr'>satis</span> <span class='ocrx_word' id='word_1_506' title='bbox 1475 2858 1603 2889; x_wconf 78' lang='lat' dir='ltr'>beatum</span> <span class='ocrx_word' id='word_1_507' title='bbox 1622 2868 1692 2890; x_wconf 90' lang='lat' dir='ltr'>om.</span> <span class='ocrx_word' id='word_1_508' title='bbox 1712 2859 1735 2889; x_wconf 91' lang='lat' dir='ltr'>B</span> <span class='ocrx_word' id='word_1_509' title='bbox 1758 2877 1791 2880; x_wconf 96' lang='lat'><strong>—</strong></span> <span class='ocrx_word' id='word_1_510' title='bbox 1820 2860 1870 2889; x_wconf 65' lang='lat'>1¹2.</span> <span class='ocrx_word' id='word_1_511' title='bbox 1891 2862 1918 2889; x_wconf 82' lang='lat' dir='ltr'>et</span> 
     </span>
     <span class='ocr_line' id='line_1_44' title="bbox 144 2907 1917 2947; baseline 0.001 -10"><span class='ocrx_word' id='word_1_512' title='bbox 144 2916 236 2938; x_wconf 80' lang='lat' dir='ltr'>nemo</span> <span class='ocrx_word' id='word_1_513' title='bbox 261 2907 363 2947; x_wconf 75' lang='lat' dir='ltr'>beato]</span> <span class='ocrx_word' id='word_1_514' title='bbox 389 2916 481 2938; x_wconf 78' lang='lat' dir='ltr'>nemo</span> <span class='ocrx_word' id='word_1_515' title='bbox 505 2916 582 2947; x_wconf 62' lang='lat' dir='ltr'>crgo</span> <span class='ocrx_word' id='word_1_516' title='bbox 607 2908 699 2938; x_wconf 78' lang='lat' dir='ltr'>beato</span> <span class='ocrx_word' id='word_1_517' title='bbox 725 2908 914 2947; x_wconf 54' lang='lat' dir='ltr'>Madx&#39;igius</span> <span class='ocrx_word' id='word_1_518' title='bbox 941 2908 974 2938; x_wconf 89' lang='lat' dir='ltr'>in</span> <span class='ocrx_word' id='word_1_519' title='bbox 1001 2909 1275 2939; x_wconf 77' lang='lat' dir='ltr'>comment-arlo:</span> <span class='ocrx_word' id='word_1_520' title='bbox 1303 2911 1330 2938; x_wconf 83' lang='lat' dir='ltr'>et</span> <span class='ocrx_word' id='word_1_521' title='bbox 1356 2907 1483 2939; x_wconf 68' lang='lat' dir='ltr'>delevit</span> <span class='ocrx_word' id='word_1_522' title='bbox 1509 2909 1667 2940; x_wconf 82' lang='lat' dir='ltr'>Kernius.</span> <span class='ocrx_word' id='word_1_523' title='bbox 1695 2908 1812 2940; x_wconf 81' lang='lat' dir='ltr'>Mendi</span> <span class='ocrx_word' id='word_1_524' title='bbox 1838 2910 1917 2938; x_wconf 84' lang='lat' dir='ltr'>nota</span> 
     </span>
     <span class='ocr_line' id='line_1_45' title="bbox 146 2957 1915 2998; baseline 0.001 -10"><span class='ocrx_word' id='word_1_525' title='bbox 146 2957 245 2988; x_wconf 81' lang='lat' dir='ltr'>abest</span> <span class='ocrx_word' id='word_1_526' title='bbox 271 2957 314 2987; x_wconf 85' lang='lat' dir='ltr'>al)</span> <span class='ocrx_word' id='word_1_527' title='bbox 341 2958 364 2987; x_wconf 93' lang='lat' dir='ltr'>O</span> <span class='ocrx_word' id='word_1_528' title='bbox 393 2975 426 2979; x_wconf 88' lang='lat'>—</span> <span class='ocrx_word' id='word_1_529' title='bbox 455 2959 516 2987; x_wconf 73' lang='lat' dir='ltr'>tris</span> <span class='ocrx_word' id='word_1_530' title='bbox 539 2958 619 2988; x_wconf 84' lang='lat' dir='ltr'>BE:</span> <span class='ocrx_word' id='word_1_531' title='bbox 649 2962 713 2988; x_wconf 79' lang='lat' dir='ltr'>tres</span> <span class='ocrx_word' id='word_1_532' title='bbox 737 2958 760 2988; x_wconf 95' lang='lat' dir='ltr'>O</span> <span class='ocrx_word' id='word_1_533' title='bbox 784 2977 817 2980; x_wconf 76' lang='lat'>—</span> <span class='ocrx_word' id='word_1_534' title='bbox 846 2958 897 2988; x_wconf 75' lang='lat'>43.</span> <span class='ocrx_word' id='word_1_535' title='bbox 925 2957 1191 2998; x_wconf 76' lang='lat' dir='ltr'>triumphantem]</span> <span class='ocrx_word' id='word_1_536' title='bbox 1218 2958 1471 2997; x_wconf 76' lang='lat' dir='ltr'>triumphantem</span> <span class='ocrx_word' id='word_1_537' title='bbox 1496 2959 1576 2989; x_wconf 75' lang='lat' dir='ltr'>vidit</span> <span class='ocrx_word' id='word_1_538' title='bbox 1601 2960 1623 2990; x_wconf 82' lang='lat' dir='ltr'>B</span> <span class='ocrx_word' id='word_1_539' title='bbox 1651 2976 1684 2980; x_wconf 91' lang='lat'>—</span> <span class='ocrx_word' id='word_1_540' title='bbox 1714 2960 1765 2989; x_wconf 54' lang='lat'>2¹5.</span> <span class='ocrx_word' id='word_1_541' title='bbox 1793 2958 1915 2990; x_wconf 71' lang='lat' dir='ltr'>consul.</span> 
     </span>
     <span class='ocr_line' id='line_1_46' title="bbox 145 3007 1913 3048; baseline 0.001 -11"><span class='ocrx_word' id='word_1_542' title='bbox 145 3007 267 3047; x_wconf 80' lang='lat' dir='ltr'>censor]</span> <span class='ocrx_word' id='word_1_543' title='bbox 298 3015 412 3037; x_wconf 73' lang='lat' dir='ltr'>censor</span> <span class='ocrx_word' id='word_1_544' title='bbox 442 3008 552 3037; x_wconf 80' lang='lat' dir='ltr'>consul</span> <span class='ocrx_word' id='word_1_545' title='bbox 581 3010 658 3037; x_wconf 82' lang='lat' dir='ltr'>esset</span> <span class='ocrx_word' id='word_1_546' title='bbox 682 3007 706 3037; x_wconf 88' lang='lat' dir='ltr'>B</span> <span class='ocrx_word' id='word_1_547' title='bbox 735 3025 769 3029; x_wconf 86' lang='lat'><em>-</em></span> <span class='ocrx_word' id='word_1_548' title='bbox 798 3011 826 3037; x_wconf 84' lang='lat' dir='ltr'>et</span> <span class='ocrx_word' id='word_1_549' title='bbox 851 3016 919 3038; x_wconf 87' lang='lat' dir='ltr'>om.</span> <span class='ocrx_word' id='word_1_550' title='bbox 948 3008 971 3038; x_wconf 90' lang='lat' dir='ltr'>B</span> <span class='ocrx_word' id='word_1_551' title='bbox 1002 3026 1026 3028; x_wconf 62' lang='lat'>-›</span> <span class='ocrx_word' id='word_1_552' title='bbox 1063 3009 1115 3038; x_wconf 75' lang='lat'>48.</span> <span class='ocrx_word' id='word_1_553' title='bbox 1143 3008 1298 3045; x_wconf 74' lang='lat' dir='ltr'>inquam,</span> <span class='ocrx_word' id='word_1_554' title='bbox 1325 3016 1425 3047; x_wconf 69' lang='lat' dir='ltr'>royas</span> <span class='ocrx_word' id='word_1_555' title='bbox 1450 3008 1495 3038; x_wconf 88' lang='lat' dir='ltr'>B:</span> <span class='ocrx_word' id='word_1_556' title='bbox 1529 3017 1640 3048; x_wconf 65' lang='lat' dir='ltr'>rogas,</span> <span class='ocrx_word' id='word_1_557' title='bbox 1667 3010 1803 3047; x_wconf 81' lang='lat' dir='ltr'>inquam</span> <span class='ocrx_word' id='word_1_558' title='bbox 1827 3008 1852 3039; x_wconf 95' lang='lat' dir='ltr'>O</span> <span class='ocrx_word' id='word_1_559' title='bbox 1879 3025 1913 3029; x_wconf 70' lang='lat'>—</span> 
     </span>
     <span class='ocr_line' id='line_1_47' title="bbox 144 3056 1912 3098; baseline 0 -11"><span class='ocrx_word' id='word_1_560' title='bbox 144 3056 196 3087; x_wconf 67' lang='grc' dir='ltr'>ΞΟ.</span> <span class='ocrx_word' id='word_1_561' title='bbox 224 3057 415 3086; x_wconf 79' lang='lat' dir='ltr'>ordiendum</span> <span class='ocrx_word' id='word_1_562' title='bbox 442 3056 632 3095; x_wconf 67' lang='lat' dir='ltr'>Madvigius</span> <span class='ocrx_word' id='word_1_563' title='bbox 660 3057 708 3092; x_wconf 73' lang='lat' dir='ltr'>{in</span> <span class='ocrx_word' id='word_1_564' title='bbox 735 3058 1030 3095; x_wconf 57' lang='lat' dir='ltr'>commendarim:</span> <span class='ocrx_word' id='word_1_565' title='bbox 1064 3057 1264 3088; x_wconf 77' lang='lat' dir='ltr'>audiendum</span> <span class='ocrx_word' id='word_1_566' title='bbox 1291 3056 1393 3087; x_wconf 85' lang='lat' dir='ltr'>codd.</span> <span class='ocrx_word' id='word_1_567' title='bbox 1422 3059 1455 3087; x_wconf 86' lang='lat' dir='ltr'>et</span> <span class='ocrx_word' id='word_1_568' title='bbox 1480 3058 1522 3091; x_wconf 80' lang='lat' dir='ltr'>O:</span> <span class='ocrx_word' id='word_1_569' title='bbox 1549 3060 1571 3098; x_wconf 50' lang='grc' dir='ltr'><em>ἦ</em></span> <span class='ocrx_word' id='word_1_570' title='bbox 1596 3058 1795 3088; x_wconf 78' lang='lat' dir='ltr'>audiendum</span> <span class='ocrx_word' id='word_1_571' title='bbox 1822 3058 1850 3087; x_wconf 79' lang='lat' dir='ltr'>M</span> <span class='ocrx_word' id='word_1_572' title='bbox 1880 3074 1912 3077; x_wconf 81' lang='lat'>—</span> 
     </span>
     <span class='ocr_line' id='line_1_48' title="bbox 145 3095 1915 3147; baseline 0.001 -11"><span class='ocrx_word' id='word_1_573' title='bbox 145 3106 197 3136; x_wconf 70' lang='lat'>24.</span> <span class='ocrx_word' id='word_1_574' title='bbox 216 3106 300 3136; x_wconf 82' lang='lat' dir='ltr'>enim</span> <span class='ocrx_word' id='word_1_575' title='bbox 325 3114 449 3144; x_wconf 76' lang='lat' dir='ltr'>quaero</span> <span class='ocrx_word' id='word_1_576' title='bbox 467 3107 510 3136; x_wconf 80' lang='lat'>13:</span> <span class='ocrx_word' id='word_1_577' title='bbox 538 3107 634 3143; x_wconf 68' lang='lat' dir='ltr'>enim,</span> <span class='ocrx_word' id='word_1_578' title='bbox 661 3107 811 3144; x_wconf 77' lang='lat' dir='ltr'>inquam,</span> <span class='ocrx_word' id='word_1_579' title='bbox 841 3115 964 3146; x_wconf 70' lang='lat' dir='ltr'>quaero</span> <span class='ocrx_word' id='word_1_580' title='bbox 988 3108 1055 3138; x_wconf 79' lang='lat' dir='ltr'>Mo</span> <span class='ocrx_word' id='word_1_581' title='bbox 1074 3124 1110 3128; x_wconf 91' lang='lat'>—</span> <span class='ocrx_word' id='word_1_582' title='bbox 1137 3108 1293 3145; x_wconf 81' lang='lat' dir='ltr'>cuiquam</span> <span class='ocrx_word' id='word_1_583' title='bbox 1319 3108 1341 3138; x_wconf 98' lang='grc' dir='ltr'>Β</span> <span class='ocrx_word' id='word_1_584' title='bbox 1363 3125 1395 3129; x_wconf 87' lang='lat'>—</span> <span class='ocrx_word' id='word_1_585' title='bbox 1416 3108 1468 3139; x_wconf 73' lang='lat'>⁶27.</span> <span class='ocrx_word' id='word_1_586' title='bbox 1487 3095 1529 3139; x_wconf 67' lang='grc' dir='ltr'>Ῑῖί</span> <span class='ocrx_word' id='word_1_587' title='bbox 1554 3118 1621 3140; x_wconf 89' lang='lat' dir='ltr'>om.</span> <span class='ocrx_word' id='word_1_588' title='bbox 1642 3109 1665 3139; x_wconf 90' lang='lat' dir='ltr'>B</span> <span class='ocrx_word' id='word_1_589' title='bbox 1683 3125 1717 3130; x_wconf 96' lang='lat'><em>—</em></span> <span class='ocrx_word' id='word_1_590' title='bbox 1745 3108 1797 3138; x_wconf 60' lang='lat'>028.</span> <span class='ocrx_word' id='word_1_591' title='bbox 1818 3108 1915 3147; x_wconf 82' lang='lat' dir='ltr'>quod]</span> 
     </span>
     <span class='ocr_line' id='line_1_49' title="bbox 144 3155 1915 3195; baseline 0.001 -10"><span class='ocrx_word' id='word_1_592' title='bbox 144 3158 179 3185; x_wconf 75' lang='lat' dir='ltr'>ut</span> <span class='ocrx_word' id='word_1_593' title='bbox 204 3155 226 3185; x_wconf 91' lang='grc' dir='ltr'>Β</span> <span class='ocrx_word' id='word_1_594' title='bbox 242 3155 265 3185; x_wconf 81' lang='grc' dir='ltr'>Ε</span> <span class='ocrx_word' id='word_1_595' title='bbox 288 3172 320 3175; x_wconf 87' lang='grc'>-</span> <span class='ocrx_word' id='word_1_596' title='bbox 349 3156 401 3186; x_wconf 77' lang='grc'>30.</span> <span class='ocrx_word' id='word_1_597' title='bbox 429 3156 514 3193; x_wconf 79' lang='lat' dir='ltr'>quod</span> <span class='ocrx_word' id='word_1_598' title='bbox 538 3160 695 3194; x_wconf 78' lang='lat' dir='ltr'>sequatur</span> <span class='ocrx_word' id='word_1_599' title='bbox 719 3156 742 3186; x_wconf 85' lang='lat' dir='ltr'>B</span> <span class='ocrx_word' id='word_1_600' title='bbox 759 3157 781 3187; x_wconf 75' lang='lat' dir='ltr'>E</span> <span class='ocrx_word' id='word_1_601' title='bbox 803 3173 836 3177; x_wconf 78' lang='lat'>—</span> <span class='ocrx_word' id='word_1_602' title='bbox 872 3157 949 3195; x_wconf 80' lang='lat' dir='ltr'>quid</span> <span class='ocrx_word' id='word_1_603' title='bbox 968 3165 1036 3187; x_wconf 91' lang='lat' dir='ltr'>om.</span> <span class='ocrx_word' id='word_1_604' title='bbox 1057 3157 1079 3187; x_wconf 91' lang='lat' dir='ltr'>B</span> <span class='ocrx_word' id='word_1_605' title='bbox 1098 3174 1131 3178; x_wconf 91' lang='lat'>—-</span> <span class='ocrx_word' id='word_1_606' title='bbox 1161 3158 1281 3187; x_wconf 62' lang='lat' dir='ltr'>rideret</span> <span class='ocrx_word' id='word_1_607' title='bbox 1306 3157 1329 3188; x_wconf 94' lang='lat' dir='ltr'>B</span> <span class='ocrx_word' id='word_1_608' title='bbox 1350 3174 1384 3178; x_wconf 81' lang='grc'>-</span> <span class='ocrx_word' id='word_1_609' title='bbox 1416 3158 1453 3188; x_wconf 75' lang='lat' dir='ltr'>Ut</span> <span class='ocrx_word' id='word_1_610' title='bbox 1477 3158 1507 3188; x_wconf 84' lang='lat' dir='ltr'>in</span> <span class='ocrx_word' id='word_1_611' title='bbox 1535 3158 1577 3188; x_wconf 82' lang='lat'>13:</span> <span class='ocrx_word' id='word_1_612' title='bbox 1604 3159 1639 3189; x_wconf 88' lang='lat' dir='ltr'>In</span> <span class='ocrx_word' id='word_1_613' title='bbox 1664 3158 1689 3189; x_wconf 91' lang='grc' dir='ltr'>Ο</span> <span class='ocrx_word' id='word_1_614' title='bbox 1710 3176 1743 3180; x_wconf 91' lang='grc'>-</span> <span class='ocrx_word' id='word_1_615' title='bbox 1773 3158 1824 3189; x_wconf 68' lang='lat'>32.</span> <span class='ocrx_word' id='word_1_616' title='bbox 1846 3160 1915 3188; x_wconf 75' lang='lat' dir='ltr'>rir-</span> 
     </span>
     <span class='ocr_line' id='line_1_50' title="bbox 145 3205 1915 3246; baseline 0.001 -11"><span class='ocrx_word' id='word_1_617' title='bbox 145 3206 219 3246; x_wconf 63' lang='grc' dir='ltr'><em>[κίε]</em></span> <span class='ocrx_word' id='word_1_618' title='bbox 247 3206 364 3236; x_wconf 73' lang='lat' dir='ltr'>virtute</span> <span class='ocrx_word' id='word_1_619' title='bbox 387 3205 456 3236; x_wconf 85' lang='lat' dir='ltr'>sola</span> <span class='ocrx_word' id='word_1_620' title='bbox 473 3206 497 3236; x_wconf 94' lang='grc' dir='ltr'><strong>Ο</strong></span> <span class='ocrx_word' id='word_1_621' title='bbox 520 3223 553 3228; x_wconf 84' lang='grc'>-</span> <span class='ocrx_word' id='word_1_622' title='bbox 579 3214 644 3236; x_wconf 83' lang='lat' dir='ltr'>esse</span> <span class='ocrx_word' id='word_1_623' title='bbox 663 3206 804 3244; x_wconf 79' lang='lat' dir='ltr'>positam</span> <span class='ocrx_word' id='word_1_624' title='bbox 826 3215 907 3237; x_wconf 87' lang='lat' dir='ltr'>nos:</span> <span class='ocrx_word' id='word_1_625' title='bbox 933 3208 1074 3245; x_wconf 78' lang='lat' dir='ltr'>positam</span> <span class='ocrx_word' id='word_1_626' title='bbox 1098 3215 1164 3237; x_wconf 82' lang='lat' dir='ltr'>esse</span> <span class='ocrx_word' id='word_1_627' title='bbox 1189 3206 1278 3239; x_wconf 81' lang='lat' dir='ltr'>MO:</span> <span class='ocrx_word' id='word_1_628' title='bbox 1306 3215 1370 3237; x_wconf 83' lang='lat' dir='ltr'>esse</span> <span class='ocrx_word' id='word_1_629' title='bbox 1387 3215 1455 3238; x_wconf 90' lang='lat' dir='ltr'>om.</span> <span class='ocrx_word' id='word_1_630' title='bbox 1477 3207 1579 3238; x_wconf 86' lang='lat' dir='ltr'>codd.</span> <span class='ocrx_word' id='word_1_631' title='bbox 1606 3226 1640 3230; x_wconf 97' lang='lat'><strong>—</strong></span> <span class='ocrx_word' id='word_1_632' title='bbox 1666 3208 1769 3238; x_wconf 81' lang='lat' dir='ltr'>vitam</span> <span class='ocrx_word' id='word_1_633' title='bbox 1786 3208 1915 3239; x_wconf 81' lang='lat' dir='ltr'>beatam</span> 
     </span>
     <span class='ocr_line' id='line_1_51' title="bbox 145 3254 1910 3298; baseline 0.001 -13"><span class='ocrx_word' id='word_1_634' title='bbox 145 3254 189 3285; x_wconf 87' lang='lat' dir='ltr'>B:</span> <span class='ocrx_word' id='word_1_635' title='bbox 216 3254 343 3286; x_wconf 80' lang='lat' dir='ltr'>beatam</span> <span class='ocrx_word' id='word_1_636' title='bbox 367 3255 469 3285; x_wconf 74' lang='lat' dir='ltr'>vitam</span> <span class='ocrx_word' id='word_1_637' title='bbox 487 3256 511 3286; x_wconf 95' lang='grc' dir='ltr'><strong>Ο</strong></span> <span class='ocrx_word' id='word_1_638' title='bbox 538 3272 571 3276; x_wconf 95' lang='grc'><strong>-</strong></span> <span class='ocrx_word' id='word_1_639' title='bbox 601 3254 651 3286; x_wconf 87' lang='grc'>33.</span> <span class='ocrx_word' id='word_1_640' title='bbox 672 3256 747 3286; x_wconf 86' lang='lat' dir='ltr'>date</span> <span class='ocrx_word' id='word_1_641' title='bbox 769 3256 793 3286; x_wconf 83' lang='lat' dir='ltr'>B</span> <span class='ocrx_word' id='word_1_642' title='bbox 823 3273 855 3278; x_wconf 85' lang='lat'>—</span> <span class='ocrx_word' id='word_1_643' title='bbox 884 3259 928 3287; x_wconf 82' lang='lat' dir='ltr'>est</span> <span class='ocrx_word' id='word_1_644' title='bbox 951 3256 993 3286; x_wconf 91' lang='lat' dir='ltr'>B:</span> <span class='ocrx_word' id='word_1_645' title='bbox 1021 3257 1082 3287; x_wconf 77' lang='lat' dir='ltr'>eric</span> <span class='ocrx_word' id='word_1_646' title='bbox 1105 3256 1177 3287; x_wconf 79' lang='grc' dir='ltr'>ΜΟ</span> <span class='ocrx_word' id='word_1_647' title='bbox 1198 3273 1232 3277; x_wconf 83' lang='lat'>—</span> <span class='ocrx_word' id='word_1_648' title='bbox 1260 3255 1312 3288; x_wconf 76' lang='lat'>34.</span> <span class='ocrx_word' id='word_1_649' title='bbox 1331 3257 1418 3288; x_wconf 74' lang='lat' dir='ltr'>venit</span> <span class='ocrx_word' id='word_1_650' title='bbox 1434 3274 1484 3280; x_wconf 96' lang='lat'>--</span> <span class='ocrx_word' id='word_1_651' title='bbox 1500 3257 1606 3289; x_wconf 83' lang='lat' dir='ltr'>dicere</span> <span class='ocrx_word' id='word_1_652' title='bbox 1628 3257 1759 3289; x_wconf 73' lang='lat' dir='ltr'>Nonius</span> <span class='ocrx_word' id='word_1_653' title='bbox 1783 3265 1816 3298; x_wconf 87' lang='lat' dir='ltr'>p.</span> <span class='ocrx_word' id='word_1_654' title='bbox 1837 3256 1910 3287; x_wconf 75' lang='lat'>477.</span> 
     </span>
    </p>
   </div>
  </div>
 </body>
</html>
