2249 3624
304 140 386 182 216
749 141 1177 184 TUSCULANARUM
1207 141 1647 182 DISPUTATIONUM

304 250 354 290 sit
384 255 455 290 aut
485 250 539 290 sit
568 251 724 290 bonum
756 249 909 302 potius.
970 245 1036 286 ⁶24.
1068 248 1171 287 Nam
1203 248 1237 287 si
1269 262 1339 288 cor
1370 252 1442 287 aut
1472 246 1644 299 sanguis
1675 251 1746 286 aut
1776 246 1992 286 cerebrum
2015 252 2078 287 est

303 312 488 359 animus,
532 317 661 358 certe,
704 311 903 364 quoniam
942 316 1005 349 est
1043 323 1218 362 corpus,
1259 310 1444 350 interibit
1476 323 1565 348 cum
1602 308 1769 361 reliquo
1801 321 1999 360 corpore3
2041 309 2076 349 si

303 374 441 413 anima
471 379 552 421 est,
584 373 759 412 fortasse
793 372 1088 424 dissipabitur;
1121 372 1153 411 si
1189 372 1316 424 ignis,
1351 372 1639 423 extinguetur;
1675 370 1709 408 si
1744 375 1806 409 est
1836 370 2076 410 Aristoxeni

304 437 539 482 harmonia,
582 434 846 474 dissolvetur.
913 433 1027 481 Quid
1069 434 1119 473 de
1160 434 1417 474 Dicaearcho
1459 432 1617 478 dicam,
1664 432 1737 485 qui
1769 431 1873 471 nihil
1905 433 2074 472 omnino

272 498 488 538 5animum
520 498 629 537 dicat
660 499 785 536 esse?
816 496 890 535 His
922 496 1139 536 sententiis
1172 497 1364 536 omnibus
1397 495 1499 534 nihil
1533 500 1626 547 post
1658 499 1834 534 mortem
1866 495 2073 547 pertinere

303 560 354 599 ad
387 572 641 613 quemquam
672 563 832 611 potest;
864 558 1019 611 pariter
1050 559 1158 598 enim
1193 573 1285 598 cum
1317 558 1399 597 vita
1432 570 1581 596 sensus
1613 557 1837 603 amittitur;
1869 569 1954 596 non
1984 570 2077 596 sen-

303 622 442 674 tientis
474 628 612 661 autem
643 620 746 660 nihil
780 625 843 659 est
873 620 1002 659 ullam
1035 621 1075 659 in
1117 628 1277 673 partem
1309 619 1422 672 quod
1454 619 1630 658 intersit.
1682 619 1951 672 Reliquorum
1984 633 2076 659 sen-

302 684 455 723 tentiae
495 696 612 735 spem
649 680 863 728 adserunt,
909 682 943 721 si
986 688 1024 722 te
1066 682 1146 722 hoc
1178 681 1283 722 forte
1315 682 1512 728 delectat,
1545 694 1670 733 posse
1701 682 1886 728 animm,
1927 694 2021 721 cum
2054 695 2075 721 e

303 745 550 798 corporibus
589 746 866 790 excesserint,
906 743 948 783 in
990 745 1148 784 caelum
1181 746 1298 798 quasi
1331 745 1373 783 in
1407 743 1662 783 domicilium
1692 757 1813 783 suum
1844 745 2077 797 pervenire.

254 810 349 847 40A.
383 808 448 846 Me
479 820 578 846 vero
610 806 810 853 delectat,
841 806 967 859 idque
999 807 1177 859 primum
1207 808 1262 846 ita
1285 821 1375 846 esse
1398 806 1546 852 velim,
1580 806 1753 852 deinde,
1786 806 1909 845 etiam
1935 807 2077 846 sinon

304 870 378 916 sit,
411 869 510 909 mihi
542 868 787 922 persuaderi
819 874 957 908 tamen
990 869 1126 908 velim.
1178 870 1231 908 M.
1265 869 1374 916 Quid
1408 868 1483 907 tibi
1515 881 1613 921 ergo
1652 881 1778 921 opera
1809 874 1952 908 nostra
1973 882 2078 921 opus

304 933 397 971 est?
444 944 540 970 num
582 930 824 983 eloquentia
860 931 1076 970 Platonem
1119 944 1316 984 superare
1357 933 1614 983 possumus?
1663 930 1820 969 Evolve
1859 930 2080 984 diligenter

304 995 393 1033 eius
427 1007 520 1032 eum
554 993 722 1040 librum,
765 993 836 1046 qui
870 999 933 1033 est
965 993 1016 1032 de
1047 993 1210 1032 animo:
1254 993 1431 1045 amplius
1465 992 1578 1045 quod
1612 992 1824 1032 desideres
1855 992 1956 1031 nihil
1989 993 2078 1032 erit.

302 1056 349 1095 A.
381 1056 476 1095 Feci
507 1069 573 1094 me
594 1055 766 1095 hercule
799 1061 840 1095 et
871 1055 1039 1108 quidem
1074 1056 1263 1108 saepius3
1296 1054 1369 1094 sed
1394 1055 1533 1094 nescio
1555 1068 1638 1108 quo
1664 1056 1809 1101 modo,
1842 1055 1938 1094 dum
1970 1054 2079 1108 lego,

254 1130 288 1157 45
304 1118 538 1163 adsentior,
573 1131 666 1157 cum
698 1119 821 1171 posui
852 1118 1002 1158 librum
1037 1123 1077 1158 et
1107 1131 1270 1157 mecum
1302 1117 1392 1170 ipse
1424 1117 1475 1156 de
1507 1117 1817 1157 immortalitate
1844 1118 2079 1157 animorum

304 1180 423 1232 coepi
465 1179 667 1232 cogitare,
706 1180 901 1219 adsensio
944 1180 1078 1219 omnis
1115 1180 1186 1219 illa
1219 1179 1409 1218 elabitur.
1472 1177 1535 1217 25.
1571 1180 1622 1219 Μ.
1657 1179 1769 1227 Quid
1800 1180 1910 1219 hoc?
1952 1179 2080 1219 dasne

303 1247 375 1282 aut
415 1254 584 1281 manere
616 1242 778 1282 animos
810 1248 906 1294 post
938 1248 1112 1282 mortem
1145 1247 1217 1281 aut
1246 1247 1378 1281 morte
1411 1243 1501 1295 ipsa
1533 1242 1735 1281 interire?
1793 1242 1840 1281 A.
1871 1243 1934 1281 Do
1967 1256 2079 1282 vero.

302 1304 358 1343 M.
387 1302 526 1351 Quid?
559 1304 592 1343 si
623 1307 843 1343 maneant?
876 1304 921 1343 A.
945 1306 1092 1344 Beatos
1115 1318 1206 1343 esse
1230 1303 1430 1343 concedo.
1473 1305 1526 1343 M.
1551 1304 1622 1344 Sin
1645 1304 1881 1343 intereant?
1915 1303 1962 1344 A.
1984 1306 2077 1345 Non

303 1378 395 1405 esse
437 1365 633 1413 miseros,
673 1367 872 1420 quoniam
911 1380 962 1406 ne
1001 1367 1083 1406 sint
1123 1367 1321 1419 quidem3
1364 1380 1456 1406 nam
1496 1367 1603 1406 istuc
1641 1367 1772 1406 coacti
1812 1380 1835 1406 a
1872 1372 1913 1406 te
1952 1367 2079 1420 paulo

252 1433 399 1470 2oante
443 1429 741 1468 concessimus.
805 1430 859 1469 M.
902 1429 995 1476 Quo
1035 1428 1157 1468 modo
1199 1428 1325 1480 igitur
1363 1433 1433 1467 aut
1483 1442 1555 1468 cur
1598 1435 1772 1468 mortem
1814 1428 1967 1469 malum
2005 1429 2080 1469 tibi

303 1490 437 1530 videri
469 1490 595 1537 dicis,
631 1504 740 1544 quae
773 1496 843 1530 aut
873 1492 1017 1530 beatos
1050 1504 1126 1531 nos
1159 1489 1310 1530 efficiet
1340 1491 1489 1530 animis
1520 1492 1780 1531 manentibus
1809 1496 1878 1531 aut
1899 1504 1983 1531 non
2005 1491 2079 1531 mi-

304 1565 420 1593 seros
453 1566 578 1592 sensu
610 1554 818 1593 carentis?

416 1615 508 1653 XII.
540 1612 605 1653 26.
652 1615 699 1654 A.
739 1616 914 1668 Expone
954 1615 1102 1668 igitur,
1147 1616 1226 1655 nisi
1267 1616 1488 1655 molestum
1522 1622 1604 1663 est,
1644 1618 1849 1669 primum,
1881 1618 1913 1657 si
1947 1623 2077 1669 potes,

303 1678 465 1718 animos
496 1691 712 1717 remanere
743 1683 836 1730 post
868 1683 1066 1723 mortem,
1098 1683 1207 1723 tum,
1240 1678 1273 1716 si
1306 1678 1443 1717 minus
1475 1679 1517 1717 id
1551 1680 1758 1719 obtinebis
1790 1702 1843 1708 —
1874 1687 1936 1720 est
1967 1681 2078 1720 enim

253 1753 289 1783 25
303 1739 479 1780 arduum
512 1762 586 1786 --,
631 1740 802 1779 docebis
835 1753 977 1778 carere
1011 1741 1120 1779 omni
1156 1740 1263 1779 malo
1297 1747 1485 1780 mortem.
1538 1743 1624 1793 Ego
1658 1743 1766 1781 enim
1800 1743 1905 1782 istuc
1938 1744 2076 1794 ipsum

304 1815 451 1842 vereor
481 1815 534 1841 ne
566 1802 720 1841 malum
751 1802 823 1848 sit,
855 1815 938 1840 non
962 1801 1056 1840 dico
1080 1815 1220 1841 carere
1246 1815 1389 1849 sensu,
1423 1804 1494 1842 sed
1519 1804 1745 1843 carendum
1770 1817 1874 1844 esse.
1918 1806 1972 1844 M.
1994 1806 2078 1843 Au-

303 1865 486 1904 ctoribus
527 1864 698 1918 quidem
737 1864 787 1903 ad
833 1865 954 1904 istam
994 1864 1261 1911 sententiam,
1305 1878 1431 1917 quam
1468 1866 1528 1904 vis
1570 1866 1768 1912 obtineri,
1807 1867 1867 1905 uti
1910 1867 2077 1918 optimis

300 1941 544 1980 possumus,
587 1927 699 1980 quod
738 1927 780 1965 in
813 1927 1006 1966 omnibus
1039 1927 1174 1966 causis
1207 1933 1246 1966 et
1277 1927 1400 1966 debet
1441 1934 1480 1966 et
1517 1928 1622 1967 solet
1662 1928 1800 1967 valere
1839 1929 2078 1981 plurimum,

303 1995 343 2029 et
382 1991 560 2043 primum
593 1989 765 2043 quidem
803 1990 914 2029 omni
953 1990 1223 2042 antiquitate,
1265 2003 1373 2042 quae
1406 2004 1490 2043 quo
1524 1990 1697 2043 propius
1729 1991 1871 2029 aberat
1902 1991 1953 2030 ab
1985 1997 2077 2031 ortu

252 2066 288 2095 30
304 2058 344 2092 et
375 2052 514 2091 divina
546 2052 768 2104 progenie,
800 2051 880 2090 hoc
914 2052 1061 2090 melius
1094 2065 1140 2090 ea
1174 2050 1368 2097 sortasse,
1402 2066 1509 2105 quae
1543 2059 1660 2092 erant
1683 2066 1801 2099 vera,
1835 2053 2042 2093 cernebat.

417 2111 482 2153 27.
514 2115 657 2167 ltaque
690 2128 819 2153 unum
842 2114 944 2152 illud
969 2120 1055 2152 erat
1078 2114 1247 2153 insitum
1272 2115 1416 2166 priscis
1444 2115 1541 2161 illis,
1569 2128 1674 2168 quos
1697 2128 1875 2154 cascos
1898 2115 2081 2169 appellat

301 2177 480 2222 Ennius,
514 2189 605 2215 esse
636 2176 678 2214 in
711 2182 841 2215 morte
875 2189 1043 2215 sensum
1077 2190 1211 2229 neque
1246 2191 1420 2216 excessu
1456 2178 1562 2217 vitae
1600 2178 1657 2216 sic
1690 2177 1818 2216 deleri
1850 2177 2077 2224 hominem,

302 2244 347 2277 ut
376 2238 564 2278 funditus
597 2239 810 2284 interirem
844 2238 971 2291 idque
1005 2252 1097 2277 cum
1129 2239 1270 2277 multis
1302 2240 1393 2278 aliis
1425 2240 1561 2285 rebus,
1596 2245 1679 2279 tum
1709 2252 1730 2278 e
1754 2237 1965 2292 pontificio
1988 2240 2079 2279 iure

303 2307 342 2340 et
364 2315 385 2341 e
408 2301 671 2340 caerimoniis
693 2301 1011 2354 sepulchrorum
1039 2301 1226 2353 intellegi
1250 2302 1367 2348 licet,
1403 2316 1506 2355 quas
1530 2303 1735 2341 maxumis
1758 2303 1936 2354 ingeniis
1960 2315 2080 2355 prae-

251 2377 289 2406 35
304 2364 378 2403 diti
410 2376 486 2402 nec
517 2369 630 2402 tanta
663 2376 760 2402 cura
791 2363 1020 2402 coluissent
1052 2377 1126 2402 nec
1149 2364 1321 2403 violatas
1356 2371 1436 2404 tam
1469 2364 1718 2416 inexpiabili
1748 2364 1950 2417 religione
1984 2378 2078 2404 san-

302 2427 485 2472 xissent,
530 2425 611 2464 nisi
657 2425 847 2464 haereret
888 2426 929 2463 in
973 2439 1116 2464 eorum
1157 2427 1362 2466 mentibus
1402 2434 1575 2467 mortem
1616 2441 1698 2466 non
1740 2427 1954 2466 interitum
1987 2440 2079 2466 esse

303 2488 439 2528 omnia
471 2487 686 2527 tollentem
718 2494 844 2540 atque
877 2488 1107 2535 delentem,
1145 2489 1214 2527 sed
1250 2489 1459 2540 quandam
1494 2490 1612 2541 quasi
1646 2488 1934 2541 migrationem
1968 2502 2080 2528 com-

304 2550 658 2601 mutationemque
690 2550 818 2595 vitae‚
863 2563 971 2603 quae
1003 2546 1043 2588 in
1076 2551 1197 2590 claris
1229 2552 1328 2590 viris
1361 2558 1400 2591 et
1430 2552 1597 2590 feminis
1631 2551 1715 2590 dux
1746 2551 1788 2589 in
1820 2551 1980 2590 caelum
2013 2564 2080 2590 so-

303 2612 406 2651 leret
438 2626 549 2657 esse,
583 2612 624 2650 in
656 2611 805 2650 ceteris
838 2612 953 2651 humi
986 2613 1236 2652 retineretur
1267 2619 1307 2652 ct
1336 2619 1599 2666 permaneret
1620 2619 1771 2652 tamen.
1822 2610 1888 2651 ⁶28.
1915 2613 1977 2652 Ex
2000 2611 2079 2653 hoc

253 2686 290 2716 40
305 2679 346 2713 et
376 2678 614 2713 nostrorum
647 2673 844 2726 opinione

615 2735 858 2775 Romulus
890 2736 940 2774 in
972 2737 1112 2777 caelo
1145 2752 1255 2778 cum
1288 2739 1371 2778 dis
1403 2740 1509 2792 agit
1539 2751 1741 2785 aevum,

392 2909 421 2939 4.
449 2911 508 2939 aut
531 2911 610 2940 ante
635 2910 771 2949 sanquis
793 2918 972 2949 superscr.
992 2911 1024 2941 in
1050 2912 1076 2941 G
1096 2929 1130 2933 —
1158 2911 1189 2941 ⁵2.
1215 2918 1352 2950 corpore
1374 2910 1562 2950 (superscr.
1583 2909 1660 2941 ead.
1682 2919 1727 2941 m.
1748 2914 1900 2950 tempore*
1926 2912 1970 2945 B:
1997 2916 2079 2943 tem-

301 2968 382 2998 pore
407 2959 470 2989 GR
492 2974 526 2980 -
555 2958 585 2989 8.
611 2959 694 2995 forte
717 2959 776 2989 hec
801 2959 825 2990 O
854 2976 888 2980 —
918 2960 968 2991 18.
996 2961 1082 2998 quad
1105 2961 1131 2990 si
1158 2961 1181 2991 R
1209 2978 1244 2982 —
1272 2961 1323 2991 49.
1350 2960 1439 3000 nam]
1466 2961 1533 2990 iam
1559 2960 1583 2991 C
1606 2977 1640 2982 -—
1667 2961 1755 2991 istud
1773 2961 1797 2992 O
1826 2979 1859 2984 —
1886 2962 1939 2993 ⁶20,
1960 2971 2019 2993 con
2044 2962 2078 2994 in

304 3016 424 3039 rasura
450 3009 474 3038 G
511 3024 544 3031 -·
580 3008 632 3038 ⁵24.
660 3009 779 3047 efficiat
804 3009 894 3039 Bake
921 3008 940 3039 l.
968 3009 988 3040 l.
1017 3019 1048 3050 p.
1076 3010 1128 3041 74.
1160 3029 1193 3033 —
1228 3010 1280 3041 ⁶253.
1308 3011 1451 3043 animos.
1477 3011 1503 3039 si
1525 3014 1615 3048 potes
1639 3012 1663 3041 O
1692 3028 1726 3032 —-
1751 3014 1854 3049 potest
1878 3019 1968 3042 corr.
1998 3012 2075 3042 ead.

304 3067 350 3089 m.
377 3059 409 3089 in
433 3062 523 3097 potes
546 3059 571 3088 G
598 3074 632 3078 —
661 3058 713 3089 2¹4.
741 3058 900 3089 obtenebis
925 3061 1002 3091 GR¹
1029 3077 1062 3081 —
1099 3062 1148 3091 25.
1177 3060 1262 3091 istud
1286 3061 1310 3091 O
1340 3077 1371 3081 —
1408 3060 1458 3090 26.
1487 3060 1535 3100 ne]
1562 3069 1612 3089 me
1636 3061 1661 3091 G
1689 3077 1723 3081 —-
1757 3060 1809 3090 ³27.
1837 3060 1964 3091 obtimis
1988 3061 2011 3092 R
2040 3078 2074 3082 —

303 3107 355 3138 30.
382 3107 556 3138 cernebant
580 3115 670 3138 corr.
697 3109 729 3138 in
754 3108 907 3139 cernebat
932 3109 974 3140 B:
1001 3109 1172 3140 cercebant
1197 3111 1218 3140 R
1246 3111 1278 3140 et
1305 3108 1413 3147 (alteri
1439 3118 1454 3139 c
1479 3118 1656 3149 superscr.
1676 3110 1706 3147 η)
1734 3111 1757 3140 G
1785 3127 1819 3131 —
1848 3109 1897 3140 31.
1927 3111 2075 3141 cassosR

305 3175 340 3179 —
367 3157 419 3189 33.
446 3158 565 3196 idquae
590 3157 614 3188 R
643 3174 676 3178 —
705 3157 756 3189 34.
784 3167 799 3188 e
824 3166 892 3189 om.
920 3160 944 3189 O
973 3176 1007 3182 —
1035 3160 1222 3190 cerimoniis
1246 3161 1269 3189 G
1286 3161 1309 3190 R
1338 3177 1369 3180 -
1398 3160 1625 3198 sepulc-horum
1650 3160 1673 3190 R
1694 3176 1730 3182 —
1758 3159 1809 3190 35.
1834 3159 2032 3198 ineoepiabile
2050 3160 2074 3191 C

303 3224 338 3229 —
366 3207 419 3240 41.
455 3206 608 3238 Romulus
634 3208 667 3237 in
698 3208 787 3238 caelo
818 3217 891 3239 cum
922 3209 971 3239 dis
1001 3209 1196 3250 genitalibus
1226 3218 1345 3240 aevum
1368 3210 1455 3250 degit
1486 3210 1626 3241 Servius
1659 3209 1703 3240 ad
1735 3211 1819 3240 Aen.
1848 3209 1902 3246 VI,
1929 3208 2003 3241 764.
2037 3226 2071 3231 —-

302 3256 364 3288 diis
390 3257 427 3288 C.
