2249 3624
350 169 432 212 332
782 173 1211 215 TUSCULANARUM
1243 174 1679 215 DISPUTATIONUM

349 280 500 319 robore
532 278 753 319 existumo,
800 279 874 318 Illa
907 281 1037 327 enim,
1070 280 1102 319 si
1136 280 1260 319 modo
1294 285 1355 319 est
1380 279 1465 319 ulla
1484 281 1636 328 virtus,
1668 295 1791 334 quam
1814 282 2115 326 dubitationem

350 342 581 382 avunculus
612 346 729 387 tuus,
762 342 899 387 Brute,
931 343 1115 389 sustulit,
1146 343 1298 389 omnia,
1331 356 1438 395 quae
1461 343 1609 382 cadere
1633 344 1673 383 in
1696 345 1904 385 hominem
1929 354 2115 398 possunt,

352 405 495 445 subter
535 418 578 443 se
616 404 742 443 habet
785 417 917 458 eaque
958 405 1194 457 despiciens
1233 419 1351 444 casus
1384 406 1611 445 contemnit
1640 406 1867 454 humanos,
1911 409 2116 462 culpaque

351 469 462 508 omni
494 480 639 507 carens
677 472 839 520 praeter
875 481 918 506 se
960 468 1088 519 ipsam
1128 467 1232 506 nihil
1264 474 1405 507 censet
1435 468 1485 506 ad
1518 481 1561 507 se
1594 470 1816 522 pertinere.
1864 471 1946 510 Nos
1978 477 2117 512 autem

318 530 491 570 5omnia
535 529 709 569 adversa
751 543 843 569 cum
890 529 1098 569 venientia
1138 536 1248 569 metu
1292 535 1491 583 augentes
1533 537 1618 570 tum
1663 545 1849 571 maerore
1881 534 2119 585 praesentia

349 605 485 632 rerum
518 597 705 631 naturam
739 606 862 645 quam
895 605 1076 631 errorem
1110 598 1294 632 nostrum
1329 593 1525 632 damnare
1558 594 1777 634 malumus.

461 655 512 693 Il.
544 653 583 693 5.
630 654 710 693 Sed
750 660 789 694 et
828 655 951 693 huius
996 655 1142 707 culpae
1182 660 1220 694 et
1258 660 1486 695 ceterorum
1532 656 1723 695 vitiorum
1768 663 2117 712 peccatorumque

350 721 587 756 nostrorum
626 717 758 756 omnis
795 731 817 757 a
858 717 1123 771 philosophia
1167 718 1342 771 peteuda
1385 719 1586 757 correctio
1620 725 1695 758 est.
1749 719 1875 759 Cuius
1905 721 1947 759 in
1980 721 2118 761 sinum

351 793 443 818 cum
485 792 506 818 a
546 779 688 833 primis
731 780 988 832 temporibus
1020 780 1167 819 aetatis
1199 786 1340 819 nostra
1373 781 1564 820 voluntas
1597 781 1868 835 studiumque
1899 796 1976 822 nos
2010 797 2120 823 com-

304 842 547 895 iopulisset,
590 841 652 881 his
698 842 955 894 gravissimis
997 843 1157 882 casibus
1202 843 1241 882 in
1281 843 1461 882 eundem
1505 848 1687 895 portum,
1733 858 1785 883 ex
1826 858 1908 897 quo
1955 859 2120 886 eramus

351 905 526 957 egressi,
559 918 706 957 magna
739 905 877 945 iactati
909 910 1155 958 tempestate
1187 904 1464 957 confugimus.
1514 906 1547 943 Ο
1582 906 1689 945 vitae
1724 906 1992 959 philosophia
2022 907 2120 954 dux,

350 981 373 1007 o
403 967 566 1007 virtutis
597 967 833 1019 indagatrix
856 968 1153 1021 expultrixque
1179 968 1396 1007 vitiorum!
1433 968 1532 1020 quid
1560 982 1643 1007 non
1668 969 1790 1008 modo
1812 982 1903 1015 neS,
1936 969 2008 1009 sed
2034 983 2121 1009 om-

349 1030 449 1068 nino
481 1029 562 1069 vita
593 1029 807 1069 hominum
840 1031 928 1069 sine
961 1035 999 1069 te
1032 1044 1122 1069 esse
1154 1030 1388 1082 potuisset?
1428 1031 1489 1069 Tu
1523 1031 1634 1070 urbis
1668 1032 1890 1083 peperisti,
1923 1038 1966 1072 tu
1999 1033 2122 1073 dissi-

350 1099 469 1146 patos
514 1093 705 1132 homines
752 1093 793 1131 in
838 1093 1076 1132 societatem
1119 1093 1224 1132 vitae
1268 1092 1528 1138 convocasti,
1579 1099 1619 1132 tu
1662 1107 1734 1133 eos
1772 1094 1881 1134 inter
1912 1109 1955 1134 se
1987 1096 2120 1148 primo

300 1166 334 1194 ⁴5
349 1156 594 1201 domiciliis,
627 1155 779 1194 deinde
812 1156 1040 1206 coniugiis,
1073 1161 1159 1195 tum
1193 1156 1422 1194 litterarum
1457 1161 1496 1194 et
1528 1169 1672 1195 vocum
1707 1158 1997 1198 communione
2029 1158 2122 1197 iun-

350 1218 469 1264 xisti,
501 1223 542 1257 tu
575 1219 785 1258 inventrix
820 1219 974 1271 legum,
1009 1224 1049 1258 tu
1085 1219 1277 1271 magistra
1312 1232 1472 1257 morum
1506 1224 1546 1257 et
1567 1218 1812 1271 disciplinae
1837 1219 1964 1259 fuisti.
1997 1221 2056 1260 Ad
2083 1226 2122 1260 te

351 1280 634 1333 confugimus,
667 1295 689 1320 a
723 1287 760 1321 te
794 1295 915 1335 opem
949 1282 1148 1334 petimuS,
1184 1281 1254 1321 tibi
1290 1295 1386 1327 nos,
1420 1287 1461 1320 ut
1494 1287 1616 1320 antea
1650 1294 1795 1333 magna
1820 1295 1871 1321 ex
1902 1288 2030 1334 parte,
2063 1284 2122 1323 sic

350 1357 459 1384 nunc
490 1345 656 1398 penitus
688 1350 880 1398 totosque
912 1344 1126 1384 tradimus.
1180 1346 1253 1383 Est
1284 1351 1419 1383 autem
1453 1357 1558 1382 unus
1590 1344 1678 1383 dies
1710 1344 1817 1383 bene
1851 1350 1891 1383 et
1921 1358 1973 1383 ex
2005 1359 2122 1397 prae-

351 1407 486 1459 ceptis
526 1407 607 1446 tuis
650 1412 763 1446 actus
804 1408 991 1460 peccanti
1029 1407 1317 1447 inmortalitati
1351 1406 1686 1458 anteponendus.
1734 1406 1858 1445 Cuius
1890 1407 2017 1458 igitur
2048 1420 2123 1460 po-

300 1478 336 1506 20
351 1469 430 1508 tius
463 1469 613 1521 opibus
646 1474 812 1508 utamur
843 1482 966 1522 quam
1000 1470 1095 1515 tuis,
1129 1483 1235 1523 quae
1261 1475 1299 1509 et
1323 1469 1429 1508 vitae
1463 1469 1806 1522 tranquillitatem
1836 1469 1981 1522 largita
2005 1469 2122 1509 nobis

351 1545 393 1571 es
427 1536 467 1571 et
497 1537 694 1571 terrorem
728 1531 872 1570 mortis
905 1531 1145 1571 sustulisti?

462 1593 500 1634 6.
532 1596 589 1634 Ac
622 1594 887 1647 philosophia
920 1595 1089 1648 quidem
1122 1601 1279 1634 tantum
1312 1595 1429 1634 abest
1461 1600 1502 1633 ut
1536 1594 1710 1647 proinde
1744 1608 1789 1634 ac
1820 1594 1870 1634 de
1904 1595 2118 1634 hominum

350 1664 412 1698 est
443 1658 524 1698 vita
559 1659 704 1698 merita
739 1658 948 1703 laudetur,
981 1664 1024 1697 ut
1055 1671 1077 1697 a
1109 1658 1323 1710 plerisque
1356 1657 1545 1709 neglecta
1576 1670 1597 1695 a
1632 1657 1770 1696 multis
1804 1659 1927 1697 etiam
1959 1658 2122 1711 vitupe-

348 1726 472 1761 retur.
527 1721 774 1774 Vituperare
816 1721 1036 1774 quisquam
1079 1721 1186 1759 vitae
1219 1725 1431 1772 parentem
1466 1725 1505 1758 et
1543 1719 1619 1759 hoc
1654 1720 1877 1771 parricidio
1911 1734 1953 1759 se
1985 1721 2123 1774 inqui-

299 1790 448 1824 95nare
496 1783 621 1823 audet
663 1789 702 1823 et
744 1789 822 1822 tam
867 1783 990 1836 impie
1024 1783 1207 1835 ingratus
1240 1796 1350 1829 esse,
1397 1788 1441 1821 ut
1473 1796 1560 1821 eam
1594 1789 1783 1829 accuset,
1833 1797 1956 1836 quam
1991 1784 2122 1823 vereri

352 1846 540 1891 deberet,
574 1846 697 1885 etiam
731 1846 763 1884 si
796 1846 933 1885 minus
966 1847 1181 1898 percipere
1214 1846 1448 1898 potuisset?
1493 1844 1594 1887 Sed.
1626 1850 1669 1884 ut
1701 1845 1871 1897 opinor,
1906 1844 1973 1885 hic
2007 1859 2122 1885 error

351 1914 391 1948 et
420 1908 523 1947 haec
564 1908 825 1947 indoctorum
865 1909 1012 1947 animis
1046 1909 1176 1947 offusa
1208 1908 1340 1960 caligo
1373 1915 1455 1953 est,
1497 1907 1608 1959 quod
1642 1913 1725 1945 tam
1759 1907 1880 1959 longe
1912 1913 2023 1947 retro
2057 1922 2123 1948 re-

352 1972 512 2024 spicere
553 1984 634 2010 non
672 1976 849 2023 possunt
890 1984 966 2009 nec
1009 1983 1100 2015 θος,
1144 1984 1165 2009 a
1198 1971 1346 2023 quibus
1379 1971 1457 2009 vita
1491 1970 1708 2009 hominum
1741 1970 1945 2009 instructa
1978 1970 2121 2023 primis

352 2039 426 2080 est,
459 2032 588 2073 fuisse
622 2034 896 2087 philosophos
927 2034 1193 2072 arbitrantur.

301 2102 337 2131 30
463 2096 532 2135 ΙΙΙ.
566 2094 603 2134 7.
638 2096 771 2144 Quam
804 2109 889 2135 rem
923 2096 1254 2148 antiquissimam
1287 2109 1376 2134 cum
1413 2094 1646 2141 videamus,
1680 2108 1831 2134 nomen
1866 2101 2001 2135 tamen
2030 2108 2122 2135 esse

352 2157 598 2199 confitemur
630 2171 788 2197 recens.
836 2159 936 2198 Nam
970 2158 1219 2210 sapientiam
1241 2158 1408 2211 quidem
1433 2159 1564 2210 ipsam
1588 2157 1681 2209 quis
1704 2171 1856 2209 negare
1881 2163 2018 2210 potest
2041 2172 2123 2198 non

352 2222 476 2263 modo
508 2236 550 2261 re
582 2235 674 2261 esse
706 2221 941 2274 antiquam,
975 2234 1114 2260 verum
1148 2220 1271 2260 etiam
1305 2220 1504 2259 nomine?
1538 2232 1642 2273 quae
1667 2219 1897 2260 divinarum
1923 2221 2124 2260 humana—

351 2298 523 2337 rumque
556 2296 711 2331 rerum,
751 2289 835 2323 tum
867 2284 1081 2323 initiorum
1115 2296 1420 2335 causarumque
1453 2283 1653 2334 cuiusque
1686 2283 1743 2321 rei
1776 2284 2011 2335 cognitione
2042 2283 2123 2322 hoc

352 2345 674 2400 pulcherrimum
705 2359 858 2385 nomen
890 2346 999 2399 apud
1027 2345 1222 2399 antiquos
1251 2345 1570 2398 adsequebatur.
1615 2345 1757 2397 Itaque
1783 2350 1824 2384 et
1844 2345 1938 2384 illos
1961 2350 2121 2397 septem

303 2407 442 2462 35l‘qui
474 2421 497 2448 a
529 2409 697 2448 Graecis
729 2416 880 2459 σοφοί,
914 2409 1125 2461 sapientes
1157 2421 1180 2447 a
1201 2408 1354 2447 nostris
1378 2414 1418 2447 et
1440 2405 1700 2447 habebantur
1722 2413 1761 2447 et
1780 2405 2117 2461 nominabantur]

445 2553 470 2582 t.
498 2553 602 2582 virtus
632 2550 724 2581 delet
755 2550 844 2581 Bake
872 2550 890 2582 l.
919 2550 938 2581 l.
968 2560 999 2590 p.
1029 2551 1100 2579 108.
1132 2568 1163 2571 —
1200 2552 1228 2580 ¹2.
1255 2550 1383 2581 homine
1408 2552 1432 2581 G
1450 2551 1472 2581 R
1502 2568 1535 2572 —
1564 2551 1594 2581 5.
1622 2559 1695 2580 cum
1721 2549 1936 2586 Tregderus:
1964 2554 2033 2580 lum
2057 2551 2121 2582 CO

358 2620 390 2624 —
417 2603 447 2632 6.
474 2610 648 2632 1·ermn--
666 2600 829 2630 malumus
853 2601 981 2631 Nonius
1008 2609 1039 2640 p.
1067 2600 1140 2630 ¹277.
1172 2618 1205 2622 —
1234 2601 1394 2630 damnare
1419 2608 1489 2630 om.
1517 2598 1554 2629 G¹
1584 2618 1615 2621 -
1646 2601 1656 2629 4
1673 2600 1696 2629 1,
1726 2600 1750 2629 Ο
1776 2599 1861 2629 virae
1878 2600 2122 2638 -—poluisset?

356 2653 400 2683 Tu
422 2652 590 2682 inventrix
606 2668 652 2674 --
668 2651 760 2689 fuisli
784 2651 981 2682 Lactantius
1009 2651 1062 2682 ΙΙΙ,
1083 2650 1140 2680 ⁴3:
1169 2659 1186 2678 o
1211 2650 1296 2679 vitae
1313 2667 1329 2672 —
1344 2667 1361 2672 -
1378 2649 1616 2688 arpztllrz'zque
1640 2649 1794 2679 viliorum
1819 2649 2016 2680 Priscianus
2034 2650 2120 2684 viil.

354 2703 384 2739 4,
411 2701 441 2733 4.
472 2719 506 2723 —
545 2702 591 2731 ¹¹2.
618 2703 725 2731 virtus
750 2702 772 2732 R
801 2718 835 2723 -
869 2701 1103 2739 exemerim-que
1127 2701 1151 2729 G
1168 2700 1202 2730 R¹
1238 2717 1272 2721 —-
1313 2699 1359 2731 14.
1387 2699 1611 2729 cmmocauisli
1637 2700 1659 2729 Β
1690 2715 1722 2720 --
1762 2698 1812 2728 19.
1838 2699 1995 2736 peccandi
2020 2698 2057 2730 R¹
2085 2716 2119 2720 —

352 2752 404 2782 ς20,
432 2754 460 2782 e!
484 2760 554 2782 om.
582 2750 619 2781 G¹
640 2769 675 2773 —
703 2752 755 2782 ⁶22.
781 2751 825 2781 Ac
850 2751 893 2780 C:
921 2751 959 2781 ΑΙ
983 2750 1007 2781 O
1028 2768 1062 2773 -
1089 2750 1141 2780 ⁶23.
1169 2750 1311 2780 neclecta
1336 2751 1358 2779 P.
1380 2768 1413 2771 —
1441 2749 1493 2780 024.
1516 2749 1736 2787 Quisquamne
1760 2749 1949 2786 vituperare
1972 2749 2058 2779 vilae
2075 2766 2122 2771 -—

353 2801 474 2831 audeat
497 2804 526 2831 et
548 2819 566 2824 -
584 2818 601 2823 —
626 2801 777 2841 inm-atus
802 2802 895 2830 esse?
931 2800 1129 2830 Lactantius
1156 2800 1208 2830 111.
1242 2798 1288 2829 lli.
1321 2816 1353 2820 —
1382 2799 1434 2829 ⁰28.
1457 2799 1577 2838 primis
1601 2802 1644 2828 est
1668 2799 1758 2829 Bake
1784 2797 1805 2828 l.
1832 2798 1854 2828 l.
1882 2807 1915 2838 p.
1944 2798 2022 2830 ⁴08:
2047 2799 2122 2837 pri—

354 2851 459 2881 inisset
483 2858 572 2881 corr.
600 2851 633 2882 in
657 2850 815 2888 primisset
838 2851 880 2883 R:
911 2850 1012 2888 primi
1036 2850 1075 2878 sil
1101 2850 1144 2879 G:
1170 2846 1281 2886 primi]
1303 2849 1343 2878 sit
1367 2848 1411 2878 B:
1450 2848 1566 2886 primis
1589 2848 1628 2876 sit
1652 2849 1676 2878 O
1706 2865 1739 2868 —-
1768 2848 1819 2878 33.
1848 2857 2024 2878 1·er=wm——
2039 2857 2122 2879 cau-

352 2908 528 2937 sarumque
553 2901 584 2930 in
612 2909 720 2940 marg.
748 2909 766 2930 a
792 2909 837 2930 m.
865 2908 935 2930 sec.
964 2898 1070 2929 habet
1097 2900 1121 2927 G
1151 2915 1183 2919 —
1221 2899 1377 2937 cuiusque
1402 2898 1443 2928 B:
1471 2898 1563 2927 cuius
1588 2899 1611 2927 G
1629 2898 1650 2928 R
1681 2915 1713 2919 —
1742 2897 1793 2928 35.
1822 2898 1902 2928 «Vix
1929 2897 2121 2930 ‹·redideris

354 2958 478 2980 omnes
510 2950 682 2989 patienter
714 2949 833 2980 tulisse
859 2949 966 2980 verba
993 2949 1111 2988 qui—-
1129 2948 1398 2978 nominabantm:
1427 2948 1619 2978 Tulliumne
1646 2950 1714 2977 tuin
1742 2948 1908 2979 infantem
1935 2948 2057 2986 fuisse,
2084 2950 2122 2979 ut

354 2999 506 3029 diceret:
534 2999 605 3029 illos
627 3003 763 3037 septem,
791 3000 847 3038 qui
870 3000 1031 3037 sapientes
1055 2997 1259 3028 habebantur
1275 3000 1304 3027 et
1328 2997 1600 3030 nominabantur„
1627 2998 1811 3036 accepimus
1833 3001 1862 3027 e!
1884 2997 1983 3036 fuisse
2006 3001 2034 3027 et
2058 2998 2120 3028 ho-

354 3049 434 3079 binos
457 3056 520 3078 esse
543 3049 728 3086 sapientes?
753 3049 885 3080 Deinde
912 3057 1086 3086 quaenam
1113 3050 1165 3078 est
1191 3048 1252 3077 ista
1280 3046 1427 3077 eruditio
1453 3056 1468 3075 a
1497 3047 1638 3077 Graecis
1664 3046 1737 3077 illos
1755 3043 1905 3085 σοφοὺς
1923 3048 2119 3078 nominatos

355 3106 434 3129 esse
460 3098 656 3128 monentis?
684 3100 787 3129 Porro
812 3108 830 3128 a
857 3099 1019 3129 Romanis
1044 3098 1148 3128 etiam
1175 3098 1353 3127 Ciceronis
1379 3099 1491 3127 aetate
1518 3099 1654 3136 septem
1683 3096 1725 3127 illi
1750 3097 1928 3136 sapientes
1954 3097 1987 3126 et
2012 3095 2119 3126 habiti

356 3149 389 3179 et
413 3147 580 3178 nominati
604 3150 699 3185 sunt,
727 3150 764 3178 ut
789 3151 928 3188 tempus
953 3146 1198 3188 imperfectum
1224 3146 1461 3185 importunum
1481 3154 1558 3176 esse
1578 3144 1820 3184 intelligamus.
1850 3146 2006 3184 Denique.
2024 3144 2116 3176 unde

356 3198 444 3228 haec
468 3196 576 3226 verba
603 3199 706 3236 petita
732 3198 799 3228 sint
824 3197 921 3228 facile
948 3197 1174 3238 perspicitur:
1203 3205 1280 3226 nam
1306 3197 1326 3235 ὃ
1350 3197 1368 3224 8
1395 3197 1480 3225 haec
1506 3195 1669 3231 legimus:
1697 3204 1716 3225 α
1737 3195 1852 3233 quibus
1867 3195 1955 3224 ducti
1971 3194 2118 3232 deinceps

357 3256 484 3284 omnes,
512 3247 569 3285 qui
593 3247 622 3276 in
649 3255 760 3277 rerum
784 3248 1052 3286 contemplatione
1074 3246 1182 3276 studia
1203 3244 1381 3284 ponebant.
1408 3245 1566 3284 sapientes
1590 3248 1618 3275 et
1634 3244 1837 3276 habebantur
1852 3247 1881 3275 et
1897 3243 2116 3274 nominaban-

357 3301 423 3335 tur,
449 3305 518 3338 quo
543 3295 619 3327 loco
645 3296 732 3327 haec
754 3296 862 3327 verba
888 3298 1065 3338 aptissima
1091 3304 1169 3327 esse
1195 3296 1322 3336 patet.»
1350 3295 1456 3325 [inrui.
1482 3296 1618 3325 SAUPPE.
1649 3311 1684 3317 --
1710 3294 1893 3325 habeantur
1916 3294 1992 3325 GR.
