2249 3624
454 165 541 204 Lm.
572 164 602 202 Ι.
644 163 741 202 Cu».
772 160 1244 201 XXXVII—xxxlx.
1281 158 1340 213 §§
1371 156 1561 198 88—93.
1813 155 1895 197 239

130 272 431 324 quinquaginta
462 269 546 308 sere
579 282 710 308 annos
743 274 941 307 eventura
976 273 1157 320 putaret,
1201 272 1240 306 et
1271 280 1348 319 ego
1380 266 1568 311 doleam,
1601 264 1634 303 si
1666 263 1716 303 ad
1749 263 1894 303 decem

129 333 238 372 milia
268 346 469 371 annorum
501 336 665 382 gentem
698 331 880 382 aliquam
906 330 1005 368 urbe
1035 336 1174 369 nostra
1199 330 1423 381 potituram
1448 328 1615 382 putem?
1650 327 1758 374 Quia
1781 331 1894 365 tanta

126 396 276 433 caritas
309 395 465 445 patriae
498 399 578 437 est,
621 398 663 431 ut
694 406 784 431 eam
813 406 894 430 non
931 406 1055 430 sensu
1094 397 1260 438 nostro,
1302 392 1373 430 sed
1412 391 1543 430 salute
1581 390 1712 442 ipsius
1751 388 1895 427 metia-

126 469 228 493 mur.
281 455 512 494 XXXVIII.
544 452 609 492 ill.
649 455 792 506 Itaque
826 468 907 492 non
941 454 1121 493 deterret
1152 454 1383 506 sapientem
1418 466 1549 499 mors,
1583 464 1692 505 quae
1726 455 1895 503 propter

124 517 305 556 incertos
351 529 471 555 casus
520 516 674 554 cotidie
724 516 933 562 imminet,
993 523 1164 569 propter
1208 516 1456 555 brevitatem
1506 516 1612 554 vitae
1666 524 1925 565 numquam5

127 583 262 631 potest
306 578 426 627 longe
465 577 634 622 abesse,
676 591 761 629 quo
794 578 929 615 minus
963 578 1002 616 in
1036 593 1156 616 ‹nnm-
1192 584 1353 630 tempus
1396 578 1453 616 rei
1495 576 1687 629 publicae
1723 575 1894 628 suisque

126 639 333 684 consulat,
366 645 409 677 ut
441 639 728 690 posteritatem
761 639 912 690 ipsam,
946 641 1064 678 cuius
1097 654 1265 679 sensum
1298 640 1515 678 habiturus
1548 652 1629 677 non
1663 638 1734 684 sit,
1766 637 1817 676 ad
1851 652 1894 676 se

128 708 241 755 putet
282 702 504 754 pertinere.
561 700 651 748 Qua
692 715 733 739 rc
767 701 862 739 livet
894 703 1015 740 ctiam
1051 702 1267 740 mortalem
1300 716 1391 740 esse
1424 703 1605 741 animum
1640 701 1895 739 iudicantem

124 771 292 804 aeterna
326 763 460 802 moliri
494 776 575 801 non
609 762 765 813 gloriae
799 763 1052 814 cupiditate,
1086 777 1211 816 quani
1245 778 1443 802 sensurus
1476 778 1557 802 non
1591 764 1666 810 sit,
1711 763 1782 801 sed
1817 763 1896 802 vir-

126 826 244 871 tutis,
277 839 402 878 quam
435 825 671 863 necessario
705 824 859 876 gloria,
893 826 1015 863 etiam
1050 826 1081 864 si
1116 831 1155 863 tu
1190 825 1228 864 id
1263 840 1345 863 non
1378 840 1499 876 agas,
1532 831 1830 878 consequatur.
1912 835 1946 862 «10

236 889 390 927 Natura
423 900 519 926 vero
551 888 586 926 si
618 900 661 926 se
693 887 750 925 sic
782 886 929 933 babet,
964 893 1027 933 ut,
1060 888 1291 939 quomodo
1324 888 1485 927 initium
1511 889 1628 927 nobis
1651 902 1788 927 rerum
1811 901 1898 926 om-

124 950 237 989 nium
265 955 379 988 ortus
412 955 553 988 noster
584 949 757 995 adferat,
789 949 848 987 sic
872 949 1028 988 exitum
1054 962 1184 988 mors:
1218 955 1260 988 ut
1283 950 1385 988 nihil
1410 951 1609 1002 pertinuit
1631 951 1682 990 ad
1707 964 1780 989 nos
1803 956 1897 990 ante

124 1017 280 1058 ortum,
313 1011 371 1050 sic
404 1011 509 1050 nihil
542 1017 638 1064 post
671 1016 843 1050 mortem
877 1011 1111 1064 pertinebit.
1164 1012 1210 1050 ln
1244 1025 1328 1064 quo
1361 1011 1461 1064 quid
1497 1018 1632 1064 potest
1663 1027 1755 1052 esse
1787 1013 1897 1059 mali,

124 1087 218 1113 cum
260 1086 371 1113 mors
411 1087 488 1112 nec
525 1073 576 1113 ad
621 1074 734 1112 vivos
776 1075 982 1125 pertineat
1020 1086 1097 1112 nec
1129 1073 1180 1113 ad
1212 1076 1428 1112 mortuos?
1473 1074 1601 1113 Alteri
1645 1075 1750 1114 nulli
1789 1080 1897 1121 sunt,

123 1136 275 1175 alteros
317 1149 400 1175 non
440 1136 628 1188 attinget.
688 1134 755 1175 92.
790 1136 924 1183 Quam
958 1137 1029 1189 qui
1063 1136 1260 1175 leviorem
1293 1135 1449 1175 faciunt
1480 1136 1615 1175 somni
1645 1137 1896 1177 simillimam
1913 1148 1947 1176 15

124 1199 270 1239 volunt
301 1211 417 1238 esse:
461 1199 579 1251 quasi
614 1212 710 1237 vero
745 1198 970 1251 quisquam
1003 1199 1057 1238 ita
1090 1199 1318 1250 nonaginta
1349 1211 1482 1237 annos
1516 1198 1615 1237 velit
1646 1199 1808 1246 vivere,
1840 1204 1898 1246 ut,

123 1274 216 1300 cum
262 1261 481 1313 sexaginta
521 1260 769 1306 confecerit,
817 1260 1002 1313 reliquos
1040 1261 1239 1307 dormiat;
1286 1274 1337 1299 ne
1378 1261 1442 1300 sui
1479 1260 1650 1313 quidem
1682 1261 1720 1299 id
1756 1261 1899 1308 velint,

123 1337 207 1362 non
242 1324 363 1364 modo
397 1327 497 1376 ipse.
558 1323 796 1375 Endymion
831 1336 946 1369 vero,
985 1324 1019 1362 si
1050 1322 1211 1362 fabulas
1243 1322 1390 1362 audire
1424 1322 1635 1369 volumus,
1679 1328 1725 1362 ut
1755 1325 1898 1363 nescio

123 1385 294 1439 quando
327 1387 367 1425 in
403 1388 546 1425 Latmo
579 1385 853 1431 obdormivit,
888 1382 975 1438 [qui
1009 1391 1071 1424 est
1102 1398 1221 1424 mons
1256 1381 1437 1437 Cariae‚]
1482 1384 1690 1432 nondum,
1735 1386 1899 1438 opinor,

124 1453 186 1488 est
218 1454 502 1500 experrectus.
560 1448 666 1486 Num
710 1447 838 1498 igitur
869 1461 964 1486 eum
996 1460 1140 1487 curare
1173 1461 1341 1494 censes,
1383 1461 1476 1486 cum
1507 1448 1626 1486 Luna
1658 1448 1846 1488 laboret?
1878 1461 1950 1489 1120

124 1523 206 1563 qua
247 1510 488 1563 consopitus
531 1516 721 1562 putatur,
764 1516 809 1549 ut
847 1522 941 1548 eum
982 1509 1259 1549 dormientem
1302 1509 1573 1550 oscularetur.
1636 1510 1746 1558 Quid
1786 1515 1902 1550 curet

124 1579 284 1619 autem,
317 1572 388 1625 qui
421 1585 473 1611 ne
506 1573 632 1611 sentit
664 1572 866 1625 quidem?
899 1572 1036 1612 Habes
1070 1586 1263 1612 somnum
1296 1573 1519 1626 imaginem
1552 1573 1696 1612 mortis
1724 1586 1900 1625 eamque

125 1635 278 1674 cotidie
311 1634 476 1681 induis,
509 1640 549 1673 et
581 1634 745 1674 dubitas
779 1635 881 1688 quin
914 1649 1062 1674 sensus
1096 1635 1136 1674 in
1170 1640 1301 1674 morte
1331 1635 1471 1674 nullus
1506 1635 1576 1682 sit,
1610 1648 1703 1674 cum
1737 1637 1780 1675 in
1810 1635 1900 1674 eius

128 1697 352 1737 simulacro
386 1697 528 1736 videas
562 1710 653 1735 esse
686 1697 849 1736 nullum
882 1699 1079 1737 sensum?

234 1759 434 1798 XXXIX.
467 1757 532 1797 93.
566 1759 780 1799 Pellantur
811 1773 908 1812 ergo
940 1760 1044 1800 istae
1068 1760 1249 1813 ineptiae
1272 1773 1406 1813 paene
1430 1759 1584 1808 aniles,
1616 1765 1712 1800 ante
1737 1767 1900 1813 tempus
1914 1771 1951 1801 25

123 1823 226 1862 mori
265 1823 462 1862 miserum
506 1834 610 1861 esse.
664 1822 790 1870 Quod
823 1822 992 1861 tandem
1025 1825 1221 1875 tempus?
1264 1824 1529 1862 Naturaene‘t
1566 1823 1618 1862 At
1648 1836 1696 1862 ea
1729 1823 1900 1877 quidem

122 1884 237 1924 dedit
276 1897 445 1924 usuram
486 1884 594 1924 vitae
634 1891 847 1938 tamquam
887 1884 1091 1937 pecuniae
1124 1885 1238 1925 nulla
1272 1885 1518 1938 praestituta
1549 1886 1628 1925 die.
1686 1885 1798 1933 Quid
1839 1889 1902 1925 est

121 1947 249 2000 igitur
279 1947 394 2000 quod
427 1960 624 2000 querare,
664 1947 697 1986 si
729 1948 901 2001 repetit,
942 1961 1035 1986 cum
1066 1948 1185 1987 volt?
1228 1961 1275 1987 ea
1307 1947 1417 1987 enim
1448 1947 1690 1987 conditione
1729 1960 1902 2000 accepe-

125 2022 204 2049 ras.
250 2009 387 2057 Idem,
428 2010 461 2049 si
504 2023 607 2062 puer
643 2023 795 2061 parvus
836 2009 1011 2057 occidit,
1051 2022 1189 2063 aequo
1232 2010 1372 2050 animo
1404 2008 1623 2050 ferendum
1656 2016 1825 2063 putant,
1866 2010 1902 2051 si

123 2085 220 2111 vero
263 2072 305 2111 in
349 2072 488 2119 cunis,
534 2085 585 2111 ne
629 2071 891 2124 querendum
933 2072 1119 2125 quidem.
1165 2073 1293 2126 Atqui
1336 2073 1387 2112 ab
1428 2072 1508 2112 hoc
1539 2072 1731 2112 acerbius
1763 2073 1958 2126 exegit30.

123 2140 269 2173 natura
300 2134 416 2187 quod
448 2134 632 2173 dederat.
681 2134 876 2173 Nondum
909 2140 1168 2187 gustaverat,
1201 2135 1359 2188 inquit,
1391 2135 1501 2175 vitae
1533 2136 1800 2183 suavitatem3
1833 2134 1902 2174 hic

123 2202 262 2236 autem
294 2197 376 2236 iam
408 2196 602 2250 sperabat
633 2209 803 2249 magna,
837 2197 990 2250 quibus
1021 2196 1103 2236 frui
1137 2203 1346 2250 coeperat.
1397 2198 1448 2237 At
1486 2197 1529 2237 id
1561 2197 1730 2251 quidem
1760 2198 1804 2236 in
1836 2211 1902 2238 ce-

211 2388 241 2418 2.
268 2387 381 2418 urbem
410 2390 559 2418 nostram
592 2388 667 2419 CO.
704 2388 848 2419 «Cicero
881 2398 962 2420 cum
987 2389 1188 2420 accusativo
1214 2389 1319 2428 potiri
1344 2389 1502 2429 posuisse
1528 2398 1597 2420 non
1622 2389 1772 2422 videtur.
1810 2392 1901 2421 Lau-

124 2437 251 2469 dantur
276 2438 309 2468 hi
336 2439 471 2468 tantum
496 2437 582 2469 loci:
619 2438 662 2469 de
689 2438 785 2469 Offic.
814 2439 857 2477 11,
885 2438 918 2469 8l
951 2438 995 2477 (at
1020 2438 1066 2469 ibi
1091 2447 1215 2469 omnes
1240 2439 1447 2478 Heusingeri
1474 2440 1508 2469 et
1532 2438 1647 2470 Orellii
1672 2438 1791 2478 codd,
1818 2441 1901 2471 item

124 2488 250 2527 Regius
277 2487 480 2518 parisiensis
506 2488 609 2525 urbe).
638 2488 681 2518 de
708 2488 789 2518 Fato
816 2488 926 2526 (cuius
951 2487 1029 2518 libri
1055 2488 1158 2519 codd.
1186 2497 1302 2529 neque
1327 2488 1391 2529 ipsi
1416 2488 1499 2519 boni
1517 2490 1598 2519 sunt
1615 2498 1731 2529 neque
1750 2498 1789 2520 ex
1808 2489 1902 2520 hono

122 2537 324 2577 Archetypo
350 2537 507 2575 derivati)
537 2538 554 2577 g
582 2537 621 2568 13
649 2536 756 2575 <locus
782 2540 981 2577 corruptus,
1010 2537 1068 2568 ubi
1094 2538 1221 2578 partim
1242 2537 1365 2568 codd:
1393 2538 1622 2577 Karthagine).
1657 2539 1705 2569 Ne
1731 2540 1904 2578 Nepotem

123 2586 286 2626 quidem,
322 2585 415 2627 apud
449 2594 556 2626 quern
583 2588 710 2626 quater
732 2595 769 2617 re
793 2587 909 2625 aliqua
929 2588 1051 2626 potiri,
1085 2588 1200 2619 sexies
1224 2589 1273 2619 rei
1296 2588 1438 2619 alicuius
1461 2586 1587 2627 legitur
1612 2586 1691 2626 (vid.
1719 2588 1834 2618 Bremi
1859 2586 1904 2618 ad

122 2636 204 2667 Milt.
231 2646 261 2667 c.
288 2637 338 2675 ἓ),
366 2635 473 2666 credo
499 2636 598 2667 Eum.
620 2636 638 2666 3
664 2636 849 2676 scripsisse
874 2645 1038 2668 summam
1062 2638 1210 2677 imperii,
1237 2638 1300 2669 sed
1326 2640 1375 2677 (ut
1400 2638 1433 2669 in
1459 2637 1533 2668 aliis
1557 2637 1660 2668 codd.
1689 2640 1751 2677 est)
1776 2645 1906 2668 summa

123 2687 182 2716 aut
205 2687 320 2726 pottus
343 2694 491 2716 summae
516 2687 627 2725 (Attic.
650 2686 668 2716 9
692 2695 823 2724 rerum,
852 2691 953 2726 Agcs.
974 2688 992 2717 2
1011 2687 1160 2726 imperii,
1187 2687 1287 2718 Eum.
1308 2688 1325 2718 7
1343 2687 1460 2717 summi
1476 2687 1631 2726 imperii).
1662 2687 1785 2718 Cicero
1803 2687 1906 2727 igitur

123 2735 196 2766 sine
223 2735 329 2765 dubio
355 2737 405 2767 sic
430 2737 586 2777 scripsit,
615 2738 651 2767 ut
676 2739 729 2768 est
753 2738 786 2768 in
813 2737 1012 2769 Coloniensi
1032 2740 1109 2776 {non
1129 2736 1221 2768 malo
1240 2736 1384 2775 codice),
1411 2735 1501 2768 aliis:
1528 2736 1608 2767 urbe
1623 2739 1748 2767 nostra.
1776 2738 1904 2768 Littera

122 2794 156 2816 m
179 2787 251 2818 sive
277 2789 356 2818 nota
383 2788 457 2819 eius
483 2789 516 2819 in
542 2788 743 2829 Archetypo
768 2791 827 2819 aut
851 2789 884 2819 in
910 2789 954 2824 it,
981 2787 1056 2818 aliis
1082 2795 1254 2827 persaepe
1280 2785 1397 2816 addita
1425 2788 1496 2823 est,
1524 2787 1561 2816 ut
1585 2785 1610 2823 I,
1637 2784 1690 2816 54.
1709 2786 1762 2818 56.
1790 2787 1830 2825 11,
1850 2786 1902 2818 22.

124 2836 177 2866 32.
204 2835 255 2867 48.
283 2837 338 2874 Ill,
364 2837 405 2868 9-8
432 2837 503 2875 (ubi
528 2838 685 2869 Mosei-us
711 2847 752 2869 ex
778 2841 801 2868 G
818 2839 863 2876 R,
890 2837 982 2869 aliis:
1019 2838 1060 2868 sit
1085 2838 1116 2868 ιή
1141 2836 1424 2876 aeyritudineml).
1451 2836 1503 2866 34.
1531 2835 1583 2866 33.
1610 2834 1662 2866 40.
1690 2835 1742 2868 44.
1766 2835 1819 2867 49.
1847 2836 1902 2874 IV,

125 2885 200 2914 ll.»
225 2885 280 2916 W.
305 2903 339 2907 —
365 2885 396 2916 4.
422 2896 487 2917 non
510 2885 531 2917 ἡ
557 2888 695 2918 deterret
721 2888 761 2923 R;
788 2896 853 2918 non
876 2888 972 2918 modo
995 2895 1061 2918 non
1085 2887 1226 2918 deterret
1249 2886 1272 2916 B
1301 2902 1336 2907 —-
1364 2885 1394 2916 6.
1421 2885 1516 2924 lonqe
1536 2887 1640 2923 polest
1663 2885 1688 2917 Ο
1714 2903 1747 2907 -
1773 2885 1904 2925 reipus-

124 2933 254 2972 suisque
279 2935 316 2964 R¹
343 2951 376 2956 —
405 2936 434 2967 7.
461 2940 497 2967 ul
522 2937 564 2967 C:
592 2940 622 2968 ει
645 2937 670 2968 O
699 2954 732 2958 -
759 2937 790 2968 8.
818 2938 969 2968 animam
993 2938 1058 2968 GR
1088 2955 1120 2958 —
1154 2937 1207 2967 Μ.
1234 2936 1261 2966 si
1284 2944 1316 2966 se
1338 2936 1384 2966 sic
1409 2935 1500 2966 Bake
1525 2933 1546 2966 l.
1573 2933 1594 2965 I.
1622 2944 1654 2975 p.
1674 2934 1715 2966 80
1740 2934 1780 2975 (si
1803 2935 1849 2965 sic
1873 2943 1905 2966 se

126 2982 159 3013 F.
186 2983 226 3014 V.
254 2984 423 3015 Graserus
454 2986 574 3024 Progr.
601 2985 736 3016 Guben.
764 2994 794 3017 3.
825 2986 937 3025 latii:
974 2995 1006 3018 se
1036 2987 1081 3017 stc
1111 2986 1155 3022 C;
1187 2986 1232 3016 sic
1255 2994 1287 3016 se
1311 2986 1335 3016 Ο
1362 3002 1396 3006 -
1426 2986 1477 3016 15.
1505 2985 1637 3025 αιιίηςὶι
1661 2985 1686 3016 Ο
1714 3001 1747 3006 --
1776 2985 1828 3015 17.
1853 2985 1905 3015 sui

126 3031 254 3063 Keilius
279 3033 434 3070 Quaestt.
462 3033 545 3065 Tull.
573 3036 673 3075 Spec.
703 3036 831 3075 (Liegn.
857 3036 951 3075 48:393·
980 3046 1012 3076 p.
1040 3035 1113 3066 XIV
1138 3043 1190 3074 sq.
1219 3037 1251 3066 et
1275 3035 1330 3065 vir
1353 3034 1478 3065 doctus
1505 3034 1554 3073 (C.
1581 3034 1618 3065 K.
1638 3034 1707 3073 W.)
1734 3034 1767 3064 in
1793 3032 1900 3065 Class.

128 3080 211 3112 Mus.
239 3090 271 3112 n.
299 3082 386 3113 XXV
412 3083 531 3119 <Lond.
562 3084 674 3123 i849):
704 3093 775 3116 sues
800 3085 864 3116 CO
896 3102 929 3107 —
965 3086 1016 3116 49.
1044 3085 1100 3124 qui
1130 3088 1175 3116 esc
1204 3092 1298 3115 mons
1322 3083 1442 3115 Cariae
1466 3082 1534 3114 del.
1560 3084 1652 3114 Bake
1683 3081 1705 3114 l.
1732 3081 1752 3114 I.
1780 3091 1813 3124 p.
1839 3082 1901 3120 80;

127 3138 190 3160 nos
214 3130 436 3163 seclusimus.
466 3149 502 3155 —
528 3132 581 3164 23.
607 3134 642 3163 in
667 3136 745 3164 ante
770 3135 839 3165 eius
863 3143 931 3165 om.
961 3136 984 3165 C
1014 3152 1046 3157 —
1076 3134 1130 3165 u26.
1157 3134 1200 3164 αα
1224 3142 1262 3164 ea
1287 3134 1311 3164 C
1340 3150 1374 3154 -—
1401 3133 1454 3164 29.
1481 3134 1580 3165 Iidem
1603 3134 1628 3163 O
1657 3151 1691 3155 —
1719 3132 1771 3164 30.
1798 3141 1904 3172 quae-

126 3179 264 3210 rendum
294 3182 357 3212 GR
391 3197 426 3202 —
463 3181 516 3212 32.
543 3186 579 3212 αι
609 3191 698 3213 corr.
727 3183 804 3214 ead.
833 3192 880 3214 m.
908 3193 947 3215 ex
981 3185 1024 3215 ad
1055 3184 1096 3220 Β;
1131 3184 1175 3214 ad
1199 3184 1222 3213 G
1239 3184 1263 3214 R
1291 3200 1326 3205 —
1351 3183 1482 3222 quidem
1507 3183 1550 3213 C:
1579 3183 1710 3221 quidem
1732 3183 1839 3222 ipsum
1863 3182 1899 3213 O.

127 3228 230 3259 «Post
252 3230 383 3267 quidem
428 3230 651 3270 superfluum
676 3232 783 3271 ipsum
807 3233 872 3263 est.
906 3233 1015 3274 Supra
1042 3235 1112 3264 est:
1143 3236 1177 3264 αι
1201 3241 1241 3264 ea
1264 3232 1395 3272 quidem
1419 3232 1474 3274 (cf.
1502 3233 1576 3264 Cat.
1603 3233 1646 3265 M.
1673 3233 1693 3273 §
1718 3231 1789 3272 35);
1818 3232 1836 3271 S
1861 3230 1901 3262 90

130 3279 248 3308 recte:
276 3279 315 3309 Δι
338 3278 372 3309 id
394 3278 535 3318 ipsum.»
563 3280 616 3312 W.
