2249 3624
508 175 594 214 Lm.
626 174 673 212 V.
716 173 809 212 Car.
844 170 1152 211 XXI—XXII.
1190 168 1248 222 ἕξ
1281 166 1474 208 ἲ37-62,
1796 162 1870 204 195

115 289 420 341 intellegantur.
482 286 694 326 Praeclare
728 285 836 324 enim
871 284 1007 323 Plato:
1048 285 1279 329 Beatum,
1321 282 1403 321 cui
1447 279 1598 320 etiam
1639 278 1690 317 in
1728 289 1872 345 sene?

117 357 258 391 ctute
290 350 574 401 contigerit
608 355 659 387 ut
692 347 1010 400 sapientiam
1044 358 1304 398 verasque
1338 343 1629 397 opiniones
1661 352 1868 392 assequi

116 413 310 466 possit!
345 412 502 460 Quare,
536 412 731 464 quoniam
767 410 816 447 de
849 409 991 461 primis
1024 415 1194 448 naturae
1227 406 1454 446 conumodis
1486 404 1586 444 satis
1614 402 1769 442 dictum
1796 408 1869 449 est,

115 489 225 514 nunc
256 475 306 513 de
329 474 554 512 maioribus
577 472 1016 524 consequentibusque
1042 471 1267 509 videamus.
1316 468 1381 507 39.
1404 470 1554 507 Natura
1577 466 1701 519 igitur
1721 478 1872 517 corpus

116 537 285 588 quidem
326 535 505 574 hominis
551 536 608 574 sic
642 541 680 572 et
713 534 853 584 genuit
886 539 925 571 ct
956 532 1166 579 formavit,
1206 539 1247 570 ut
1279 532 1359 570 alia
1393 531 1432 570 in
1467 531 1598 583 primo
1632 534 1722 567 ortu
1755 524 1906 580 perii-5

115 602 245 642 cerel,
286 596 365 635 alia
399 596 687 648 progrediente
720 600 854 633 aetate
887 593 1076 645 lingeret,
1120 608 1257 646 neque
1290 606 1388 632 sane
1421 592 1594 632 multum
1627 589 1876 629 adiumentis

116 658 298 697 externis
339 664 377 696 et
409 657 654 696 adventiciis
688 663 884 695 uteretur.
943 657 1137 695 Animum
1169 662 1304 694 autem
1338 656 1511 707 reliquis
1543 653 1666 692 rebus
1698 652 1754 691 ita
1786 664 1878 704 per-

117 719 232 764 fecit,
265 724 309 758 ut
340 732 513 772 corpus:
557 719 747 757 sensibus
781 719 888 757 enini
921 719 1083 757 ornavit
1115 719 1163 756 ad
1197 732 1262 756 res
1296 716 1586 769 percipiendas
1620 715 1803 761 idoneis,
1838 718 1880 752 ut

117 781 217 821 nihil
251 787 319 820 aut
352 795 433 819 non
469 781 641 820 multum
675 780 915 819 adiumento
948 781 1033 819 ullo
1058 779 1107 819 ad
1131 794 1249 818 suam
1274 778 1628 818 confirmationem
1653 777 1878 828 indigeret:

117 843 225 897 quod
257 849 393 882 autem
426 844 465 881 in
498 843 665 881 homine
694 842 1094 895 praestantissimum
1119 847 1244 894 atque
1268 843 1469 893 optimum
1494 847 1578 888 est,
1614 840 1651 879 id
1677 839 1880 878 deseruit:
1900 848 1930 876 ¹0

117 906 191 945 etsi
225 905 339 944 dedit
382 905 504 944 talem
536 911 737 950 mentem,
781 917 887 956 quae
921 918 1085 943 omnem
1121 905 1311 943 virtutem
1345 905 1532 956 accipere
1565 909 1727 956 posset,
1768 902 1882 953 inge-

117 969 291 1021 nuitque
323 968 411 1007 sine
445 967 637 1006 doctrina
671 967 836 1005 notitias
871 980 1015 1019 parvas
1039 979 1175 1006 rerum
1202 967 1475 1005 maximarum
1501 972 1541 1004 et
1563 966 1680 1018 quasi
1704 962 1884 1003 instituit

119 1031 267 1070 docere
300 1036 339 1069 et
370 1030 534 1069 induxit
566 1029 606 1068 in
642 1042 710 1071 ea,
745 1042 851 1081 quae
885 1029 1066 1075 inerant,
1100 1034 1311 1081 tamquam
1345 1028 1550 1067 elementa
1583 1027 1759 1066 virtutis.
1803 1025 1882 1065 Sed

119 1093 310 1132 virtutem
345 1092 476 1144 ipsam
511 1091 740 1137 inchoavit,
775 1091 877 1130 nihil
900 1092 1092 1143 amplius.
1147 1090 1213 1130 60.
1238 1092 1381 1143 ltaque
1404 1096 1590 1130 nostrum
1613 1095 1675 1129 est
1695 1112 1746 1118 —-
1770 1088 1883 1141 quod

118 1161 302 1194 nostrum
336 1154 451 1200 dico,
483 1154 583 1192 artis
611 1159 672 1192 est
693 1175 746 1181 —-
769 1154 818 1192 ad
843 1167 889 1193 ea
912 1155 1132 1207 principia,
1166 1167 1271 1207 quae
1294 1154 1552 1206 accepimus,
1585 1152 1936 1206 consequentiam

118 1217 360 1270 exquirere,
402 1216 537 1269 quoad
571 1217 622 1255 sit
654 1215 716 1262 id,
760 1215 871 1268 quod
905 1217 1120 1263 volumus,
1164 1217 1377 1255 effectum:
1410 1215 1520 1269 quod
1555 1215 1722 1268 quidem
1755 1214 1886 1267 pluris

118 1279 171 1319 sit
202 1279 312 1318 haud
345 1278 470 1331 paulo
506 1278 721 1330 magisque
755 1280 891 1329 ipsum
924 1284 1092 1331 propter
1123 1292 1166 1318 se
1197 1278 1478 1331 expetendum
1503 1290 1625 1330 quam
1648 1283 1719 1316 aut
1740 1290 1887 1316 sensus

119 1348 189 1381 aut
220 1342 408 1394 corporis
441 1354 507 1387 ea,
542 1354 649 1393 quae
682 1339 886 1387 diximus,
919 1341 1069 1392 quibus
1102 1346 1260 1380 tantum
1293 1345 1475 1393 praestat
1502 1339 1654 1379 mentis
1677 1339 1888 1378 excellens

121 1403 343 1457 perfectio,
390 1409 435 1443 ut
482 1404 549 1442 vix
593 1404 764 1455 cogitari
812 1405 966 1455 possit,
1013 1404 1112 1457 quid
1154 1404 1330 1443 intersit.
1391 1404 1535 1456 Itaque
1569 1402 1704 1441 omnis
1736 1402 1888 1448 honos,

121 1467 255 1507 omnis
294 1466 535 1512 admiratio,
577 1480 697 1506 omne
741 1466 925 1505 studium
966 1467 1016 1506 ad
1048 1467 1242 1506 virtutem
1275 1471 1316 1505 et
1347 1465 1398 1504 ad
1431 1479 1499 1504 eas
1531 1465 1739 1511 actiones,
1781 1477 1888 1518 quae
1904 1472 1939 1500 20

121 1530 259 1570 virtuti
292 1535 389 1568 sunt
421 1534 749 1575 consentaneae,
781 1528 980 1576 refertur,
1013 1542 1145 1582 eaque
1179 1529 1338 1575 omnia,
1372 1541 1479 1581 quae
1503 1533 1573 1567 aut
1598 1528 1654 1567 ita
1676 1527 1718 1566 in
1741 1527 1890 1566 animis

119 1598 214 1632 sunt
256 1597 326 1631 aut
362 1592 417 1631 ita
458 1596 676 1644 geruntur,
717 1604 801 1630 uno
834 1592 1002 1630 nomine
1035 1592 1210 1631 honesta
1243 1591 1459 1631 dicuntur:
1492 1604 1670 1644 quorum
1704 1590 1890 1629 omnium

119 1667 224 1707 quae
256 1654 338 1694 sint
377 1654 551 1693 notitiae
583 1653 820 1706 quibusque
852 1652 1142 1705 significentur
1178 1667 1315 1694 rerum
1347 1653 1561 1694 vocabulis
1595 1665 1789 1706 quaeque
1821 1666 1891 1692 cu-

121 1717 270 1770 iusque
303 1716 364 1755 vis
397 1722 437 1756 et
467 1722 613 1756 natura
644 1716 716 1763 sit,
749 1728 845 1755 mox
876 1715 1123 1756 videbimus.

232 1779 365 1818 XXII.
399 1775 465 1818 61.
497 1779 586 1818 IIoc
618 1784 755 1818 autem
787 1778 877 1818 loco
910 1783 1069 1817 tantum
1101 1779 1380 1832 explicemus,
1420 1779 1524 1818 haec
1554 1778 1753 1827 honesta,
1785 1785 1941 1833 quae25

120 1842 234 1889 dico,
265 1847 556 1894 praeterquam
590 1840 702 1894 quod
725 1846 890 1880 nosmet
922 1841 1034 1893 ipsos
1058 1840 1280 1893 diligamus
1297 1873 1308 1889 ,
1340 1847 1556 1896 praeterea
1578 1846 1725 1894 suapte
1746 1847 1893 1882 natura

121 1918 194 1958 per
224 1917 267 1944 se
301 1917 391 1943 esse
423 1904 668 1956 expetenda.
720 1904 910 1942 Indicant
944 1904 1084 1957 pueri,
1125 1904 1167 1943 in
1200 1905 1350 1957 quibus
1382 1909 1428 1944 ut
1458 1905 1500 1944 in
1531 1904 1713 1958 speculis
1745 1910 1892 1945 natura

121 1966 315 2006 cernitur.
377 1966 542 2014 Quanta
580 1967 715 2005 studia
749 1965 1051 2005 decertantium
1092 1967 1211 2006 sunt!
1253 1972 1406 2021 quanta
1439 1967 1530 2021 ipsa
1561 1967 1806 2007 certamina!
1846 1972 1893 2007 ut

121 2029 182 2068 illi
223 2030 452 2069 efferuntur
490 2028 670 2075 laetitia,
715 2042 806 2068 cum
846 2028 1058 2068 vicerunt!
1099 2034 1144 2068 ut
1185 2029 1315 2082 pudet
1351 2030 1507 2070 victos!
1546 2035 1592 2070 ut
1630 2043 1674 2070 se
1706 2030 1890 2071 accusari

121 2092 291 2132 nolunt!
341 2104 465 2144 quam
498 2092 671 2144 cupiunt
701 2090 883 2130 laudari!
929 2104 1032 2144 quos
1074 2091 1132 2131 illi
1176 2092 1340 2132 labores
1372 2092 1612 2145 perferunt,
1653 2098 1699 2133 ut
1737 2096 1959 2147 aequa-30¹

121 2155 222 2194 lium
264 2154 469 2207 principes
513 2154 618 2193 sint!
665 2167 772 2207 quae
811 2153 1011 2193 memoria
1050 2158 1112 2193 est
1150 2154 1191 2193 in
1232 2155 1281 2195 iis
1321 2156 1427 2195 bene
1464 2155 1737 2195 merentiuml
1783 2168 1891 2208 quae

122 2215 364 2257 referendae
396 2216 550 2269 gratiae
583 2216 810 2269 cupiditas!
853 2217 990 2269 Atque
1023 2229 1071 2256 ea
1102 2216 1144 2255 in
1175 2218 1332 2270 optima
1355 2231 1522 2272 quaque
1546 2217 1688 2258 indole
1710 2218 1891 2257 maxime

123 2285 342 2333 apparent,
382 2278 425 2318 in
467 2291 548 2332 qua
586 2278 689 2318 haec
728 2278 922 2326 honesta,
960 2292 1063 2332 quae
1102 2279 1403 2333 intellegimus,
1441 2293 1466 2320 a
1504 2286 1651 2320 natura
1682 2286 1891 2334 tamquam

123 2342 432 2382 adumbrantur.
493 2339 560 2381 62.
600 2341 681 2381 Sed
721 2341 825 2381 haec
862 2341 906 2380 in
945 2340 1107 2394 pueris:
1149 2354 1350 2395 expressa
1380 2356 1478 2382 vero
1516 2342 1640 2382 iniis
1673 2342 1891 2389 aetatibus,

125 2416 231 2457 quae
269 2405 350 2444 iam
389 2403 658 2444 confirmatae
696 2409 803 2443 suut.
868 2404 972 2451 Quis
1014 2409 1075 2442 est
1116 2409 1198 2443 tam
1232 2404 1448 2444 dissimilis
1479 2403 1659 2451 homini,
1703 2404 1775 2457 qui
1807 2417 1891 2443 non
1906 2409 1942 2437 35

123 2472 341 2506 moveatur
382 2470 422 2505 et
460 2466 694 2506 offensione
734 2465 1005 2518 turpitudinis
1045 2470 1085 2504 et
1121 2466 1459 2518 comprobatione
1497 2466 1757 2506 honestatis?
1800 2467 1891 2519 quis

125 2533 187 2568 est
224 2529 295 2581 qui
332 2541 417 2568 non
450 2528 585 2568 oderit
623 2527 906 2581 libidinosam,
948 2532 1186 2580 protervam
1225 2527 1582 2568 adulescentiam?
1625 2528 1718 2581 quis
1751 2534 1892 2568 contra

122 2590 164 2629 in
201 2589 273 2629 illa
314 2596 448 2630 aetate
489 2590 711 2643 pudorem,
757 2590 1053 2637 constantiam,
1100 2591 1221 2629 etiam
1264 2590 1297 2630 si
1338 2603 1413 2630 sua
1443 2589 1549 2629 nihil
1579 2589 1760 2638 intersit,
1808 2604 1891 2630 non

124 2655 263 2692 tamen
287 2651 458 2705 diligat?
491 2653 582 2706 quis
604 2652 767 2692 Pullum
786 2651 1085 2700 Numitorium,
1116 2652 1407 2705 Fregellanum
1438 2651 1718 2705 proditorem,
1751 2665 1893 2706 quam-

215 2839 230 2848 u

213 2849 245 2870 o.
270 2841 306 2869 ut
336 2838 406 2869 alia
434 2837 468 2868 in
495 2847 529 2877 p.
555 2838 653 2869 hortu
672 2840 846 2879 perficere,
878 2838 948 2869 alia
974 2847 1009 2878 p.
1038 2841 1146 2870 aetate
1165 2839 1289 2879 fingere
1320 2837 1450 2869 Nonius
1475 2846 1509 2877 p.
1537 2836 1610 2868 308.
1637 2854 1672 2859 —
1707 2837 1759 2868 46.
1787 2838 1896 2877 quoad

127 2886 179 2928 sit]
204 2897 266 2927 quo
291 2888 370 2918 assit
393 2888 417 2918 B
446 2905 479 2909 —
509 2887 560 2919 17.
586 2888 627 2918 sil
652 2896 720 2919 om.
747 2888 771 2919 Β
800 2905 833 2909 -
860 2888 940 2919 haut
966 2890 1046 2926 (non
1069 2888 1163 2927 hanc)
1189 2889 1212 2918 B
1230 2888 1252 2918 E
1272 2904 1306 2909 -—
1335 2887 1388 2919 49.
1411 2887 1570 2926 profectio
1594 2887 1619 2917 E
1640 2904 1674 2908 —
1702 2887 1791 2928 quid]
1810 2888 1896 2926 quod

126 2936 151 2967 B
178 2954 213 2959 —
239 2938 292 2968 24.
319 2940 532 2968 consentanee
553 2940 628 2967 sunt
651 2937 675 2968 B
703 2955 737 2959 —
772 2937 826 2968 23.
853 2946 938 2976 quae
961 2938 1184 2969 Matthiaeus:
1220 2946 1368 2976 quaeque
1392 2936 1514 2973 codd.;
1542 2938 1564 2976 -ζ-
1589 2945 1738 2976 quaeque
1761 2937 1830 2968 MO
1856 2954 1891 2958 —

129 2986 307 3028 quibusque
331 2987 509 3018 Davisius:
545 2995 692 3026 quaeque
714 2987 738 3018 B
755 2987 824 3018 MO
853 3003 886 3008 —
920 2987 1101 3027 significent
1125 2987 1149 3018 B
1164 2987 1189 3018 E
1218 3005 1251 3008 —
1286 2986 1443 3025 cuiusque
1464 2986 1523 3026 vis]
1549 2986 1693 3017 cuiusuis
1718 2987 1798 3024 (non
1822 2995 1896 3017 cum

128 3037 205 3076 suis)
229 3037 293 3068 BE
318 3053 353 3058 —
381 3036 433 3067 27.
461 3035 607 3067 iudicant
631 3036 654 3067 B
671 3037 695 3067 E
724 3054 755 3058 -
783 3037 838 3068 ⁹28.
865 3037 1089 3068 decertantum
1112 3037 1175 3066 sint
1200 3037 1222 3067 B
1238 3036 1261 3066 E
1290 3052 1323 3058 —
1356 3036 1410 3066 29.
1435 3035 1584 3066 vicerunt
1607 3035 1818 3074 Madvigius:
1845 3037 1898 3066 ri-

129 3087 231 3118 cerint
256 3085 358 3117 codd.
386 3087 419 3116 et
444 3084 469 3115 Ο
497 3102 531 3106 -
558 3085 611 3116 30.
637 3085 748 3116 volunt
771 3086 795 3116 B
822 3102 857 3107 ——
881 3086 1053 3125 perferunt
1077 3085 1267 3125 Madvigius
1293 3086 1337 3123 (in
1354 3085 1607 3124 adnotatione):
1643 3094 1704 3115 non
1728 3085 1900 3125 perferunt

129 3135 296 3169 BEMO:
329 3144 392 3166 non
421 3134 531 3173 serunt
555 3135 580 3165 G
607 3136 691 3173 (non
717 3135 758 3173 E>
788 3151 822 3156 —-
857 3134 909 3166 34.
936 3135 995 3174 hys
1024 3135 1067 3171 133
1097 3135 1146 3166 his
1175 3136 1199 3166 O
1227 3152 1260 3156 —
1297 3134 1348 3166 32.
1375 3143 1449 3166 eam
1478 3135 1602 3174 optima
1633 3135 1695 3165 BE
1723 3151 1757 3155 —
1792 3136 1900 3166 indole

131 3192 261 3224 quaque
283 3185 307 3216 B
333 3202 367 3207 —
394 3183 447 3215 34.
472 3192 629 3223 expressa
651 3193 729 3215 vero
753 3185 786 3215 in
809 3185 867 3223 hys
889 3185 933 3216 B:
961 3194 1116 3224 eoepressa
1139 3186 1173 3216 in
1198 3186 1237 3216 iis
1259 3193 1336 3215 vero
1359 3183 1414 3215 alii
1439 3184 1563 3221 codd.;
1595 3184 1631 3215 In
1655 3185 1694 3215 iis
1718 3193 1793 3216 cero
1818 3194 1898 3217 cum

132 3233 246 3265 Marso
272 3234 296 3265 Ο
324 3250 359 3255 -
387 3233 439 3265 35.
465 3236 555 3272 sunl,
586 3234 658 3274 quis
682 3234 706 3266 O
734 3251 766 3255 -
802 3233 854 3266 36.
881 3237 911 3266 et
942 3236 1022 3266 ante
1047 3236 1157 3274 offenS.
1184 3242 1253 3266 om.
1280 3234 1304 3264 B
1332 3250 1366 3256 —
1393 3233 1446 3265 39.
1473 3233 1635 3275 diliyatur
1657 3234 1681 3265 Β
1711 3251 1745 3256 -
1780 3243 1900 3274 quam-

131 3282 244 3324 quam]
268 3290 450 3322 numquam
468 3282 505 3314 B.
