2249 3624
257 192 340 236 862
981 193 1052 232 DE
1081 192 1308 232 LEGIBUS

259 306 301 342 et
330 300 612 355 cogitationis,
656 313 749 339 cum
793 302 932 338 cetera
973 298 1055 338 sint
1092 297 1232 337 omnia
1273 296 1473 349 expertia.
1533 294 1646 343 Quid
1678 299 1742 335 est
1770 299 1911 335 autem
1940 307 2025 334 non

258 365 392 405 dicam
423 364 464 403 in
496 363 678 410 homine,
711 361 784 401 sed
815 361 859 400 in
890 361 1003 400 omni
1034 360 1150 400 caelo
1181 365 1306 413 atque
1338 364 1459 405 terra,
1489 358 1652 398 ratione
1676 357 1883 398 divinius!
1918 370 2026 411 quae

258 440 352 466 cum
384 426 567 466 adolevit
597 430 722 477 atque
752 423 938 477 perfecta
969 428 1055 469 est,
1085 422 1328 462 nominatur
1359 421 1437 460 rite
1470 420 1688 473 sapientia.
1747 417 1815 459 23.
1846 421 1921 459 Est
1948 420 2028 472 igi-

257 495 344 536 tur,
385 488 585 542 quoniam
625 486 731 526 nihil
773 491 836 525 est
874 486 1035 525 ratione
1066 485 1215 524 melius
1255 490 1406 536 estque
1446 488 1487 522 et
1516 483 1560 522 in
1590 482 1760 522 homine
1792 486 1832 522 et
1861 482 1904 521 in
1931 481 2027 529 deo,

227 552 390 605 5prima
421 549 581 590 homini
614 562 706 588 cum
738 547 816 587 deo
847 548 1021 587 rationis
1054 548 1244 586 societas.
1305 546 1419 585 Inter
1451 558 1556 598 quos
1588 550 1726 584 autem
1758 544 1888 591 ratio,
1918 544 2027 584 inter

259 614 428 654 eosdem
468 612 593 652 etiam
623 616 737 650 recta
767 610 872 649 ratio
903 615 967 649 est
996 609 1242 649 communis.
1304 608 1422 656 Quae
1455 621 1549 646 cum
1581 608 1634 646 sit
1664 607 1756 654 lex,
1796 607 1890 660 lege
1922 619 2029 660 quo-

258 690 341 730 que
373 674 603 716 consociati
635 673 828 712 homines
869 686 960 712 cum
1003 671 1067 711 dis
1099 671 1274 723 putandi
1307 684 1464 710 sumus.
1525 670 1639 709 Inter
1669 683 1776 723 quos
1807 682 1932 722 porro
1964 673 2030 709 est

258 738 498 779 communio
528 736 648 789 legis,
677 736 787 775 inter
816 748 887 774 eos
919 734 1160 773 communio
1191 734 1294 773 iuris
1327 739 1403 772 est.
1455 733 1620 781 Quibus
1641 737 1781 772 autem
1802 732 1907 772 haec
1928 736 2030 772 sunt

258 802 384 850 [inter
406 802 494 848 eos]
528 799 780 843 communia,
813 797 851 836 ei
874 796 1052 836 civitatis
1085 795 1273 835 eiusdem
1304 794 1487 834 habendi
1519 800 1629 834 sunt.
1691 795 1734 834 Si
1764 807 1864 834 vero
1894 793 2027 834 isdem

205 864 443 916 ioimperiis
475 867 516 902 et
546 860 824 914 potestatibus
854 864 1028 912 parent,
1068 858 1199 897 multo
1238 858 1320 897 iam
1361 858 1506 910 magis.
1566 858 1717 897 Parent
1755 862 1894 897 autem
1932 856 2029 896 huic

259 926 430 967 caelesti
481 923 744 977 discriptioni
787 922 1003 975 mentique
1045 920 1209 960 divinae
1251 925 1292 959 et
1330 920 1594 972 praepotenti
1638 919 1746 959 deo:
1808 925 1864 958 est
1902 919 2030 970 ὁρίων

257 988 479 1028 universus
517 987 587 1026 hic
626 984 808 1025 mundus
846 997 930 1023 una
968 983 1113 1023 civitas
1153 982 1388 1022 communis
1427 982 1603 1021 deorum
1645 986 1771 1035 atque
1812 981 2029 1021 hominum

259 1050 552 1091 existimanda.
611 1046 662 1088 Et
700 1047 813 1100 quod
852 1048 896 1086 in
936 1045 1172 1086 civitatibus
1212 1045 1373 1084 ratione
1411 1045 1615 1097 quadam,
1656 1044 1707 1084 de
1745 1056 1828 1097 qua
1868 1043 2031 1082 dicetur

256 1115 409 1154 idoneo
441 1113 558 1159 loco,
590 1110 883 1163 agnationibus
914 1109 1168 1148 familiarum
1201 1107 1522 1160 distinguuntur
1552 1112 1707 1154 status,
1745 1105 1786 1146 id
1817 1106 1860 1145 in
1890 1118 2029 1145 rerum

209 1187 244 1214 ¹15
258 1183 404 1217 natura
434 1181 551 1216 tanto
584 1179 647 1213 est
677 1172 1014 1225 magnificentius
1046 1175 1246 1222 tantoque
1278 1169 1550 1222 praeclarius,
1573 1175 1620 1209 ut
1639 1169 1832 1208 homiues
1855 1167 2029 1208 deorum

258 1239 484 1292 agnatione
515 1242 557 1276 et
586 1242 710 1289 gente
741 1241 978 1275 teneantur.

370 1301 479 1339 VIII.
525 1297 591 1339 ¹24.
638 1300 740 1338 Nam
780 1312 873 1337 cum
913 1296 964 1335 de
1005 1300 1153 1335 natura
1192 1295 1371 1335 hominis
1404 1294 1646 1348 quaeritur,
1687 1292 1892 1346 disputari
1924 1291 2031 1332 solet

260 1363 472 1412 [nimirum
496 1362 553 1401 ita
576 1367 690 1408 sunt,
714 1366 759 1400 ut
785 1360 1090 1413 disputantur]‚
1124 1357 1340 1410 perpetuis
1373 1357 1567 1396 cursibus
1599 1355 2030 1407 conversionibusque

257 1426 506 1466 caelestibus
538 1425 751 1463 exstitisse
784 1421 995 1476 quandam
1027 1420 1308 1460 maturitatem
1331 1418 1498 1458 serendi
1522 1419 1688 1471 generis
1709 1417 1895 1465 humani,
1918 1416 2030 1471 quod

206 1500 449 1542 20sparsum
487 1488 529 1527 in
571 1492 702 1526 terras
743 1490 872 1538 atque
914 1489 1049 1523 satum
1091 1482 1233 1521 divino
1276 1487 1444 1521 auctum
1486 1481 1540 1520 sit
1578 1481 1812 1520 animorum
1845 1493 2031 1527 munere,

258 1564 469 1606 quomque
501 1550 582 1590 alia
614 1549 766 1602 quibus
799 1548 1071 1586 cohaererent
1099 1545 1292 1584 homines
1325 1558 1346 1584 e
1378 1544 1544 1583 mortali
1578 1557 1731 1596 genere
1763 1543 2031 1596 sumpserint,

259 1627 365 1668 quae
403 1611 567 1665 fragilia
607 1616 746 1651 essent
785 1615 827 1649 et
865 1609 1043 1655 caduca,
1084 1608 1271 1646 animum
1315 1620 1406 1646 esse
1438 1607 1728 1659 ingeneratum
1760 1619 1783 1645 a
1814 1604 1908 1645 deo.
1966 1605 2032 1645 Ex

259 1691 343 1730 quo
376 1689 475 1716 vere
512 1675 577 1715 vel
608 1674 776 1727 agnatio
809 1672 928 1712 nobis
961 1684 1053 1710 cum
1086 1669 1332 1709 caelestibus
1370 1668 1436 1708 vel
1468 1682 1599 1721 genus
1631 1668 1697 1708 vel
1729 1668 1854 1720 stirps
1885 1667 2032 1720 appel-

257 1739 335 1779 lari
368 1744 517 1792 potest.
577 1738 723 1790 Itaque
764 1749 815 1775 ex
857 1740 919 1774 tot
960 1732 1183 1786 generibus
1223 1731 1383 1771 nullum
1416 1736 1480 1770 est
1510 1730 1666 1770 animal
1696 1735 1865 1783 praeter
1896 1728 2032 1769 homi-

349 1913 378 1943 4.
405 1916 434 1942 et
457 1910 665 1950 cogitationis
689 1917 760 1940 om.
780 1908 802 1938 B
831 1925 866 1929 -
905 1916 1003 1946 quom
1028 1906 1064 1944 Β,
1092 1914 1176 1944 quor
1199 1906 1238 1942 Α,
1265 1903 1328 1935 sed
1353 1913 1371 1934 r
1396 1904 1428 1934 in
1454 1912 1522 1934 ras.
1551 1920 1585 1924 —
1623 1903 1720 1934 celeri
1744 1904 1784 1934 Al
1813 1920 1845 1925 —-
1873 1901 2032 1942 eoepartia

258 1962 297 1993 Β1
325 1979 355 1984 -
386 1960 416 1991 3.
445 1968 543 1999 quom
566 1961 594 1990 A
632 1976 666 1980 —-
706 1957 737 1989 4.
763 1961 873 1995 estque
897 1956 1039 1997 scripsi:
1078 1964 1181 1996 eaque
1205 1955 1327 1989 ABO.
1362 1953 1424 1985 sed
1450 1953 1558 1984 habet
1580 1954 1608 1984 A
1632 1962 1671 1984 ea
1694 1953 1728 1983 in
1752 1961 1844 1990 ras„
1879 1960 1960 1997 §quq
1983 1952 2030 1988 H:

259 2020 361 2050 eaque
385 2013 429 2041 est
453 2009 589 2048 Madvig
629 2026 662 2030 —-
700 2008 730 2038 ὃ.
757 2006 899 2037 rationis
922 2010 951 2036 et
976 2006 1112 2036 societas
1136 2005 1163 2035 H
1190 2021 1224 2026 —-
1262 2005 1394 2035 ratione
1419 2002 1458 2034 H¹
1482 2021 1525 2026 --
1550 2003 1579 2033 6.
1606 2005 1653 2034 est
1676 2002 1857 2033 communis
1880 2001 1972 2033 Bake
1998 2002 2032 2032 et

260 2059 471 2100 Feldhugel:
504 2063 533 2090 et
556 2058 739 2089 communis
762 2060 808 2087 est
833 2057 869 2091 C,
897 2065 1013 2087 comm.
1033 2059 1078 2087 est
1103 2056 1126 2086 O
1165 2072 1199 2076 -
1238 2055 1269 2085 7.
1296 2054 1472 2085 eonsotiati
1497 2056 1535 2091 Α,
1561 2053 1729 2084 conciliati
1752 2052 1855 2083 codd.
1884 2051 1970 2083 dett.
1996 2053 2031 2082 et

260 2111 284 2142 O
312 2128 347 2131 —
374 2111 422 2140 dis
446 2110 469 2140 C
497 2108 572 2149 (sed
596 2110 620 2139 A
648 2107 752 2138 habet
778 2107 812 2137 in
831 2106 930 2145 ras.):
958 2106 1020 2136 diis
1037 2106 1061 2136 O
1089 2121 1123 2127 -
1152 2105 1182 2135 9.
1209 2105 1295 2135 inter
1318 2112 1370 2134 eos
1395 2111 1475 2134 cum
1499 2103 1638 2134 Mosero
1662 2101 1743 2133 incl.
1763 2102 1799 2138 Ο,
1827 2101 1891 2133 nisi
1915 2100 2031 2142 potius

258 2161 344 2191 inter
367 2161 454 2199 ipsos
478 2158 725 2199 corrigendum
752 2159 816 2188 est.
854 2157 1080 2187 Locutionem
1108 2154 1300 2185 defendere
1326 2154 1472 2184 conatus
1498 2154 1550 2183 est
1568 2152 1681 2183 Haase
1699 2151 1743 2182 ad
1760 2151 1898 2191 Reisigii
1917 2149 2028 2182 schol.

259 2210 281 2242 l.
308 2212 381 2241 Lat.
410 2212 481 2241 not.
509 2208 584 2240 374.
625 2225 658 2229 -
697 2207 863 2238 communi
886 2207 911 2236 B
950 2223 983 2227 —-
1023 2205 1051 2236 ei
1076 2204 1185 2235 Bake:
1225 2206 1253 2234 ct
1279 2203 1318 2241 C,
1355 2202 1418 2233 sed
1444 2201 1551 2233 habet
1575 2203 1599 2232 A
1626 2202 1659 2232 in
1684 2208 1774 2238 ras.;
1802 2201 1830 2232 ei
1854 2209 1923 2232 om.
1943 2201 1968 2232 O
1994 2217 2029 2222 —

259 2258 396 2293 ciuitate
426 2260 454 2291 H
494 2276 529 2281 —
571 2259 685 2289 iisdem
711 2257 735 2288 O
777 2274 811 2278 —
856 2256 908 2286 vtO.
942 2255 1043 2286 multo
1075 2255 1174 2285 etiam
1210 2254 1234 2284 Ο
1270 2261 1351 2284 cum
1376 2261 1446 2283 uno
1472 2250 1663 2283 Dresdensi
1701 2267 1736 2272 —
1778 2252 1888 2303 arctant
1911 2250 1938 2281 A
1963 2249 2033 2290 (sic

261 2335 447 2374 distincte),
475 2331 521 2386 ᾳζι
544 2333 583 2373 (i.
604 2342 634 2364 e.
659 2331 784 2370 autem)
812 2332 834 2362 B
852 2331 877 2361 ΙΙ
910 2348 945 2352 -
985 2330 1037 2361 Μ,
1065 2328 1276 2368 descriptioni
1303 2326 1396 2358 BIIO
1433 2343 1468 2348 —
1505 2325 1690 2364 mentioque
1713 2324 1764 2363 B¹‚
1789 2324 1983 2363 menti*que
2005 2324 2033 2356 A

524 2396 566 2416 un

263 2449 298 2454 -—
323 2429 530 2469 praepotenti
554 2425 915 2458 desss'sswss-*universus
939 2425 966 2454 A
999 2423 1048 2462 (in
1073 2421 1198 2453 lacuna
1230 2430 1323 2452 man.
1344 2421 1382 2459 ⁶3,
1417 2428 1507 2460 quae
1533 2418 1660 2450 eadem
1683 2428 1729 2450 un
1753 2417 1904 2455 addidit,
1933 2418 2034 2449 etiam

260 2482 429 2521 scriptum
461 2480 530 2514 est,
563 2476 627 2508 sed
658 2477 701 2506 ita
736 2477 773 2506 ut
798 2484 839 2506 eo
864 2472 1036 2505 vocabulo
1067 2474 1179 2503 totum
1205 2472 1356 2512 spatium
1382 2470 1577 2501 litterarum
1604 2477 1692 2500 eras.
1720 2476 1790 2499 non
1815 2465 2031 2508 impleatur),

257 2530 464 2571 praepotenti
488 2527 634 2558 dentiam
659 2526 755 2563 (unde
779 2525 880 2556 etiam
905 2522 1009 2562 corr.)
1037 2523 1072 2559 B,
1100 2522 1310 2562 praepotenti
1335 2522 1392 2551 deo
1415 2523 1451 2550 ut
1473 2521 1543 2551 iam
1568 2519 1594 2550 H
1621 2520 1655 2549 et
1679 2519 1715 2555 O⁷
1744 2517 1808 2549 sed
1833 2518 1890 2548 hic
1914 2517 2033 2549 addito

258 2582 300 2611 sit
329 2582 408 2621 post
438 2580 574 2612 civitas,
608 2575 703 2613 quod
735 2573 921 2613 Fcldhtigel
953 2575 1031 2613 post
1062 2573 1236 2603 universus
1260 2570 1453 2603 collocavit.
1503 2570 1591 2601 Cum
1615 2569 1657 2599 sit
1680 2569 1713 2598 in
1739 2566 1903 2598 omnibus
1928 2565 2032 2598 codd.
2056 2570 2058 2572 '

260 2629 484 2661 desideretur
509 2630 542 2659 et
567 2636 609 2658 ex
633 2627 805 2665 scriptura
830 2624 995 2665 primaria
1020 2623 1053 2653 in
1079 2622 1157 2653 cod.
1177 2624 1203 2653 Α
1229 2620 1353 2653 saltem
1379 2620 1484 2652 sedes
1509 2620 1579 2650 vitii
1605 2617 1838 2656 intellegatur,
1861 2625 1924 2648 nos
1941 2615 2034 2647 aliud

260 2678 548 2719 supplementum
572 2675 738 2707 orationis
764 2681 911 2705 mancae
937 2673 1161 2703 tentavimus.
1190 2689 1224 2694 —
1265 2672 1316 2702 43.
1343 2671 1466 2702 dicitur
1490 2667 1581 2701 A¹B¹
1607 2669 1746 2707 (dicetur
1769 2667 1802 2698 in
1826 2668 1853 2697 A
1878 2666 1957 2697 ead.
1985 2674 2032 2697 m.

262 2738 352 2760 corr.
380 2728 455 2766 est).
485 2745 518 2748 —
549 2726 600 2758 44.
628 2724 838 2756 attritionibus
862 2724 901 2754 Α1
928 2740 963 2745 -
990 2722 1216 2762 distinquntur
1239 2723 1264 2752 A
1294 2739 1328 2744 —
1354 2722 1389 2752 in
1414 2721 1440 2752 Η
1466 2728 1543 2760 sup.
1563 2718 1620 2750 lin.
1656 2735 1691 2740 -
1726 2716 1778 2748 46.
1803 2717 2036 2747 contineantur

262 2779 377 2810 Christ
414 2795 448 2799 —
488 2778 538 2808 47.
565 2777 704 2807 hominis
727 2774 918 2805 Victorius:
957 2773 1045 2803 omni
1072 2772 1095 2802 C
1136 2789 1170 2793 —
1210 2773 1420 2810 quaeruntur
1449 2769 1614 2808 disputari
1646 2767 1775 2798 solent.
1798 2767 1958 2797 nimirum
1986 2766 2035 2796 ita

260 2831 334 2858 sunt
357 2830 392 2857 ut
415 2826 625 2864 disputantur
642 2826 687 2859 C:
715 2832 778 2855 nos
802 2824 960 2854 nimirum
977 2839 1025 2844 -—
1042 2821 1254 2859 disputantur
1278 2828 1358 2850 cum
1377 2818 1651 2859 wyttenbachio
1676 2819 1714 2847 ut
1736 2815 1910 2856 glossema
1928 2813 2036 2846 iuclu-

261 2878 388 2911 simus;
426 2876 552 2907 eadem
582 2874 689 2906 verba
715 2873 767 2904 alii
793 2873 842 2903 sic
867 2871 1058 2903 emendare
1084 2871 1197 2901 conati
1222 2872 1318 2901 sunt:
1351 2873 1381 2901 ct
1404 2870 1563 2900 nimirum
1587 2869 1650 2898 ista
1673 2870 1749 2897 sunt
1779 2865 1839 2904 (sic
1864 2864 1969 2895 etlam
1994 2863 2031 2902 Ο,

260 2925 316 2957 vel
341 2929 415 2956 sunt
437 2925 534 2961 isla),
566 2924 830 2962 utdispulanlur
855 2919 919 2960 (vel
946 2920 1162 2959 disputatur),
1198 2918 1322 2950 molius
1348 2919 1613 2949 Schoemannus
1643 2917 1676 2947 in
1709 2916 1836 2955 Opusc.
1863 2914 1924 2951 lll,
1949 2912 2030 2944 345:

262 2980 291 3006 et
306 2976 464 3005 minirum
480 2975 526 3004 ila
543 2976 599 3009 est,
617 2976 653 3003 ut
670 2973 858 3010 disputatur
883 2987 916 2991 —
946 2971 998 3000 118.
1025 2968 1354 3008 conversionibusquc
1372 2969 1526 2999 Ernesti:
1552 2964 1818 2998 conversionibus
1843 2963 1887 2999 C;
1915 2971 2036 2994 emen-

263 3025 355 3056 datio
381 3032 448 3054 non
473 3022 574 3063 plane
600 3024 694 3053 certa
721 3021 876 3057 ridetur,
910 3028 991 3050 cum
1023 3018 1105 3049 illud
1136 3027 1276 3058 quoque
1308 3018 1460 3057 potuerit
1490 3017 1564 3047 [ieri
1595 3017 1632 3047 ut
1662 3013 1811 3046 cursibus
1840 3012 1884 3043 ab
1918 3011 2034 3052 aliquo

264 3073 459 3114 explicandi
485 3081 591 3102 causa
615 3072 657 3103 ad
683 3069 950 3102 conam-sionibus
974 3068 1177 3099 adderetur.
1228 3067 1425 3097 Laclantius
1451 3067 1495 3103 ΙΙ,
1516 3067 1549 3096 Μ
1580 3074 1621 3096 ex
1646 3063 1817 3095 memoria
1843 3062 1961 3094 locum
1984 3062 2034 3094 sic

262 3123 437 3154 recitavit:
472 3122 566 3152 aiunt
590 3122 686 3152 cerlis
708 3120 974 3152 conversionibus
996 3118 1079 3148 caeli
1103 3121 1131 3148 et
1155 3120 1323 3147 astrorum
1345 3115 1486 3146 motibus
1507 3115 1735 3146 maturitatem
1759 3113 1928 3152 quandam
1952 3112 2035 3143 exti-

262 3174 335 3204 tisse
358 3172 554 3203 animalium
578 3172 800 3202 serendorum.
829 3186 863 3191 —-
890 3169 944 3199 20.
972 3171 1070 3206 atque
1091 3167 1218 3206 factum
1242 3165 1353 3197 ΑΒΗ1
1379 3183 1413 3187 -
1440 3165 1569 3196 muneri
1594 3165 1634 3195 H¹
1662 3181 1694 3186 —
1721 3165 1773 3195 211.
1801 3171 1940 3202 cumque
1962 3162 2033 3193 alia

263 3222 379 3262 quibus
402 3220 601 3251 Turnebus:
629 3228 792 3258 quamque
825 3220 921 3256 (nam
945 3218 1031 3256 quod
1053 3217 1118 3248 AB
1143 3224 1220 3256 sup.
1248 3214 1303 3245 lin.
1331 3223 1377 3245 m.
1397 3215 1432 3253 ⁵2)
1465 3214 1630 3253 aliquibus
1654 3213 1678 3244 C
1711 3230 1746 3236 —
1782 3212 1954 3243 cohaerent
1977 3211 2029 3250 A¹,

263 3272 413 3303 coherent
436 3271 502 3301 ΒΗ
538 3287 572 3291 -—
611 3270 664 3299 22.
691 3278 775 3306 quac
797 3268 928 3309 slaqilia
952 3268 975 3298 B
992 3267 1018 3297 H
1044 3283 1079 3287 —
1117 3265 1169 3296 23.
1195 3265 1322 3304 agnitio
1349 3265 1374 3294 Η
1403 3280 1436 3285 -
1463 3264 1573 3302 stirpis
1598 3262 1740 3302 apellari
1765 3263 1850 3302 (app.
1870 3263 1906 3300 B)
1933 3261 1957 3293 C
1992 3278 2027 3283 -

263 3321 317 3354 24.
344 3319 453 3352 verba
476 3328 518 3351 aa:
541 3322 586 3350 tot
607 3318 779 3359 generibus
794 3335 842 3342 -—
859 3317 954 3357 quasi
976 3317 1168 3349 recordetur
1191 3314 1291 3346 ass'ert
1316 3314 1513 3346 Lactantius
1536 3313 1571 3345 in
1587 3313 1656 3345 div.
1675 3312 1780 3344 instit.
1805 3313 1861 3353 ΠΙ,
1881 3311 1934 3352 40,
1953 3310 1984 3343 7.
