2249 3624
310 180 392 222 900
1033 183 1103 222 DE
1135 183 1360 224 LEGIBUS

309 301 378 328 rae
420 300 552 340 genus
594 287 699 328 illud
738 287 868 328 fuisse
909 288 1097 335 videtur,
1141 302 1224 342 quo
1256 288 1368 341 apud
1400 289 1726 342 Xenophontem
1759 290 1893 345 Cyrus
1924 293 2077 333 utitur:

308 349 501 390 redditur
541 351 652 390 enim
693 355 826 390 terrae
868 364 1020 403 corpus
1052 356 1093 391 et
1122 351 1181 390 ita
1211 351 1394 390 locatum
1426 364 1473 391 ac
1505 352 1630 392 situm
1662 353 1783 405 quasi
1815 354 2077 407 operimento

309 412 452 452 matris
484 412 721 453 obducitur.
779 413 1028 466 Eodemque
1065 413 1147 452 ritu
1178 412 1207 464 -Χ-
1238 413 1280 452 in
1312 426 1362 453 eo
1394 414 1589 467 sepulcro
1632 415 1745 468 quod
1784 415 1895 456 haud
1933 416 2079 470 procul

309 487 334 514 a
354 474 496 514 Fontis
527 487 599 514 ara
630 479 704 522 est,
736 488 877 527 regem
908 480 1099 514 nostrum
1123 477 1299 515 Numam
1328 476 1541 517 conditum
1564 478 1804 531 accepimus
1828 483 2078 532 gentemque

277 537 547 577 5Corneliam
579 550 713 590 usque
745 536 796 576 ad
828 537 1073 577 memoriam
1105 543 1288 578 nostram
1321 538 1399 579 hac
1421 539 1636 593 sepultura
1658 541 1811 580 scimus
1834 554 1926 581 esse
1947 554 2078 581 usam.

311 599 355 639 C.
381 600 485 640 Mari
517 599 618 639 sitas
649 599 849 652 reliquias
881 599 992 653 apud
1024 599 1229 640 Anienem
1262 601 1456 654 dissipari
1488 601 1611 641 iussit
1643 602 1759 642 Sulla
1789 603 1934 650 victor,
1966 615 2080 643 acer-

307 662 425 702 biore
465 661 563 701 odio
602 661 822 709 incitatus,
866 676 991 716 quam
1033 677 1055 698 ›n‹
1086 680 1106 702 a
1151 664 1320 717 sapiens
1360 663 1510 704 fuisset
1551 677 1675 717 quam
1718 664 1798 705 fuit
1837 664 2078 705 vehemens.

307 723 373 764 57.
407 724 530 773 Quod
562 723 672 763 haud
705 724 791 764 scio
824 738 876 764 an
907 725 1059 764 timens
1100 739 1152 765 ne
1193 740 1268 766 suo
1301 726 1463 778 corpori
1496 731 1640 778 posset
1669 726 1878 775 accidere,
1918 728 2078 781 primus

308 800 329 826 e
361 786 545 840 patriciis
569 786 773 826 Corneliis
804 786 893 839 igni
926 787 1058 827 voluit
1088 789 1275 828 cremari.
1335 788 1530 828 Declarat
1561 789 1671 828 enim
1702 789 1864 830 Ennius
1897 790 1948 830 de
1969 789 2079 829 Afri-

257 857 437 890 ¹¹Ocanoz
483 849 577 888 Hic
618 853 696 888 est
734 849 830 888 ille
872 850 1022 889 situs.
1084 852 1212 897 Vere;
1252 864 1348 890 nam
1387 851 1455 890 siti
1496 850 1692 890 dicuntur
1722 851 1772 893 ii,
1818 853 1890 905 qui
1922 851 2077 892 conditi

306 916 415 952 sunt.
474 912 560 950 Nec
592 916 729 951 tamen
762 925 904 951 eorum
937 916 1033 951 ante
1065 912 1335 965 sepulchrum
1368 919 1444 959 est,
1479 926 1603 966 quam
1635 913 1744 953 iusta
1774 912 1881 954 facta
1913 919 1953 954 et
1983 926 2078 967 por-

306 987 378 1014 cus
420 986 566 1013 caesus
609 973 675 1013 sit.
744 974 796 1013 Et
838 974 952 1027 quod
994 988 1105 1014 nunc
1147 975 1424 1014 communiter
1463 975 1507 1014 in
1548 973 1739 1015 omnibus
1781 975 1958 1028 sepultis
1997 989 2076 1015 usu

305 1036 439 1082 venit,
477 1040 523 1075 ut
563 1035 722 1075 humati
765 1036 974 1082 dicantur,
1016 1036 1058 1075 id
1101 1042 1187 1076 erat
1228 1037 1444 1090 proprium
1477 1042 1563 1076 tum
1596 1037 1743 1084 iniis,
1787 1051 1893 1090 quos
1924 1037 2075 1078 humus

302 1099 456 1138 iniecta
487 1104 741 1146 contexerat,
774 1112 957 1152 eumque
991 1112 1149 1139 morem
1181 1100 1245 1139 ius
1278 1097 1519 1152 pontificale
1551 1097 1780 1140 confirmat.
1828 1101 1931 1139 Nam
1959 1103 2075 1154 prius

252 1171 288 1199 15
304 1174 428 1214 quam
459 1160 502 1199 in
534 1175 580 1201 os
614 1161 767 1201 iniecta
797 1161 919 1214 gleba
950 1166 1026 1209 est,
1056 1162 1174 1201 locus
1206 1160 1289 1208 ille,
1322 1161 1393 1201 ubi
1426 1166 1655 1201 crematum
1688 1167 1752 1202 est
1773 1175 1948 1215 corpus,
1970 1161 2075 1202 nihil

300 1223 427 1263 habet
455 1223 692 1275 religionis:
738 1224 890 1263 iniecta
924 1224 1043 1276 gleba
1075 1223 1285 1270 tumulus,
1320 1225 1390 1263 nbi
1423 1223 1618 1263 humatus
1652 1228 1736 1271 est,
1769 1237 1821 1264 ex
1853 1224 1974 1277 gleba
2003 1238 2076 1265 vo-

300 1291 429 1333 catur,
460 1299 507 1325 ac
540 1291 626 1325 tum
658 1286 843 1339 denique
876 1286 1005 1325 multa
1035 1286 1231 1338 religiosa
1262 1286 1353 1325 iura
1385 1285 1693 1338 complectitur.
1755 1286 1902 1339 Itaque
1934 1286 1976 1325 in
2008 1299 2073 1334 eo,

301 1348 374 1401 qui
406 1349 448 1388 in
479 1362 585 1388 nave
616 1353 802 1394 necatus,
837 1348 988 1387 deinde
1019 1349 1060 1387 in
1093 1361 1206 1388 mare
1238 1348 1447 1402 proiectus
1481 1352 1604 1395 esset,
1637 1347 1822 1388 decrevit
1843 1349 1887 1388 P.
1909 1348 2073 1388 Mucius

298 1411 499 1452 familiam
530 1424 701 1464 puram,
743 1411 856 1465 quod
901 1425 945 1452 os
985 1424 1111 1464 supra
1153 1416 1304 1451 terram
1344 1424 1429 1450 non
1471 1415 1679 1458 exstaret3
1726 1423 1896 1464 porcam
1925 1410 2074 1451 heredi

385 1561 414 1591 4.
441 1560 513 1590 illut
537 1556 575 1591 A¹
602 1576 637 1580 -—
675 1562 755 1598 opat
780 1561 805 1590 A
841 1577 874 1581 —
912 1558 1044 1591 litteras
1069 1559 1205 1590 ssutitur
1228 1560 1253 1589 A
1279 1559 1311 1589 in
1338 1567 1405 1590 ras.
1432 1557 1541 1589 habet
1579 1575 1613 1579 —
1651 1558 1682 1589 2.
1709 1558 1946 1597 operimentum
1974 1558 2068 1597 AH2,

296 1613 519 1649 opermentum
544 1610 580 1645 Β,
607 1610 848 1648 operimentum
874 1609 913 1640 H¹
943 1627 973 1631 -—
1011 1609 1041 1639 3.
1068 1610 1136 1640 ritu
1160 1611 1186 1640 A
1212 1609 1245 1639 in
1270 1618 1339 1641 ras.
1369 1626 1402 1630 —
1431 1610 1464 1639 in
1489 1618 1524 1639 eo
1550 1609 1574 1639 C
1602 1610 1784 1648 corrupte:
1813 1609 1912 1648 tofina
1937 1608 2071 1639 amicus

296 1660 473 1699 Madvigii,
507 1661 694 1700 postquam
725 1660 798 1699 ipse
833 1659 1002 1689 divinavit
1033 1660 1084 1699 (v,
1112 1660 1239 1700 Opusc.
1268 1658 1368 1690 acad.
1402 1659 1448 1696 ll,
1477 1658 1555 1697 457)
1590 1667 1647 1689 νν.
1678 1659 1713 1688 in
1742 1666 1778 1688 eo
1810 1659 1882 1688 orta
1918 1666 1997 1689 esse
2028 1667 2070 1689 ex

296 1710 488 1745 adiectivo,
523 1719 591 1749 quo
617 1710 807 1749 significata
834 1712 907 1741 erat
935 1710 1079 1740 materia
1111 1708 1276 1749 sepulcri.
1326 1726 1354 1730 -—
1399 1709 1484 1748 quod
1507 1708 1596 1738 haud
1617 1708 1735 1746 procul
1757 1717 1779 1738 a
1801 1708 1915 1738 Fontis
1937 1717 2002 1738 ara
2025 1711 2072 1738 est

296 1761 335 1791 A.
354 1761 409 1791 W.
429 1761 552 1800 Zumpt
579 1759 651 1799 (sed
677 1760 705 1790 is
730 1767 810 1790 cum
836 1759 910 1790 aliis
934 1760 1058 1798 Fonli)t
1094 1760 1178 1797 quod
1199 1759 1318 1798 procul
1341 1768 1362 1788 a
1388 1759 1460 1798 (sic.
1490 1767 1556 1789 non
1583 1758 1642 1796 ad)
1667 1758 1767 1797 fontis
1790 1767 1870 1788 aras
1895 1758 1947 1797 (ex
1965 1758 2069 1797 arasl)

297 1810 340 1844 C:
368 1818 431 1848 quo
454 1810 543 1839 haud
565 1809 681 1845 procul
705 1818 726 1839 a
750 1809 844 1839 Fonli
870 1809 930 1848 (sic
956 1817 1035 1839 cum
1056 1809 1244 1848 Wagnero)
1270 1817 1334 1839 ara
1358 1817 1424 1848 req.
1454 1811 1556 1838 nostr.
1584 1807 1624 1837 N.
1651 1807 1744 1837 cond.
1772 1808 1956 1846 accepimus
1980 1808 2005 1838 O
2033 1824 2068 1828 —

294 1858 327 1890 4.
353 1860 533 1898 accipimus
556 1860 615 1890 AB
654 1876 689 1880 —
728 1860 758 1889 5.
786 1867 851 1889 esse
873 1868 975 1889 unam
1001 1856 1036 1889 B¹
1054 1859 1101 1895 ll,
1135 1867 1201 1889 esse
1223 1859 1396 1889 humatam
1419 1858 1517 1893 B2A,
1551 1856 1614 1888 sed
1640 1859 1664 1888 A
1690 1857 1862 1888 humatam
1885 1857 2011 1898 partim
2036 1857 2070 1888 in

295 1917 364 1940 ras.
396 1927 428 1930 —
456 1910 487 1940 6.
513 1910 682 1939 marisz'las
707 1910 832 1948 (marus
857 1912 960 1946 corr.)
989 1909 1024 1945 B,
1051 1909 1239 1939 mat-issitas
1264 1911 1301 1946 A,
1328 1908 1433 1938 maris
1456 1908 1554 1938 scilas
1578 1907 1605 1937 H
1634 1924 1668 1929 -—
1695 1907 1891 1945 dissipamus
1914 1908 1955 1937 sit
1978 1907 2005 1937 H
2033 1924 2068 1928 —-

294 1960 369 1990 silla
394 1962 448 1996 A,v
469 1959 553 1998 sylla
577 1960 600 1990 B
638 1976 672 1980 —
715 1959 746 1989 7.
773 1959 924 1989 instratus
949 1959 976 1989 H
1017 1976 1050 1980 —
1090 1967 1190 1997 quam
1216 1959 1260 1990 C:
1297 1967 1398 1997 quam
1421 1958 1449 1988 si
1473 1961 1542 1988 lam
1576 1956 1656 1987 edd.
1684 1958 1804 1987 contra
1830 1957 2064 1993 Latinitatem;

295 2009 412 2040 acerbo
437 2011 510 2040 odio
533 2009 702 2047 incitatus,
728 2009 781 2039 cui
801 2009 967 2047 paruisset
992 2017 1185 2047 numquam,
1212 2010 1239 2040 si
1264 2012 1333 2039 lain
1355 2017 1380 2039 s.
1399 2009 1423 2047 f.
1452 2007 1653 2038 Lambinus.
1685 2007 1722 2037 ln
1747 2008 1920 2038 sententia
1946 2015 2070 2038 manca

295 2059 362 2091 tale
394 2058 523 2100 aliquid
554 2058 694 2089 videtur
717 2058 866 2097 requiri:
904 2067 1007 2097 quam
1028 2058 1160 2097 fovisset
1183 2058 1210 2088 si
1235 2061 1303 2089 lam
1327 2058 1457 2096 sapiens
1479 2057 1593 2097 fuisset
1616 2065 1717 2095 quam
1739 2057 1803 2096 fuit
1825 2057 2002 2088 vehemens
2031 2073 2066 2079 -

294 2109 326 2141 8.
353 2111 439 2149 quod
462 2113 521 2140 aut
543 2106 582 2140 Α1
597 2109 623 2139 H
653 2125 686 2129 —
714 2109 830 2139 timens
853 2117 891 2138 ne
915 2117 972 2138 suo
996 2109 1128 2146 corpori
1149 2111 1255 2146 posset
1282 2108 1490 2139 Lambinus:
1518 2107 1633 2137 timeus
1658 2106 1766 2145 (limen
1791 2106 1829 2145 H)
1854 2115 1912 2137 suo
1935 2114 2071 2145 empore

297 2160 515 2199 (corporiAB
535 2159 638 2196 corr.)
661 2161 767 2197 posset
792 2159 836 2195 C:
871 2158 986 2189 lunens
1002 2167 1059 2189 suo
1077 2160 1210 2197 corpori
1224 2166 1316 2196 posse
1340 2160 1365 2189 O
1394 2175 1427 2179 —
1455 2158 1608 2188 accedere
1630 2155 1741 2187 AB¹H
1770 2173 1805 2178 —
1839 2157 1869 2188 9.
1895 2157 2018 2196 cornelj
2042 2156 2070 2187 H

299 2227 333 2232 -
361 2211 446 2241 enim
472 2210 514 2241 C:
541 2209 693 2249 'Telenim
717 2209 759 2244 0;
786 2209 871 2239 idem
895 2209 993 2246 Rath,
1021 2209 1119 2239 etiam
1143 2209 1233 2239 coni.
1254 2207 1308 2239 alii
1337 2226 1369 2230 -
1398 2209 1562 2248 affricano
1586 2204 1626 2238 Αι
1653 2224 1687 2228 -
1717 2206 1769 2238 40.
1795 2206 1874 2237 sitini
1898 2207 1939 2245 H,
1964 2207 2069 2237 sitin

295 2261 321 2291 A
347 2259 423 2290 sort.
451 2268 492 2290 ex
516 2260 569 2290 sili
593 2259 631 2290 ὅθ
652 2259 737 2298 (esse)
775 2277 808 2280 —
845 2259 890 2289 hii
914 2260 952 2296 A,
978 2259 1010 2289 1ιί
1034 2259 1058 2290 Β
1074 2259 1102 2290 H
1141 2276 1174 2280 —-
1216 2260 1267 2289 Μ.
1291 2267 1413 2298 porcus
1436 2266 1550 2289 caesus
1572 2258 1614 2288 sit
1637 2257 1790 2297 Madvig:
1817 2265 1935 2296 corpus
1958 2265 2071 2288 caesus

296 2308 423 2349 (caesas
438 2309 474 2348 A)
500 2313 545 2340 est
569 2310 617 2346 C;
654 2318 772 2348 corpus
794 2309 955 2349 inyeslum
980 2311 1024 2339 est
1053 2309 1078 2339 Ο
1111 2317 1191 2339 cum
1224 2309 1373 2339 Davisio.
1425 2307 1557 2339 «Codd.
1590 2315 1709 2345 corpus
1737 2315 1849 2338 caesus
1878 2309 1934 2337 est.
1983 2307 2070 2338 Hinc

296 2359 415 2390 fictum
440 2360 599 2399 inyescum
624 2361 658 2390 et
682 2358 757 2397 alia,
785 2367 891 2399 prave
918 2359 1021 2389 etiam
1047 2358 1091 2388 ad
1113 2358 1342 2395 sententiam:
1372 2366 1451 2388 nam
1471 2365 1601 2397 corpus
1618 2355 1750 2387 illatum
1769 2357 1837 2387 iam
1855 2356 2071 2396 significatur

296 2409 371 2449 ipsa
396 2417 482 2440 voce
505 2408 627 2439 conditi
650 2411 740 2443 sunm
767 2408 822 2439 hic
841 2406 969 2447 aliquid
993 2407 1119 2438 dicitur
1136 2409 1214 2448 post
1233 2408 1390 2448 corporis
1415 2406 1637 2438 condituram
1662 2405 1836 2437 accedere
1861 2405 2006 2444 debere,
2033 2406 2070 2437 ut

294 2459 434 2498 sepulcri
459 2466 588 2489 nomen
613 2459 742 2489 iustum
767 2458 821 2489 sit.
863 2457 1118 2489 scribendum:
1146 2466 1246 2497 quam
1268 2458 1357 2488 iusta
1378 2457 1470 2496 facta
1494 2459 1523 2487 et
1543 2464 1663 2494 porcus
1685 2464 1800 2486 caesus
1821 2455 1896 2486 sit.»
1921 2455 2066 2487 MAnvic.

297 2510 420 2540 Postea
444 2507 595 2540 vidimus
615 2516 738 2547 porcus
761 2508 865 2538 etiam
891 2516 908 2537 a
936 2507 1135 2538 Luebberto
1161 2508 1194 2538 in
1220 2508 1426 2538 commentt.
1450 2504 1639 2546 pontifical.
1666 2513 1743 2545 pag.
1759 2504 1799 2536 73
1825 2506 1920 2536 recte
1945 2513 2070 2536 emen-

297 2558 418 2590 datum
443 2566 533 2589 esse.
562 2574 596 2579 —
625 2558 676 2588 ⁴2.
703 2565 765 2587 usu
788 2558 878 2588 uenit
901 2560 937 2587 ut
960 2557 1083 2596 scripsi
1107 2558 1301 2597 praeeunte
1321 2557 1476 2587 Mosero:
1500 2555 1631 2594 penitus
1655 2555 1693 2592 C,
1716 2554 1854 2594 ponitur
1877 2558 1912 2585 uc
1936 2554 1961 2585 O
1987 2562 2068 2586 cum

296 2608 459 2640 Turnebo
501 2625 533 2631 -
577 2607 628 2639 43.
655 2608 689 2637 in
714 2607 741 2637 is
766 2607 810 2645 Η,
848 2607 882 2637 in.
905 2607 954 2637 his
978 2607 1041 2637 AB
1082 2624 1116 2628 —
1155 2615 1235 2647 quos
1259 2603 1299 2637 Α2
1313 2606 1368 2638 132:
1403 2605 1490 2645 quod
1514 2606 1538 2636 C
1580 2622 1613 2627 -
1651 2603 1702 2635 44.
1729 2605 1850 2636 intecta
1872 2601 2003 2636 A¹B¹H
2030 2622 2066 2627 —

295 2662 487 2691 contexerat
510 2658 646 2698 Madvig
664 2657 709 2697 (in
729 2655 875 2697 epistola
893 2656 937 2687 ad
955 2665 1011 2687 me
1030 2656 1171 2696 scripta)
1190 2657 1224 2686 et
1241 2654 1450 2695 Feldhuegel
1476 2656 1507 2686 in
1534 2654 1724 2686 addendis:
1750 2657 1899 2686 conterat
1917 2651 2066 2693 A¹B¹H2‚

296 2709 438 2741 conteret
462 2705 520 2746 H¹,
552 2710 741 2748 conlegerat
765 2707 805 2738 Α2
819 2708 871 2743 132,
906 2709 1090 2746 contegeret
1115 2705 1195 2737 edd.
1236 2723 1270 2727 —
1312 2714 1386 2736 cum
1411 2714 1471 2750 que
1494 2714 1585 2736 more
1610 2705 1636 2735 H
1680 2721 1714 2726 —-
1762 2705 1931 2745 confirmet
1952 2705 1996 2742 A,
2030 2705 2069 2734 ut

297 2758 435 2788 videtur
474 2775 508 2780 —
546 2758 597 2789 45.
625 2758 658 2788 in
682 2766 717 2788 os
742 2756 945 2788 Turnebus:
974 2756 1009 2786 in
1032 2764 1084 2786 eos
1107 2757 1131 2787 C
1172 2772 1205 2777 —
1243 2755 1364 2786 intecta
1387 2753 1466 2786 B¹H
1493 2772 1527 2776 —
1555 2754 1649 2795 yleba
1672 2755 1698 2785 A
1726 2754 1850 2794 partim
1874 2754 1906 2785 in
1932 2761 2001 2785 ras.
2028 2769 2063 2775 —-

298 2808 351 2838 46.
377 2808 534 2845 tumulus,
560 2807 614 2838 ubi
637 2808 791 2838 humatus
814 2810 874 2839 est..
900 2814 942 2836 aa
966 2804 1059 2844 yleba
1083 2806 1220 2835 vocatur
1246 2805 1458 2843 Madvigius:
1493 2804 1627 2835 tumulis
1650 2806 1678 2834 et
1701 2803 1857 2834 humatus
1880 2801 1897 2834 ἒ
1921 2806 1950 2834 et
1972 2802 2067 2843 gleba

297 2861 437 2888 uocatur
461 2860 484 2888 Α
502 2858 522 2888 ss
550 2856 622 2895 (sed
649 2857 682 2887 in
707 2858 733 2887 A
759 2855 892 2886 litterae
917 2855 1050 2886 cummis
1074 2856 1107 2884 et
1131 2856 1161 2885 et
1183 2853 1277 2893 yleba
1301 2854 1373 2885 tere
1399 2856 1547 2885 cunctae
1574 2853 1606 2884 in
1631 2861 1698 2884 ras.
1726 2854 1876 2894 scriptae
1901 2855 1998 2891 sunt,
2031 2853 2065 2884 in

299 2907 322 2938 B
347 2908 478 2937 tumulis
500 2908 550 2938 sic
575 2907 697 2943 exstat,
725 2907 762 2936 ut
785 2909 820 2936 tu
843 2906 886 2937 sit
911 2906 1110 2935 correctum
1136 2912 1177 2934 ex
1202 2901 1238 2934 lfa
1268 2904 1301 2934 ct
1324 2904 1421 2934 mulis
1439 2907 1467 2934 et
1492 2904 1524 2934 in
1550 2902 1626 2933 loco
1653 2911 1755 2933 eraso
1773 2901 1973 2942 suppletum
1992 2902 2062 2942 sit);

298 2960 367 2987 tum
390 2960 419 2987 ec
441 2956 505 2986 illis
527 2957 679 2986 humatus
707 2958 753 2986 est
780 2958 809 2986 et
832 2954 926 2994 gleba
950 2957 1090 2985 vocatur
1122 2953 1171 2989 ll,
1211 2954 1314 2991 -ξ-ιυηι
1338 2957 1367 2983 et
1390 2953 1456 2984 illic
1479 2953 1634 2983 humatus
1657 2955 1721 2991 est,
1748 2954 1778 2983 et
1801 2952 1895 2992 yleba
1918 2960 1990 2982 voc.
2016 2952 2061 2990 Ο;

298 3006 418 3036 iniecta
439 3005 531 3045 [flaba
555 3006 699 3036 tumulus
721 3009 861 3036 vocatur
886 3003 1015 3035 Vahlen
1041 3002 1182 3043 reliquis
1208 3004 1355 3035 omissis.
1392 3003 1616 3043 Reliquorum
1641 3003 1841 3034 criticorum
1859 3001 2062 3040 tentamina,

300 3063 448 3095 qnorum
475 3053 585 3085 nullus
610 3055 653 3084 ad
679 3064 801 3086 verum
827 3054 1027 3094 adspirasse
1053 3053 1202 3089 videtur,
1229 3062 1261 3083 v.
1288 3053 1321 3083 in
1347 3052 1580 3092 Feldliuegelii
1605 3051 1859 3083 commentario
1885 3059 1961 3091 pag.
1976 3050 2061 3087 2293

301 3104 400 3135 nobis
427 3113 492 3134 non
519 3104 612 3134 licuit
636 3105 668 3135 in
693 3104 882 3135 verborum
908 3104 1070 3134 contextu
1096 3110 1231 3133 meram
1257 3102 1440 3143 archetypi
1465 3103 1675 3142 scripturam
1698 3101 1861 3138 reddere,
1882 3101 2060 3140 quoniam,

301 3155 336 3184 ut
361 3163 400 3184 ex
427 3154 555 3183 rasuris
582 3154 611 3183 in
639 3156 662 3184 A
689 3156 723 3184 et
749 3155 771 3184 B
797 3154 961 3193 apparet,
998 3160 1140 3192 prorsus
1165 3152 1294 3182 incerta
1322 3153 1386 3182 est.
1436 3153 1615 3190 Ceterum,
1642 3153 1833 3191 utcumque
1857 3149 1973 3181 locum
1997 3149 2062 3180 de-

298 3204 477 3243 speratum
503 3203 683 3240 emendes,
711 3205 823 3243 potius
847 3204 1018 3233 humanam
1041 3205 1086 3233 est
1109 3210 1158 3233 sc.
1186 3209 1305 3239 corpus
1330 3204 1525 3241 exspectes.
1553 3219 1595 3224 -
1626 3202 1676 3233 48.
1703 3209 1788 3231 naue
1813 3200 1855 3231 C:
1881 3199 1964 3230 naui
1985 3197 2060 3230 A²O

301 3270 335 3275 ——
371 3255 504 3283 necatus
527 3251 611 3283 dett.
638 3252 785 3292 aliquot:
824 3260 961 3284 uocatus
985 3253 1009 3283 C
1053 3270 1087 3275 —
1129 3252 1163 3282 in
1186 3251 1274 3281 mari
1294 3251 1459 3290 proiectus
1483 3259 1550 3282 esse
1581 3252 1604 3282 C
1648 3268 1682 3273 -
1734 3250 1785 3282 49.
1812 3252 1926 3289 quotes
1957 3249 1982 3281 C
2017 3264 2059 3272 ·--

297 3306 416 3336 extare
439 3302 463 3333 C
492 3316 526 3323 —
549 3305 685 3341 porlam
708 3303 731 3333 B
747 3303 786 3333 Η.
