2249 3624
238 203 319 247 880
957 204 1028 245 DE
1058 204 1282 245 LEGIBUS

239 314 302 354 dis
332 311 621 352 inmortalibus
653 315 749 350 sunt
779 310 901 349 nobis
932 309 1084 362 agendi
1116 310 1320 363 capienda
1350 309 1592 362 primordia.
1659 307 1699 350 8.
1747 310 1796 360 Q.
1837 311 2004 364 Optime

237 389 358 422 vero,
388 374 538 421 frater,
570 379 611 413 et
640 370 727 412 fieri
760 372 819 412 sic
851 372 983 412 decet.

351 438 419 476 IV.
459 437 514 476 M.
554 435 782 476 Videamus
814 434 942 486 igitur
972 448 1140 482 rursus,
1181 435 1295 488 prius
1327 447 1453 487 quam
1485 434 1779 488 adgrediamur
1808 436 1861 476 ad
1890 436 2005 489 leges

237 500 442 553 singulas,
475 498 555 538 vim
586 504 864 549 naturamque
896 497 1022 549 legis,
1055 511 1118 544 ne,
1152 510 1278 550 quom
1311 496 1533 536 referenda
1564 497 1647 537 sint
1677 497 1729 537 ad
1761 511 1852 538 eam
1884 499 2006 539 nobis

203 563 391 610 aomnia,
422 562 610 600 labamur
638 559 846 599 interdum
878 572 1018 599 errore
1050 559 1256 599 sermonis
1288 559 1620 613 ignoremusque
1644 560 1726 600 vim
1749 562 1856 607 eius,
1880 573 2009 614 quom

235 627 326 665 iura
359 624 480 663 nobis
513 622 751 662 definienda
782 627 890 662 sunt.
953 621 1000 671 Q.
1042 622 1150 661 Sane
1183 621 1352 674 quidem
1382 622 1576 670 hercule,
1618 628 1660 662 et
1691 629 1754 663 est
1782 624 1862 663 ista
1892 628 2008 663 recta

235 686 414 727 docendi
447 686 525 725 via.
585 686 640 724 M.
678 685 796 724 Hanc
827 684 954 736 igitur
985 684 1107 724 video
1139 685 1549 737 sapientissimorum
1579 684 1710 725 fuisse
1743 685 2008 732 sententiam,

234 750 368 802 legem
412 761 549 801 neque
592 747 809 786 hominum
850 747 1031 799 ingeniis
1075 747 1353 799 excogitatam
1394 761 1472 787 nec
1513 747 1663 787 scitum
1703 746 1875 801 aliquod
1917 760 2010 787 esse

234 813 510 866 populorum,
547 811 620 849 sed
661 815 880 849 aeternum
920 808 1142 862 quiddam,
1184 807 1295 861 quod
1336 810 1577 849 universum
1609 810 1812 850 mundum
1844 813 2010 863 regeret

185 873 466 926 ioimperandi
506 871 845 925 prohibendique
884 871 1105 924 sapientia.
1168 871 1231 910 Ita
1262 872 1495 924 principem
1526 871 1662 924 legem
1695 872 1811 912 illam
1843 878 1884 912 et
1914 872 2010 912 ulti-

235 950 344 976 mam
374 941 555 975 mentem
587 947 678 974 esse
710 935 905 974 dicebant
935 934 1076 973 omnia
1107 934 1267 974 ratione
1298 939 1370 973 aut
1401 934 1590 986 cogentis
1622 939 1694 974 aut
1716 936 1898 974 vetantis
1920 934 2008 974 dei:

235 1013 287 1039 ex
319 1012 401 1052 qua
430 998 502 1037 illa
532 998 624 1045 lex,
666 1010 791 1051 quam
829 997 871 1036 di
911 997 1093 1036 humano
1126 996 1270 1048 generi
1303 996 1533 1043 dederunt,
1577 1002 1689 1036 recte
1721 1002 1785 1036 est
1814 996 2008 1045 laudata;

235 1067 297 1102 est
328 1062 439 1101 enim
471 1061 577 1100 ratio
611 1073 816 1112 mensque
850 1058 1052 1112 sapientis
1083 1059 1136 1098 ad
1166 1057 1397 1098 iubendum
1430 1064 1471 1097 et
1502 1059 1552 1098 ad
1589 1057 1886 1099 deterrendum
1916 1058 2010 1099 ido-

234 1137 326 1164 nea.
394 1121 433 1162 9.
477 1123 523 1172 Q.
563 1122 829 1175 Aliquotiens
860 1123 942 1161 iam
974 1121 1053 1160 iste
1084 1121 1201 1160 locus
1233 1134 1256 1160 a
1286 1125 1325 1160 te
1356 1126 1492 1160 tactus
1524 1126 1608 1160 est:
1650 1121 1725 1161 sed
1755 1126 1851 1161 ante
1883 1133 2008 1174 quam

185 1199 221 1228 45
235 1187 285 1227 ad
316 1186 542 1239 populares
572 1186 687 1238 leges
718 1184 883 1231 venias,
925 1184 1007 1222 vim
1037 1184 1157 1223 istius
1189 1183 1382 1223 caelestis
1413 1182 1518 1235 legis
1550 1182 1752 1236 explana,
1792 1183 1826 1223 si
1858 1184 2009 1236 placet,

234 1262 286 1289 ne
327 1254 468 1288 aestus
507 1261 586 1287 nos
629 1247 944 1287 consuetudinis
985 1246 1207 1286 absorbeat
1248 1251 1289 1285 et
1329 1246 1381 1284 ad
1422 1246 1632 1285 sermonis
1674 1259 1832 1285 morem
1864 1245 2010 1286 usitati

234 1311 384 1352 trahat.
443 1311 498 1351 M.
537 1312 570 1350 A
601 1311 739 1363 parvis
771 1310 902 1355 enim,
938 1308 1116 1356 Quinte,
1148 1306 1391 1355 didicimus,
1429 1308 1471 1347 si
1509 1308 1558 1347 in
1597 1308 1674 1348 ius
1707 1313 1854 1348 vocat
1883 1313 2010 1360 atque

235 1375 325 1414 eius
358 1372 469 1412 modi
501 1373 615 1425 leges
646 1372 750 1412 alias
782 1372 1012 1411 nominare.
1074 1371 1155 1410 Sed
1188 1384 1287 1410 vero
1319 1370 1510 1422 intellegi
1543 1370 1602 1410 sic
1634 1375 1823 1423 oportet,
1855 1375 1897 1410 et
1926 1369 2009 1409 hoc

235 1444 276 1477 et
304 1436 384 1476 alia
414 1436 527 1475 iussa
559 1449 605 1475 ac
636 1435 765 1474 vetita
796 1434 1048 1487 populorum
1080 1434 1162 1473 vim
1194 1433 1348 1472 habere
1390 1430 1442 1472 ad
1473 1438 1587 1472 recte
1618 1431 1727 1472 facta
1757 1432 1933 1473 vocandi
1966 1436 2008 1472 et

183 1512 258 1541 ‘20a
287 1499 468 1552 peccatis
499 1497 715 1544 avocandi,
748 1510 855 1550 quae
886 1496 948 1536 vis
979 1509 1065 1535 non
1096 1496 1221 1535 modo
1253 1495 1397 1535 senior
1428 1500 1492 1535 est
1523 1508 1649 1549 quam
1681 1501 1796 1536 aetas
1829 1495 2007 1548 populo-

233 1577 324 1602 rum
363 1568 404 1601 et
442 1561 694 1607 civitatium,
732 1559 806 1599 sed
848 1558 1039 1612 aequalis
1080 1558 1196 1597 illius
1237 1557 1401 1597 caelum
1441 1563 1570 1610 atque
1606 1563 1738 1598 terras
1779 1558 1935 1598 tuentis
1967 1561 2008 1596 et

233 1624 418 1677 regentis
456 1623 536 1664 dei.
612 1620 677 1662 slO.
723 1623 871 1675 Neque
914 1621 1026 1661 enim
1067 1634 1158 1660 esse
1199 1634 1318 1660 meus
1360 1620 1501 1660 divina
1541 1619 1632 1660 sine
1663 1620 1825 1660 ratione
1855 1624 2006 1673 potest,

233 1700 311 1727 nec
351 1687 457 1727 ratio
500 1686 641 1725 divina
679 1698 765 1724 non
805 1685 913 1724 hanc
952 1684 1037 1723 vim
1078 1683 1122 1722 iu
1164 1683 1288 1722 rectis
1330 1683 1558 1736 pravisque
1597 1681 1834 1722 sanciendis
1864 1681 2003 1728 hahet,

234 1763 331 1797 nec,
373 1749 474 1802 quia
511 1761 721 1801 nusquam
762 1753 851 1787 erat
881 1746 1107 1799 scriptum,
1151 1751 1198 1785 ut
1229 1751 1374 1785 contra
1404 1745 1540 1785 omnis
1570 1744 1757 1785 hostium
1788 1744 1931 1797 copias
1961 1744 2006 1784 in

183 1825 220 1855 25
236 1818 363 1865 ponte
403 1824 512 1850 unus
554 1810 777 1850 adsisteret
816 1822 840 1849 a
878 1814 1083 1861 tergoque
1125 1813 1296 1862 pontem
1334 1807 1582 1848 interscindi
1622 1807 1810 1854 iuberet,
1848 1806 2006 1846 idcirco

233 1875 372 1914 minus
405 1873 603 1913 Coclitem
634 1872 754 1911 illum
784 1885 871 1912 rem
904 1872 1082 1924 gessisse
1114 1876 1270 1910 tantam
1301 1870 1562 1910 fortitudinis
1593 1869 1686 1921 lege
1717 1874 1845 1922 atque
1875 1869 2009 1922 impe-

233 1938 295 1977 rio
326 1936 583 1990 putabimus,
624 1948 722 1981 nec,
762 1935 796 1974 si
826 1940 1028 1986 regnante
1059 1934 1105 1973 L.
1128 1933 1360 1986 Tarquinio
1401 1932 1519 1972 nulla
1551 1936 1639 1972 erat
1669 1932 1822 1971 Romae
1854 1931 2009 1985 scripta

233 1999 304 2039 lex
334 1998 386 2038 de
418 1998 596 2051 stupris,
636 1998 792 2037 idcirco
835 2010 921 2036 non
961 2002 1104 2036 contra
1142 1996 1257 2035 illam
1287 1996 1423 2048 legem
1455 1995 1753 2047 sempiternam
1785 1994 1882 2034 Sex.
1905 1994 2007 2033 Tar-

237 2061 410 2115 quinius
442 2061 524 2101 vim
555 2060 797 2108 Lucretiae,
830 2059 1068 2112 Tricipitini
1099 2056 1230 2106 filiae,
1268 2057 1420 2098 attulit.
1479 2058 1579 2097 Erat
1610 2057 1720 2096 enim
1749 2056 1877 2104 ratio,
1908 2068 2008 2110 pro-

321 2236 352 2267 4.
378 2234 508 2275 agenda
533 2233 560 2264 H
588 2250 623 2255 —
650 2232 680 2264 4.
708 2241 746 2263 ne
769 2240 844 2262 cum
867 2232 906 2262 Β·2
930 2248 966 2253 -
993 2232 1024 2263 5.
1050 2231 1304 2272 iqnoremusque
1324 2231 1393 2262 vim
1414 2232 1484 2262 eius
1515 2229 1654 2270 (legis),
1692 2238 1793 2270 quom
1814 2229 1894 2260 iura
1915 2227 2008 2260 nobis

234 2286 416 2327 definienda
439 2288 513 2315 sant
543 2284 684 2324 scripsi:
722 2283 976 2323 aqam-mnusque
1002 2282 1072 2312 uim
1100 2283 1259 2313 sermonis
1282 2281 1351 2312 eius
1375 2289 1439 2320 quo
1464 2281 1568 2320 (quwss-
1585 2282 1624 2318 A,
1651 2288 1719 2319 qua
1742 2278 1791 2319 13¹)
1815 2279 1894 2310 iura
1915 2277 2008 2309 nobis

234 2336 416 2377 definienda
439 2335 502 2365 sint
525 2334 586 2365 AB
612 2335 646 2364 et
669 2334 719 2363 sic
744 2333 789 2370 Ο,
816 2332 879 2363 sed
906 2331 1103 2372 [sermonis];
1137 2333 1205 2362 eius
1229 2339 1291 2370 quo
1316 2332 1394 2361 iura
1416 2330 1510 2361 nobis
1533 2330 1725 2370 diffinienda
1747 2330 1812 2361 sint
1834 2329 1863 2360 H
1887 2327 2006 2359 verbis

232 2387 484 2427 iynnrcnzusque
506 2385 572 2414 vim
596 2384 753 2414 sermonis
776 2383 925 2413 omissis.
976 2382 1045 2412 lam
1071 2380 1125 2411 alii
1149 2382 1182 2412 in
1207 2380 1285 2412 loco
1310 2380 1541 2417 offenderant,
1567 2389 1600 2411 v.
1627 2378 1792 2419 Feldhiig.
1813 2378 2006 2410 comment.

233 2444 268 2476 p.
285 2435 358 2465 131.
387 2452 422 2456 -
449 2434 480 2464 7.
499 2434 594 2464 uideo
609 2442 652 2464 cx
668 2433 984 2472 sapientissimorum
1006 2432 1106 2470 fuisse
1129 2431 1289 2462 sententia
1313 2430 1518 2470 (sententiam
1534 2429 1569 2467 B)
1595 2429 1659 2461 BH
1686 2446 1721 2451 —
1749 2429 1780 2460 8.
1798 2429 1897 2460 situm
1913 2428 1940 2459 H
1968 2442 2004 2449 -

234 2485 266 2516 9.
282 2494 358 2523 pop.
373 2483 437 2524 scd]
455 2484 653 2523 populorum
670 2483 756 2522 quod
779 2484 805 2513 Α
817 2480 864 2519 13²,
896 2481 1136 2520 populorumq,'
1161 2479 1233 2512 B¹H
1274 2497 1310 2502 --
1346 2477 1472 2510 mundi,
1493 2481 1521 2510 A
1545 2487 1636 2510 corr.
1655 2487 1698 2510 ex
1721 2478 1863 2510 mundus
1888 2494 1924 2498 —
1952 2477 2005 2509 40.

233 2535 429 2573 sapientiam
447 2533 474 2564 H
502 2551 535 2555 —
563 2534 614 2563 4¹.
635 2532 760 2563 (licebat
778 2532 802 2563 C
831 2550 865 2554 —
892 2532 1056 2562 uaelanlis
1075 2531 1096 2561 Β
1122 2548 1165 2552 -
1189 2530 1239 2560 det
1255 2530 1293 2568 B,
1320 2528 1383 2560 sed
1407 2530 1435 2560 ei
1460 2529 1493 2559 in
1518 2537 1602 2567 ras,
1629 2528 1724 2559 dieH
1751 2545 1786 2550 —-
1813 2527 1865 2558 42.
1884 2535 1929 2558 ex
1944 2535 2008 2566 quo

234 2585 412 2620 Davisiu53
440 2585 473 2613 at
497 2591 540 2613 eas
563 2591 630 2622 qua.
653 2581 809 2612 breviter
833 2581 964 2612 dictum
991 2583 1043 2612 est
1069 2581 1142 2612 eius
1166 2579 1243 2611 loco
1269 2579 1365 2619 quod
1391 2582 1460 2610 est:
1497 2587 1540 2610 ex
1564 2587 1630 2617 qua
1655 2578 1816 2618 (principe
1832 2577 1909 2617 leye)
1934 2585 2009 2607 cum

234 2638 307 2665 orla
331 2635 372 2665 si!
396 2636 463 2664 etc.
493 2649 529 2654 —
557 2632 589 2662 di
614 2632 660 2662 H:
688 2632 732 2661 dii
755 2631 851 2662 ABO
878 2631 934 2670 (dii
959 2631 992 2661 iu
1016 2633 1041 2661 Α
1067 2638 1144 2669 sup.
1163 2629 1237 2668 lin.‚
1262 2630 1287 2660 ii
1311 2630 1335 2660 B
1361 2629 1395 2660 in
1420 2637 1490 2659 ras.
1517 2627 1634 2668 habet)
1663 2646 1698 2650 —
1725 2629 1778 2659 ⁴5.
1804 2628 1884 2668 lepis
1907 2627 1945 2659 13¹
1968 2643 2004 2649 —

233 2685 325 2715 uenis
350 2684 423 2714 13¹ss
450 2700 484 2704 —
512 2682 653 2720 eaepIera
677 2681 700 2712 B
727 2698 761 2702 —
792 2681 844 2711 216.
863 2680 1031 2710 obsorbeat
1049 2681 1075 2711 H
1103 2695 1138 2701 —
1166 2678 1284 2711 literas
1310 2680 1383 2710 itali
1407 2678 1519 2709 trahat
1542 2681 1568 2709 Α
1593 2678 1626 2708 in
1652 2686 1719 2709 ras.
1739 2676 1858 2708 habet.
1887 2693 1922 2699 —
1951 2676 2005 2707 ⁴7.

235 2734 431 2773 apparuisse
455 2733 521 2762 nim
544 2730 594 2767 B’.
620 2731 814 2770 apparuisse
837 2731 923 2761 enim
947 2730 993 2768 H,
1020 2731 1167 2769 apertius
1191 2731 1277 2760 enim
1301 2727 1340 2760 13²
1363 2731 1398 2759 et
1421 2731 1460 2765 Α,
1487 2727 1551 2759 sed
1576 2728 1609 2759 in
1633 2727 1702 2758 hoc
1725 2728 1873 2766 apertius
1895 2727 1950 2757 est
1972 2725 2008 2757 in

234 2791 304 2814 ras.
331 2791 436 2813 mauu
461 2784 595 2812 recent.
621 2782 802 2820 scriptum.
851 2778 968 2810 Simile
993 2779 1115 2810 vitium
1139 2779 1172 2809 in
1198 2777 1305 2809 libril
1332 2778 1375 2809 de
1401 2777 1498 2809 deor.
1526 2778 1595 2807 nat.
1621 2775 1697 2816 §83
1729 2775 1824 2807 Klotz
1850 2778 1884 2806 et
1908 2774 2008 2806 Mad-

234 2833 290 2871 vig
315 2833 556 2862 correxerunt.
585 2848 619 2852 —
658 2831 795 2860 dicimus
818 2826 856 2860 Β2
887 2846 922 2850 -
956 2830 987 2860 in
1014 2829 1064 2859 ius
1090 2829 1117 2860 H
1143 2837 1233 2859 corr.
1262 2836 1304 2858 ex
1327 2836 1412 2858 unus
1449 2845 1484 2849 —
1521 2830 1619 2858 uocat
1642 2829 1742 2865 atque
1764 2829 1800 2857 at
1829 2826 1883 2866 (ad
1901 2825 1939 2864 H)
1965 2824 2005 2863 C,

235 2881 329 2912 unde
355 2880 559 2919 Fcldhiigel:
591 2884 689 2911 uocat.
713 2881 758 2910 ito
781 2883 829 2915 εἰς
861 2882 893 2910 at
917 2888 952 2910 v.
971 2877 1103 2909 Vahlen
1129 2878 1281 2909 Zeitsclir.
1301 2878 1358 2918 sur
1379 2879 1430 2909 die
1449 2881 1565 2908 astet-r.
1586 2876 1704 2915 Gymn.
1732 2875 1828 2913 4860,
1854 2883 1887 2915 p.
1907 2874 1938 2905 7.
1967 2890 2002 2897 -

237 2932 288 2963 48.
315 2931 400 2961 alias
423 2931 507 2970 Ieyes
531 2931 572 2962 O:
600 2931 668 2962 eius
683 2930 772 2960 modi
789 2930 872 2969 leges
892 2929 977 2959 alias
993 2929 1077 2968 leges
1093 2929 1266 2958 nominare
1291 2928 1380 2958 coni.
1402 2925 1582 2962 Heindorf,
1607 2925 1760 2957 Zeitschr.
1778 2925 1801 2965 f.
1820 2923 2003 2965 geschichtl.

236 2980 436 3011 Reclztswiss.
465 2981 507 3017 Η,
534 2979 608 3011 435.
650 2996 683 3001 -
723 2979 911 3009 nominares
934 2979 958 3008 B
996 2994 1032 3000 —
1071 2977 1122 3008 49.
1149 2978 1215 3008 vim
1239 2986 1303 3007 non
1326 2976 1444 3007 habere
1475 2975 1608 3015 aliquot
1636 2974 1717 3005 edd.
1743 2975 1829 3005 vett.
1855 2974 1890 3004 et
1913 2972 1939 3003 Ο
1966 2987 2002 2994 —-

235 3030 289 3060 20.
316 3026 520 3067 auocanditL·
546 3029 610 3059 tuis
639 3029 682 3066 B,
715 3027 879 3059 auocancli
905 3028 1014 3066 quinte
1037 3027 1101 3057 tuis
1133 3026 1159 3057 H
1200 3042 1235 3047 —
1278 3026 1438 3056 seniorem
1463 3033 1563 3063 quam
1591 3024 1619 3054 H
1661 3039 1697 3045 ——
1737 3024 1791 3054 2⁴.
1816 3022 2005 3054 ciuitatium

236 3079 319 3110 AH:
356 3078 529 3108 ciuitatum
554 3078 614 3108 ΒΟ
656 3095 690 3100 -
731 3077 858 3108 tuendis
881 3074 919 3107 B¹
960 3092 995 3098 —
1037 3077 1089 3107 22.
1116 3076 1201 3105 enim
1224 3083 1313 3105 >mens
1336 3076 1452 3106 dtuina
1475 3083 1542 3106 esse
1564 3075 1634 3105 sine
1655 3073 1787 3104 ratione
1809 3074 1917 3111 potest
1945 3079 2004 3102 nec

236 3129 324 3159 ratio
348 3127 464 3157 diuina
487 3129 511 3157 Α
538 3128 586 3157 sic
612 3127 645 3158 in
669 3126 747 3158 loco
773 3135 874 3158 eraso
901 3126 1007 3157 habet
1031 3133 1048 3155 a
1075 3132 1121 3154 m.
1140 3124 1159 3154 2
1184 3123 1247 3155 sed
1272 3125 1414 3164 antiqua
1442 3141 1476 3146 —
1503 3124 1556 3155 23.
1583 3122 1677 3154 habet
1701 3122 1745 3153 C:
1771 3121 1890 3152 habere
1912 3120 1938 3152 Ο
1964 3135 2000 3142 -

236 3177 289 3208 24.
316 3185 427 3207 omnes
450 3178 474 3207 O
508 3193 551 3199 -
584 3177 636 3207 27.
663 3177 698 3208 L.
725 3174 928 3207 Turnebus:
956 3182 1026 3205 om.
1052 3173 1168 3210 ΑΒΟ,
1194 3172 1257 3203 sed
1282 3175 1308 3204 A
1333 3173 1365 3203 in
1390 3181 1474 3210 ras.‚
1499 3173 1534 3204 ul
1558 3173 1590 3212 (i.
1610 3181 1642 3204 e.
1659 3171 1723 3210 uel)
1749 3171 1775 3202 H
1802 3187 1837 3192 —
1870 3168 2003 3210 Romae]

234 3235 348 3265 prome
373 3226 397 3256 C
426 3243 456 3247 -
487 3225 539 3256 28.
567 3223 787 3261 tarquinium
810 3225 836 3254 A
863 3239 897 3244 —
931 3223 985 3254 29.
1012 3222 1110 3253 atulic
1132 3221 1173 3253 A¹
1196 3239 1238 3244 --
1271 3222 1372 3260 ratio,
1387 3223 1538 3261 profecta
1553 3229 1624 3253 ‘nos
1648 3221 1887 3252 distinximus:
1914 3219 2003 3250 ratio

234 3276 384 3315 profecta
407 3275 482 3305 sine
508 3274 684 3303 commate
709 3270 791 3303 edd.
826 3287 861 3293 -
897 3271 1037 3311 profecti
1059 3280 1173 3303 rerum
1196 3271 1256 3302 AB
1283 3271 1328 3311 (in
1352 3272 1376 3303 B
1402 3280 1425 3302 a
1449 3280 1526 3312 sup.
1553 3271 1564 3302 i
1588 3270 1697 3310 add),
1721 3269 1868 3310 profecto
1890 3275 2004 3300 rerum

238 3325 319 3364 (εον
342 3324 376 3353 in
400 3320 482 3360 ras.)
507 3320 548 3352 11.

2212 0 2216 31 ¹l
2231 0 2236 18 l
