2249 3624
314 119 395 164 442
695 129 765 168 DE
795 128 1002 169 FINIBUS
1033 127 1296 171 BONORUM
1324 129 1394 170 ET
1423 130 1689 174 MALORUM

312 242 405 281 tur?
452 244 524 280 aut
559 239 670 280 unde
709 244 772 280 est
808 239 888 280 hoc
929 241 1149 281 contritum
1190 246 1395 284 vetustate
1433 245 1723 297 proverbium,
1770 245 1982 298 quicum
2016 247 2070 287 in

312 303 583 343 tenebris?
628 303 719 342 Hoc
750 301 904 341 dictum
935 302 979 342 in
1008 316 1090 342 una
1120 317 1164 344 re
1195 304 1397 346 latissime
1429 312 1561 360 patet,
1592 312 1639 347 ut
1668 307 1711 347 in
1733 308 1924 348 omnibus
1950 308 2070 349 factis

310 379 371 413 re,
403 378 488 404 non
519 368 623 404 teste
655 376 904 404 moveamur.
964 363 1029 404 53.
1072 366 1177 405 Sunt
1217 368 1327 407 enim
1358 369 1466 409 levia
1496 376 1537 409 et
1565 370 1828 422 perinfirma,
1869 384 1976 423 quae
2010 371 2072 410 di-

308 427 509 467 cebantur
538 440 561 466 a
592 431 652 473 te,
684 425 810 464 animi
842 427 1101 466 conscientia
1130 428 1345 482 improbos
1368 433 1619 480 excruciari,
1650 438 1736 472 tum
1761 434 1884 472 etiam
1910 446 2071 486 poenae

275 491 476 536 ztimore,
513 502 597 542 qua
634 492 706 527 aut
744 487 980 528 afficiantur
1019 495 1090 529 aut
1128 504 1293 545 semper
1323 495 1406 533 sint
1434 495 1476 534 in
1508 500 1621 534 metu
1651 508 1702 534 ne
1734 493 1971 535 afficiantur
1999 496 2073 535 ali-

306 551 490 605 quando.
554 552 644 590 Non
685 555 851 603 oportet
887 551 1079 590 timidum
1121 559 1192 593 aut
1236 554 1446 595 imbecillo
1486 557 1624 597 animo
1665 555 1764 610 fingi
1800 571 1884 597 non
1914 558 2072 597 bonum

302 615 420 654 illum
451 614 605 659 virum,
647 613 737 666 qui,
781 612 983 667 quicquid
1013 613 1181 664 fecerit,
1222 618 1311 670 ipse
1342 631 1385 658 se
1419 620 1575 659 cruciet
1606 621 1831 674 omniaque
1860 620 2071 666 formidet,

303 677 375 717 sed
417 677 558 716 omnia
596 675 745 716 callide
776 675 1025 717 referentem
1059 679 1111 718 ad
1140 679 1386 727 utilitatem,
1423 687 1612 729 acutum,
1645 688 1879 730 versutum,
1910 690 2072 722 vetera-

302 746 456 787 torem,
487 739 608 779 facile
638 743 684 778 ut
715 738 943 791 excogitet,
976 753 1060 793 quo
1092 741 1216 781 modo
1249 743 1430 790 occulte,
1465 744 1551 782 sine
1575 748 1700 791 teste,
1733 744 1821 784 sine
1851 744 1939 784 ullo
1971 756 2072 783 con-

252 815 287 844 1ο
302 803 388 843 scio
428 802 558 842 fallat.
617 799 684 840 54.
715 801 780 840 An
818 806 862 841 tu
903 816 968 842 me
1011 803 1061 842 de
1099 805 1228 844 Lucio
1266 805 1430 844 Tubulo
1471 811 1592 858 putas
1635 807 1802 846 dicere?
1856 807 1927 859 qui
1975 819 2069 845 cum

300 871 466 919 praetor
497 865 789 919 quaestionem
819 864 929 904 inter
958 865 1130 907 sicarios
1162 868 1439 916 exercuisset,
1471 869 1529 908 ita
1560 874 1703 922 aperte
1730 869 1840 923 cepit
1869 868 2069 921 pecunias

301 929 352 968 ob
393 942 480 968 rem
520 927 810 976 iudicandam,
847 933 895 967 ut
925 941 1034 968 anno
1071 930 1265 982 proximo
1302 931 1344 970 P.
1379 931 1580 971 Scaevola
1622 930 1815 971 tribunus
1854 931 1912 984 pl.
1941 930 2070 970 ferret

300 991 351 1031 ad
391 991 575 1045 plebem,
607 990 817 1030 vellentne
848 990 899 1029 de
932 1004 979 1030 ea
1008 1005 1053 1032 re
1085 994 1242 1046 quaeri.
1294 993 1388 1041 Quo
1420 994 1638 1047 plebiscito
1671 994 1836 1034 decreta
1867 1006 1890 1034 a
1922 997 2069 1033 senatu

300 1059 362 1094 est
393 1053 555 1093 consuli
587 1053 779 1106 quaestio
813 1052 884 1093 Cn.
910 1052 1131 1107 Caepioni:
1163 1055 1376 1108 profectus
1413 1057 1454 1095 in
1493 1057 1687 1097 exsilium
1712 1057 1899 1097 Tubulus
1930 1057 2067 1096 statim

250 1127 374 1157 151100
403 1116 660 1170 respondere
690 1128 817 1155 ausus
849 1122 923 1164 θείς
956 1122 1044 1156 erat
1075 1118 1185 1158 enim
1216 1132 1281 1158 res
1312 1124 1471 1172 aperta.

409 1180 538 1220 XVII.
578 1180 673 1218 Non
714 1178 843 1231 igitur
873 1179 923 1219 de
959 1180 1171 1233 improbo,
1214 1181 1287 1221 sed
1322 1181 1373 1221 de
1406 1181 1558 1222 callido
1589 1182 1781 1236 improbo
1814 1182 2068 1236 quaerimUS,

298 1243 434 1297 qualis
467 1242 516 1290 Q.
538 1241 760 1295 Pompeius
791 1243 834 1281 in
863 1241 1033 1282 foedere
1056 1244 1309 1283 Numantino
1335 1244 1555 1285 infitiando
1577 1245 1674 1293 fuit,
1706 1259 1784 1285 nec
1806 1258 1904 1285 vero
1928 1244 2070 1284 omnia

295 1307 491 1353 timente,
534 1305 607 1345 sed
648 1304 826 1358 primum
858 1305 929 1359 qui
961 1306 1089 1345 animi
1123 1307 1423 1347 conscientiam
1455 1321 1541 1347 non
1573 1312 1712 1355 curet,
1753 1320 1878 1362 quam
1910 1306 2069 1346 scilicet

296 1369 570 1422 comprimere
609 1367 714 1407 nihil
754 1373 816 1408 est
857 1369 1028 1421 negotii.
1089 1369 1129 1407 Is
1162 1369 1294 1417 enim,
1339 1369 1411 1423 qui
1445 1370 1634 1409 occultus
1667 1375 1707 1409 et
1737 1375 1870 1410 tectus
1902 1369 2066 1416 dicitur,

247 1438 455 1473 aotantum
498 1431 617 1471 abest
654 1436 701 1470 ut
741 1444 785 1470 se
824 1431 999 1478 indicet,
1040 1429 1228 1484 perficiet
1264 1432 1390 1472 etiam
1421 1437 1467 1471 ut
1500 1432 1643 1472 dolere
1674 1433 1845 1472 alterius
1876 1431 2066 1485 improbo

294 1495 403 1535 facto
448 1494 663 1534 videatur:
709 1492 810 1547 quid
852 1499 914 1533 est
959 1494 1068 1533 enim
1109 1494 1222 1534 aliud
1263 1508 1356 1534 esse
1398 1497 1644 1535 versutum?
1701 1493 1767 1534 5J.
1798 1495 1969 1534 Memini
2000 1506 2065 1533 me

294 1557 442 1598 adesse
482 1558 524 1596 P.
559 1555 734 1595 Sextilio
771 1555 899 1604 Rufo,
947 1570 1040 1596 cum
1078 1556 1112 1596 is
1152 1570 1240 1596 rem
1283 1557 1334 1596 ad
1367 1557 1523 1598 amicos
1554 1559 1612 1598 ita
1643 1557 1843 1605 deferret,
1888 1570 1932 1596 se
1973 1570 2065 1597 esse

292 1621 490 1661 heredem
523 1619 573 1666 Q.
605 1618 736 1658 Fadio
769 1618 910 1666 Gallo,
953 1619 1070 1674 0111115
1102 1619 1143 1658 111
1176 1625 1426 1659 testamento
1459 1620 1660 1672 scriptum
1693 1625 1824 1668 esset,
1856 1634 1900 1659 se
1932 1620 1982 1659 ab
2014 1632 2064 1659 eo

294 1689 502 1737 rogatum,
541 1686 588 1721 ut
626 1680 762 1720 omnis
804 1681 1016 1720 hereditas
1046 1680 1099 1720 ad
1132 1679 1258 1722 filiam
1290 1683 1541 1735 perveniret.
1602 1682 1648 1721 Id
1682 1683 1880 1723 Sextilius
1910 1683 2064 1723 factum

242 1752 278 1781 {¹5
294 1746 484 1799 negabat.
532 1745 700 1783 Poterat
730 1747 870 1782 autem
901 1743 1096 1796 impune:
1130 1745 1223 1798 quis
1247 1746 1359 1785 enim
1379 1746 1681 1798 redargueret?
1724 1747 1853 1785 Nemo
1875 1751 2063 1786 nostrum

293 1807 489 1847 credebat
534 1811 705 1860 eratque
746 1807 834 1846 veri
873 1806 1050 1846 similius
1098 1807 1210 1848 hunc
1251 1809 1441 1856 mentiri,
1488 1809 1607 1848 cuius
1654 1809 1895 1857 interesset,
1941 1822 2064 1862 quam

292 1871 432 1918 illum,
477 1869 549 1922 qui
589 1868 631 1908 id
671 1882 714 1909 se
755 1882 925 1921 rogasse
966 1870 1222 1923 scripsisset,
1264 1872 1377 1924 quod
1420 1872 1635 1912 debuisset
1665 1885 1823 1925 rogare.
1873 1872 2066 1910 Addebat

293 1934 419 1974 etiam
451 1946 493 1972 se
523 1932 567 1972 in
596 1931 732 1984 legem
762 1932 991 1972 Voconiam
1021 1932 1202 1973 iuratum
1234 1939 1379 1974 contra
1401 1947 1491 1973 eam
1514 1933 1651 1974 facere
1674 1948 1758 1974 non
1781 1934 1948 1981 audere,
1980 1933 2063 1973 nisi

292 1996 414 2036 aliter
450 1994 596 2034 amicis
633 1994 859 2033 videretur.
908 1994 1141 2035 Aderamus
1172 2010 1250 2036 nos
1284 1997 1451 2049 quidem
1482 1997 1798 2044 adulescentes,
1838 1996 1912 2036 sed
1942 1994 2063 2035 multi

243 2071 277 2101 30
292 2058 540 2112 amplissimi
569 2057 671 2105 viri,
704 2071 880 2110 quorum
911 2071 1035 2098 nemo
1057 2059 1220 2099 censuit
1245 2059 1338 2112 plus
1361 2059 1513 2099 Fadiae
1537 2059 1741 2105 dandum,
1775 2071 1900 2112 quam
1921 2061 2064 2112 posset

292 2123 344 2163 ad
375 2135 467 2162 eam
498 2122 589 2174 lege
621 2120 811 2160 Voconia
841 2120 1075 2173 pervenire.
1136 2121 1289 2160 Tenuit
1318 2134 1587 2173 permagnam
1621 2121 1821 2160 Sextilius
1852 2119 2063 2160 heredita-

291 2190 394 2232 tem,
440 2184 574 2231 unde,
621 2183 655 2223 si
694 2188 862 2223 secutus
904 2187 1015 2223 esset
1056 2195 1201 2222 eorum
1242 2184 1513 2232 sententiam,
1559 2184 1629 2237 qui
1668 2184 1849 2224 honesta
1880 2189 1920 2224 et
1950 2188 2062 2223 recta

291 2247 583 2288 emolumentis
615 2246 808 2286 omnibus
840 2250 880 2285 et
910 2245 1142 2285 commodis
1173 2251 1495 2300 anteponerent,
1529 2261 1745 2287 nummum
1776 2246 1938 2286 nullum
1969 2246 2063 2285 atti-

290 2312 430 2363 gisset.
488 2311 595 2350 Num
626 2309 753 2362 igitur
784 2322 877 2348 eum
909 2313 1058 2362 postea
1087 2321 1233 2349 censes
1265 2310 1391 2349 anxio
1424 2310 1563 2350 animo
1595 2315 1666 2349 aut
1698 2309 1878 2349 sollicito
1900 2307 2060 2347 fuisse?

239 2385 275 2413 35
289 2374 402 2413 Nihil
432 2374 568 2413 minus
601 2378 830 2426 contraque
861 2372 932 2411 illa
957 2370 1188 2411 hereditate
1211 2373 1326 2412 dives
1350 2373 1401 2412 ob
1426 2386 1603 2426 eamque
1626 2386 1712 2412 rem
1735 2371 1890 2420 laetus;
1924 2371 2062 2424 magni

289 2437 400 2476 enim
431 2435 676 2476 aestimabat
705 2434 926 2488 pecuniam
957 2448 1041 2473 non
1073 2435 1198 2475 modo
1230 2448 1316 2475 non
1350 2441 1495 2475 contra
1527 2436 1665 2489 leges,
1698 2434 1773 2474 sed
1806 2434 1930 2474 etiam
1960 2433 2063 2486 legi-

287 2499 364 2539 bus
406 2505 586 2552 partam,
628 2511 735 2552 quae
778 2496 946 2551 quidem
978 2497 1044 2537 vel
1077 2511 1170 2537 cum
1214 2498 1402 2550 periculo
1445 2504 1506 2538 est
1543 2497 1785 2552 quaerenda
1815 2495 1954 2537 vobis:
1999 2500 2062 2534 est

287 2562 398 2602 enim
437 2562 626 2602 effectrix
664 2561 889 2601 multarum
935 2564 975 2600 et
1017 2572 1260 2612 magnarum
1290 2560 1565 2614 voluptatum.
1625 2558 1692 2599 56.
1722 2559 1776 2598 Ut
1805 2559 1933 2610 igitur
1960 2557 2060 2605 illis,

371 2766 402 2799 4.
429 2766 542 2807 animi]
568 2775 641 2797 cum
665 2766 769 2797 animi
789 2765 843 2797 ed.
863 2765 998 2796 Veneta
1021 2772 1052 2795 a.
1074 2763 1168 2796 «¹488.
1199 2782 1233 2787 —-
1260 2762 1371 2804 eliam]
1398 2763 1483 2795 enim
1507 2764 1530 2794 B
1557 2781 1591 2785 —
1619 2763 1650 2794 5.
1677 2771 1744 2802 qua
1768 2766 1825 2794 aul
1850 2762 1906 2795 A2‘:
1933 2772 2001 2804 qua
2023 2766 2059 2794 ut

283 2817 322 2849 A¹
336 2818 359 2849 l),
382 2835 415 2839 —-
436 2818 466 2847 ὓ.
485 2820 610 2855 oportet
632 2817 709 2847 AB:
737 2825 863 2847 omnem
879 2815 904 2846 E
923 2832 958 2836 —
985 2814 1124 2845 inbecilli
1140 2814 1163 2844 Β
1186 2832 1219 2835 -—
1239 2814 1269 2845 7.
1290 2814 1446 2853 quicquid
1464 2815 1509 2844 A:
1538 2814 1716 2853 quicquam
1734 2814 1757 2844 B
1778 2831 1811 2836 —
1838 2814 1868 2844 8.
1889 2817 2058 2844 uersatum

283 2868 308 2899 E
335 2885 368 2889 —
396 2867 427 2897 9.
454 2866 643 2906 eccoyilare
668 2867 690 2896 B
714 2884 748 2889 -
777 2875 840 2906 quo
864 2866 958 2896 modo
979 2865 1063 2895 AB:
1098 2873 1161 2903 quo
1187 2864 1211 2894 O
1239 2882 1265 2886 —
1301 2865 1353 2895 40.
1380 2864 1464 2894 lucio
1489 2864 1571 2894 AB:
1605 2863 1641 2894 L.
1669 2863 1738 2894 Mo
1766 2881 1798 2885 —
1828 2865 1878 2895 vlt.
1904 2862 1963 2904 ita]
1988 2864 2057 2894 ita-

282 2927 344 2957 que
366 2918 390 2948 B
408 2934 443 2939 —
471 2916 522 2947 42.
549 2915 698 2946 Iribwzus
717 2915 776 2956 pl.]
800 2924 850 2946 TR.
869 2924 919 2946 PL.
938 2915 1016 2951 AB;
1046 2913 1196 2944 tribunus
1215 2913 1318 2953 plebis
1345 2914 1411 2944 Mo
1431 2930 1465 2934 —-
1492 2913 1615 2952 ferrent
1641 2914 1664 2943 Β
1685 2930 1719 2934 -
1749 2912 1799 2943 13.
1829 2912 2014 2953 Quo]qu(1e
2030 2913 2054 2943 B

285 2985 319 2989 —
340 2966 392 2998 4-1.
412 2966 567 3004 Caepioni
590 2968 615 2996 A
632 2967 676 2996 D:
703 2967 839 3005 scipioni
862 2966 886 2997 B
908 2983 940 2988 —
971 2965 1022 2996 ⁴5.
1043 2973 1144 2995 ausus
1166 2967 1211 2995 est
1235 2963 1290 2994 ed.
1311 2964 1486 2994 Romana:
1513 2971 1613 2993 ausus
1632 2964 1713 3001 [oni.
1733 2964 1787 3000 est)
1808 2962 1911 2993 codd.
1933 2963 1967 2993 et
1990 2962 2054 2993 ΜΟ

285 3035 317 3039 -
340 3017 388 3048 46.
410 3017 464 3047 sed
486 3015 605 3046 callido
622 3017 645 3047 A
663 3016 707 3052 B',
733 3017 787 3047 secl
810 3017 847 3047 (Ic
870 3016 987 3047 callide
1004 3016 1028 3046 Ο
1050 3032 1085 3037 -
1114 3015 1164 3045 47.
1190 3014 1300 3053 fodere
1316 3015 1361 3049 A;
1387 3013 1494 3052 sedere
1517 3013 1540 3043 B
1561 3029 1595 3034 —
1626 3012 1679 3043 18.
1697 3012 1828 3043 timente
1844 3011 2051 3043 Lambinus:

282 3063 415 3099 limem?
439 3068 482 3104 A,
509 3066 671 3096 linientem
696 3066 718 3096 B
744 3084 786 3088 m
812 3067 862 3097 Ἰ19.
889 3069 996 3097 reclus
1019 3065 1043 3096 B
1071 3081 1106 3085 —
1134 3064 1186 3094 ΞΟ.
1213 3064 1312 3094 etiam
1336 3064 1381 3094 A:
1409 3066 1438 3093 ct
1463 3063 1485 3092 13
1513 3079 1547 3084 —
1578 3062 1724 3101 improbo
1749 3063 1775 3093 Α
1791 3063 1833 3093 C:
1863 3061 2006 3101 improbe
2030 3060 2054 3091 B

282 3119 352 3150 ΜΟ
372 3135 406 3138 -
434 3117 486 3148 22.
514 3116 606 3156 Rufo]
630 3116 702 3155 fuxo
727 3117 751 3146 A
772 3133 806 3137 —-
835 3125 903 3147 rem
927 3116 970 3146 acl
995 3116 1117 3146 amicos
1133 3115 1214 3145 AB:
1242 3114 1285 3144 acl
1309 3113 1432 3144 amicos
1455 3122 1524 3143 rem
1542 3114 1566 3144 O
1588 3131 1621 3135 -—
1650 3114 1701 3144 ΞΒ.
1728 3111 1843 3152 Fadio]
1867 3111 1955 3150 fabio
1979 3111 2054 3148 AB,

284 3168 342 3207 qui
367 3169 484 3198 tamen
510 3168 605 3196 recte
632 3165 716 3196 intra
743 3175 775 3196 v.
802 3165 840 3197 530
867 3165 997 3196 habent
1021 3165 1133 3205 [culiae
1157 3165 1191 3195 et
1215 3172 1248 3204 p.
1271 3164 1343 3201 ⁴13,
1366 3163 1400 3194 21
1429 3163 1540 3203 foslius
1570 3181 1603 3184 —
1630 3162 1683 3194 ⁶24.
1709 3163 1835 3202 saelum
1859 3160 2054 3192 Seoelill'usB

286 3234 320 3238 -—
348 3217 401 3247 25.
429 3216 604 3255 redaryuel
639 3217 678 3245 Αἱ
714 3233 746 3236 —-
784 3216 836 3246 ¹⁴26.
868 3216 954 3246 hanc
986 3217 1010 3246 B
1047 3233 1080 3237 —
1119 3214 1172 3245 ⁶27.
1200 3214 1232 3243 itl
1264 3222 1333 3244 om.
1360 3213 1384 3243 B
1419 3230 1453 3234 —
1491 3214 1544 3244 29.
1571 3213 1624 3244 sed
1648 3213 1731 3244 AB:
1769 3213 1822 3243 sed
1846 3212 1943 3243 eliam
1967 3211 1992 3241 O
2022 3226 2052 3231 —-

285 3265 337 3297 33.
363 3274 533 3296 num-mum
555 3265 681 3296 nullum
705 3266 731 3295 Α
747 3264 768 3294 Β
785 3265 828 3295 C:
854 3274 894 3296 vnc
918 3274 1087 3296 nummum
1111 3264 1241 3304 quidem
1264 3271 1368 3294 unum
1393 3263 1418 3294 O
1444 3278 1478 3284 —
1507 3262 1559 3294 35.
1587 3262 1734 3302 eamque]
1759 3271 1831 3294 eam
1856 3262 1891 3293 B.
