2249 3624
515 169 602 209 Lm.
634 168 683 207 ΙΙ.
725 167 821 208 Cu».
850 167 1298 208 xxxv—XXXVII.
1337 166 1396 220 §§
1428 165 1622 207 88-94..
1875 162 1956 205 4⁶27

193 282 310 333 putat
341 288 532 320 cernere,
565 279 660 326 post
691 278 828 313 autem
861 275 990 325 signis
1024 274 1293 320 certioribus,
1327 275 1450 327 quale
1483 275 1533 313 sit
1561 274 1626 319 id,
1659 274 1814 325 dequo
1838 272 1957 312 dubi-

192 344 369 386 taverat,
398 338 545 390 incipit
575 337 801 389 suspicari,
839 338 897 376 sic
930 337 1171 389 philosophi
1205 337 1459 380 debuerunt,
1493 337 1525 375 si
1558 336 1662 375 sorte
1695 350 1767 374 eos
1800 337 1955 388 primus

191 406 381 455 aspectus
413 399 557 438 muudi
590 400 931 445 conturbaverat,
972 406 1134 451 postea,
1168 413 1260 437 cum
1296 399 1495 438 vidissent
1526 405 1663 438 motus
1696 400 1784 438 eius
1818 399 1956 436 linitos

190 470 231 504 et
260 462 503 516 aequabiles
526 462 748 513 omniaqm¹
772 462 868 500 ratis
891 462 1107 499 ordinibus
1131 461 1342 499 moderata
1367 462 1686 514 inmutabilique
1709 460 1956 504 constantia,

189 525 433 577 intellegere
464 523 601 562 inesse
630 523 811 575 aliquem
836 537 916 562 nou
939 524 1070 562 solum
1094 524 1367 562 habitatorem
1393 524 1433 562 iu
1458 524 1530 562 hac
1553 524 1721 562 caelesti
1748 537 1793 563 ac
1816 522 1987 562 divinas

189 588 334 633 domo,
367 586 439 626 sed
472 586 597 625 etiam
629 591 833 624 rectorem
866 592 905 625 et
938 586 1241 625 uuuleratorem
1266 593 1305 624 et
1329 592 1536 638 tamquam
1560 587 1830 625 architectum
1855 585 1957 623 tanti

189 650 326 704 operis
359 648 547 700 tantique
579 648 777 686 muneris.
841 648 1030 686 xxxxi.
1064 649 1180 686 Nunc
1212 655 1349 687 autcm
1385 649 1482 687 mihi
1517 650 1709 688 videntur
1740 662 1790 686 ue.
1821 648 1957 699 suspi-

188 712 271 752 cari
304 711 491 763 quidem,
527 716 684 762 quanta
715 711 766 748 sit
797 710 1097 749 admirabilitas
1120 711 1356 750 caelestium
1381 725 1516 749 rerum
1539 718 1663 762 atque
1686 710 1955 749 terrestrium.

187 771 254 813 91.
287 773 493 826 Principio
526 772 635 811 enim
669 777 775 811 terra
807 772 885 811 sita
919 772 961 810 in
995 772 1130 811 media
1164 779 1277 824 parte
1311 773 1452 811 mundi
1486 773 1736 812 circumfusa
1770 772 1956 824 undique

188 842 251 876 est
281 835 357 874 bac
389 834 555 874 animali
589 834 860 886 spirabilique
893 840 1060 879 natura,
1104 835 1169 873 eui
1204 848 1352 873 nomeu
1387 842 1449 874 cst
1481 841 1571 881 aer,
1615 836 1819 874 Graecum
1852 834 2007 872 illudio

187 898 375 952 quidem,
415 897 488 937 sed
529 902 769 949 perceptum
812 897 892 935 iam
926 902 1062 935 tamen
1098 911 1172 935 usu
1203 910 1225 935 a
1260 898 1434 943 uostris3
1476 899 1613 936 tritum
1647 903 1707 936 est
1739 898 1847 936 onim
1882 909 1955 948 pro

186 961 347 1001 Latino.
394 960 516 998 Hunc
547 972 691 998 rursus
722 958 988 1011 amplectitur
1020 959 1233 997 inmensus
1264 958 1426 1006 aether,
1469 961 1539 1012 qui
1571 966 1732 999 constat
1763 974 1813 999 ex
1845 959 1957 998 altis-

185 1023 302 1064 simis
347 1023 526 1075 ignibus.
586 1023 825 1060 Mutuemur
866 1021 945 1060 hoc
986 1034 1154 1074 quoqne
1196 1022 1368 1060 verbum
1412 1022 1657 1075 dicaturque
1700 1028 1781 1062 tam
1813 1021 1959 1061 aether

184 1086 353 1132 Latine,
386 1098 507 1137 quam
540 1085 692 1123 dicitur
722 1088 812 1130 aer,
845 1084 923 1123 etsi
956 1083 1252 1136 interpretatur
1284 1085 1513 1123 Pacuvius:

353 1147 484 1194 Hoc,
525 1146 664 1199 quod
706 1159 961 1193 memoro,
1005 1146 1178 1185 nostri
1221 1147 1441 1193 caelum,
1484 1147 1633 1186 Graii
1667 1146 2007 1199 perhibentis

1031 1208 1279 1248 aethera:

186 1275 307 1328 quasi
339 1287 437 1314 vero
479 1287 561 1313 non
595 1273 742 1312 Graius
785 1271 864 1311 hoc
904 1271 1027 1310 dicat.
1084 1274 1135 1310 At
1166 1272 1311 1311 Latine
1349 1272 1549 1324 loquitur.
1606 1272 1646 1311 Si
1680 1270 1849 1325 quidem
1882 1285 1957 1311 nos

184 1350 268 1377 non
299 1336 420 1389 quasi
452 1336 608 1376 Graece
640 1336 882 1388 loquentem
913 1334 1145 1374 audiamus.
1197 1336 1328 1374 Docet
1359 1336 1469 1374 idem
1501 1335 1583 1374 alio
1617 1335 1739 1375 loco:

355 1398 657 1451 Graiugena
698 1398 758 1437 de
790 1398 928 1436 istoc
960 1396 1139 1448 aperit
1169 1398 1286 1449 ipsa
1319 1399 1502 1438 oratio.

184 1459 251 1501 92.
285 1461 365 1500 Sed
398 1462 448 1501 ad
481 1462 637 1500 maiora
668 1461 902 1500 redeamus.
958 1460 1021 1498 Ex
1053 1459 1221 1499 aethere
1253 1460 1380 1512 igitur
1410 1460 1736 1499 innumerabiles
1769 1461 1957 1499 flammae
1972 1467 2007 1496 *20

184 1525 367 1565 siderum
399 1524 625 1570 exsistunt,
657 1536 834 1576 quorum
869 1527 931 1561 est
963 1523 1154 1575 princeps
1185 1523 1267 1569 sol,
1299 1523 1440 1562 onmia
1471 1523 1702 1562 clarissima
1739 1523 1828 1562 luce
1860 1536 1958 1562 con-

183 1587 378 1634 lustrans,
411 1586 550 1626 multis
574 1586 759 1639 partibus
781 1586 912 1625 maior
933 1591 1059 1638 atque
1081 1585 1260 1638 amplior
1282 1600 1403 1637 quam
1429 1592 1536 1624 terra
1561 1586 1772 1625 universa:
1805 1585 1956 1624 deinde

183 1650 347 1702 reliqua
384 1648 522 1688 sidera
562 1647 922 1700 magnitudinibus
964 1648 1180 1687 inmensis.
1233 1650 1371 1701 Atque
1416 1649 1457 1687 hi
1501 1649 1604 1688 tanti
1642 1649 1759 1701 ignes
1792 1654 1956 1701 tamque

184 1712 302 1754 multi
343 1725 427 1752 non
468 1711 594 1750 modo
634 1710 739 1749 nihil
771 1715 923 1749 nocent
954 1710 1074 1749 terris
1107 1711 1315 1764 rebusque
1348 1712 1634 1757 terrestribus,
1672 1711 1744 1750 sed
1777 1712 1832 1750 ita
1864 1724 1957 1763 pro-

184 1781 302 1822 sunt,
335 1781 400 1821 ut,
433 1775 467 1814 si
500 1779 610 1813 mota
641 1773 733 1812 loco
765 1774 869 1819 sint,
902 1774 1160 1824 conflagrare
1194 1779 1325 1813 terras
1357 1787 1528 1814 necesse
1561 1775 1614 1813 sit
1635 1787 1657 1813 a
1680 1774 1805 1813 tantis
1836 1773 1956 1813 ardo·
1971 1781 2006 1810 25

182 1838 298 1878 ribus
330 1836 621 1876 moderatione
655 1842 695 1875 et
726 1836 1026 1887 temperatione
1059 1836 1237 1876 sublata.

298 1899 508 1939 XXXVII.
540 1896 606 1937 93.
639 1898 716 1937 Hic
748 1910 824 1949 ego
856 1911 939 1937 non
972 1899 1095 1938 mirer
1126 1913 1216 1938 esse
1249 1913 1520 1953 quemquam,
1561 1902 1631 1953 qui
1668 1900 1746 1939 sibi
1787 1912 1958 1951 persua—

183 1964 279 2004 deat
309 1975 484 2015 corpora
515 1961 720 2014 quaedam
753 1960 887 2000 solida
917 1966 1045 2014 atque
1087 1962 1303 2002 individua
1336 1964 1373 2002 vi
1406 1969 1445 2002 et
1477 1964 1678 2013 gravitate
1711 1963 1805 2002 ferri
1840 1977 1958 2002 muu-

183 2026 368 2077 dumque
409 2022 516 2063 effici
554 2023 865 2063 ornatissimum
909 2030 948 2062 et
986 2024 1312 2077 pulcherrimum
1345 2039 1397 2065 ex
1430 2039 1573 2064 eorum
1607 2039 1826 2078 corporum
1861 2038 1959 2064 con-

182 2088 376 2129 cursione
416 2086 620 2127 fortuita?
663 2086 753 2125 lIoc
795 2085 865 2138 qui
908 2087 1121 2127 existimat
1152 2086 1240 2126 lieri
1274 2090 1479 2140 potuisse,
1518 2102 1600 2128 non
1633 2088 1854 2139 intellego,
1887 2096 2007 2126 cur30

182 2165 267 2192 non
298 2150 408 2190 idem
440 2155 577 2202 putet,
609 2149 642 2188 si
675 2148 1002 2188 innumerabiles
1035 2151 1158 2189 unius
1191 2156 1231 2190 et
1262 2151 1407 2202 viginti
1442 2151 1597 2191 formae
1630 2152 1858 2190 litterarum
1892 2150 1956 2190 vel

182 2226 332 2254 aureae
363 2212 428 2251 vel
461 2211 606 2264 quales
639 2211 739 2250 libet
769 2210 911 2262 aliquo
946 2212 1187 2259 coiciantur,
1221 2227 1344 2266 posse
1374 2227 1427 2252 ex
1456 2215 1504 2252 iis
1533 2215 1573 2253 in
1598 2220 1746 2253 terram
1768 2213 1955 2252 excussis

182 2276 355 2316 annales
394 2274 542 2320 Ennii,
587 2279 631 2312 ut
669 2273 866 2326 deinceps
905 2273 987 2325 legi
1027 2276 1209 2327 possint,
1252 2274 1386 2314 eflici:
1429 2277 1539 2328 quod
1574 2278 1715 2316 nescio
1747 2290 1797 2315 an
1830 2290 1881 2314 ne
1913 2276 1955 2315 in

181 2351 265 2378 uno
308 2337 475 2390 quidem
518 2350 640 2375 versu
682 2337 815 2388 possit
857 2343 1013 2376 tantum
1049 2338 1186 2376 valere
1218 2337 1397 2377 fortuna.
1459 2338 1524 2377 94.
1560 2340 1626 2378 lsti
1661 2346 1798 2378 autem
1832 2351 1953 2391 quem

183 2402 235 2442 ad
266 2400 432 2440 modum
465 2399 733 2445 adseverant,
767 2412 818 2438 ex
849 2400 1108 2452 corpusculis
1140 2415 1223 2439 non
1257 2401 1412 2448 colore,
1456 2415 1536 2441 nou
1570 2402 1766 2454 qualitate
1800 2400 1954 2452 aliqua,
1969 2409 2004 2437 35

182 2476 308 2517 quam
340 2461 545 2511 ποιότητα
578 2462 724 2501 Graeci
759 2468 931 2508 vocant,
976 2476 1059 2501 non
1092 2477 1218 2502 sensu
1253 2464 1475 2516 praeditis,
1508 2465 1578 2504 sed
1614 2463 1955 2503 concurrentibus

181 2532 339 2566 temere
370 2531 494 2578 atque
527 2538 625 2564 casu
657 2524 858 2563 mundum
891 2539 981 2564 esse
1014 2526 1270 2578 perfectum,
1305 2527 1368 2565 vel
1403 2527 1724 2566 innumerabiles
1755 2527 1889 2579 potius
1913 2526 1955 2565 in

183 2587 296 2628 omni
331 2593 486 2641 puncto
520 2588 719 2640 temporis
751 2587 857 2626 alios
890 2588 1027 2635 nasci,
1059 2589 1164 2627 alios
1197 2589 1402 2628 interire?
1436 2590 1558 2637 Quod
1587 2591 1619 2628 si
1646 2589 1844 2628 muudum
1869 2587 1955 2628 effi-

183 2662 275 2689 cere
318 2655 456 2702 potest
487 2662 715 2688 concursus
753 2655 1005 2697 atomorum,
1045 2665 1118 2690 cur
1148 2652 1378 2703 porticum,
1418 2666 1491 2690 cur
1522 2652 1743 2705 templum,
1777 2665 1851 2690 cur
1881 2651 1955 2690 do-

183 2725 316 2759 mum,
349 2725 422 2751 cur
452 2712 596 2751 urbem
629 2725 713 2752 non
745 2714 919 2765 potest?
952 2726 1057 2766 quae
1089 2719 1184 2753 sunt
1216 2714 1352 2753 minus
1375 2728 1549 2767 operosa
1571 2720 1611 2753 et
1633 2714 1761 2753 multo
1785 2714 1953 2767 quidem
1968 2720 2003 2750 40

269 2896 299 2927 9.
326 2896 491 2935 Principio
509 2899 618 2928 --εει
643 2905 702 2927 aet·
727 2896 860 2927 Probus
886 2897 929 2927 ad
954 2897 1080 2937 Vergil.
1108 2897 1226 2929 Bucol.
1255 2908 1286 2938 p.
1315 2899 1354 2928 ⁴¹8
1380 2897 1463 2928 Keil.
1490 2916 1522 2920 —
1552 2899 1602 2929 40.
1631 2899 1769 2929 animali
1796 2898 1950 2930 Probus:

181 2946 354 2978 animabili
378 2944 407 2978 ‘21
435 2963 467 2967 —
502 2948 554 2977 41.
582 2956 601 2976 α
627 2948 800 2977 nostr-itum
825 2948 864 2978 Αἱ
894 2964 927 2968 -
965 2948 1015 2978 ¹¹5.
1043 2948 1078 2978 Id
1109 2949 1195 2985 quod
1225 2950 1326 2978 noslri
1356 2949 1483 2977 caelum
1512 2953 1693 2979 memorant
1721 2950 1826 2980 Varro
1853 2952 1886 2981 l..
1916 2951 1950 2981 L.

180 2996 220 3033 V,
247 2996 299 3026 47.
329 3011 363 3017 —
390 2996 468 3035 grai
492 2994 520 3027 '21
550 3013 581 3018 —
619 2997 668 3027 Π.
697 2997 821 3027 latinae
845 3000 870 3028 A
899 3015 934 3019 —
972 2998 1022 3028 19,
1051 2999 1243 3036 (1'1'0521511’11‘1
1259 3007 1268 3027 :
1302 2998 1339 3027 (Ic
1363 2999 1387 3027 ()
1420 2999 1660 3037 {Graiugyenanz
1685 3000 1735 3029 led
1759 3009 1824 3030 esse
1847 3000 1955 3038 operit

178 3046 253 3084 ipsa
275 3045 384 3076 oratio
409 3045 506 3085 Hugo
531 3046 693 3085 Grotius.)
723 3065 756 3068 —
784 3048 863 3078 istoc
886 3047 1018 3077 Bothe:
1049 3048 1108 3077 islo
1134 3052 1156 3078 Α
1176 3049 1197 3078 n
1214 3049 1261 3077 (22
1295 3051 1357 3077 zita
1384 3047 1407 3077 13
1437 3065 1469 3069 -
1501 3048 1549 3079 esi.
1576 3051 1674 3079 terris
1697 3050 1856 3089 rebusque
1872 3049 1952 3089 cet]

180 3094 232 3126 Ab
257 3095 310 3126 his
335 3095 453 3127 verbis
479 3096 598 3136 incipit
622 3097 648 3126 Y
668 3113 702 3118 -
732 3098 784 3127 25.
810 3100 899 3128 mola
924 3098 997 3127 loca
1024 3099 1068 3128 (22
1096 3098 1164 3127 loco
1190 3101 1276 3127 mola
1307 3097 1327 3126 12*
1357 3114 1389 3117 ψ
1420 3098 1469 3128 ²27.
1497 3108 1574 3138 erqo
1601 3100 1700 3138 (corr.
1721 3110 1761 3132 cx
1781 3103 1851 3141 (²90)
1870 3101 1896 3130 V
1917 3119 1949 3124 —

182 3144 235 3176 30.
270 3153 358 3183 quur
386 3146 413 3176 A
448 3163 490 3168 ——
526 3146 578 3176 3¹.
612 3146 866 3177 innmnerabiles
901 3148 1094 3187 (superscr.
1122 3156 1137 3177 c
1162 3148 1251 3177 inter
1275 3146 1361 3176 duas
1393 3154 1432 3183 u)
1468 3148 1515 3178 B:
1554 3149 1825 3180 inenumerabilvs
1849 3152 1872 3181 C
1891 3152 1955 3182 Ex*

184 3211 219 3217 —
246 3194 298 3226 32.
325 3195 511 3226 coiciantur·
528 3195 556 3228 ‘21
582 3197 628 3235 (in
650 3197 675 3226 V
693 3205 871 3236 snperscr.
890 3198 1109 3235 coniciuntur)
1128 3207 1133 3226 2
1165 3199 1389 3228 conticinium·
1406 3198 1430 3227 O
1451 3214 1484 3218 —
1505 3198 1544 3227 iis
1562 3199 1602 3229 B:
1623 3200 1670 3229 his
1687 3201 1710 3229 O
1738 3217 1770 3221 —
1801 3200 1851 3230 333.
1879 3201 1953 3231 enni

180 3243 286 3275 ACE
317 3261 352 3266 -
387 3244 439 3276 36.
463 3246 613 3284 ροθοίθὶα
644 3246 770 3277 ABE:
804 3250 901 3285 poeta
933 3247 980 3283 C;
1015 3251 1167 3286 poeotela
1193 3248 1218 3277 V
1247 3264 1281 3269 —
1311 3248 1362 3277 39.
1391 3256 1478 3286 quur
1502 3251 1646 3288 (quater)
1673 3251 1699 3279 A
1727 3267 1759 3271 —
1788 3249 1839 3280 40.
1868 3258 1953 3289 quae

179 3296 253 3324 sune
269 3311 287 3316 -
299 3310 317 3316 -
333 3294 504 3334 faciliora]
531 3296 675 3327 «Miram
700 3296 866 3327 orationis
891 3296 1039 3328 sormam
1056 3306 1062 3327 :
1088 3305 1159 3327 icas
1176 3297 1303 3328 minder
1318 3297 1442 3328 scincet·
1457 3298 1499 3329 isc
1514 3299 1582 3330 und
1598 3308 1695 3330 :war
1712 3301 1784 3330 weit
1801 3299 1948 3330 leichler!
