2249 3624
239 94 322 135 526
900 95 970 133 DE
999 93 1356 134 DIVINATIONE

237 201 404 253 potest?
435 211 598 239 unusne
630 198 810 237 mundus
844 198 897 237 sit
927 212 979 238 an
1010 199 1166 251 plures,
1199 213 1307 252 quae
1339 199 1423 239 sint
1451 199 1572 239 initia
1595 213 1756 248 rerum,
1781 214 1835 241 ex
1859 202 2011 255 quibus

236 266 465 301 nascuntur
486 261 624 300 omnia
647 284 698 290 —-
721 259 987 312 physicorum
1012 266 1075 300 est
1096 261 1175 300 ista
1197 261 1419 314 prudentia
1440 283 1494 290 --
1517 275 1601 315 quo
1625 263 1748 303 modo
1771 269 1841 303 aut
1871 278 2010 304 men-

237 324 446 362 tientem
462 354 472 370 ‚
495 336 618 375 quem
642 321 908 373 ψευδόμενον
931 328 1094 370 vocant,
1118 323 1323 363 dissolvas
1347 329 1421 363 aut
1443 337 1566 376 quem
1590 324 1641 363 ad
1667 325 1835 365 modum
1859 327 2010 366 soriti

236 387 404 425 resistas
436 408 486 412 —
521 398 670 437 quem,
703 385 736 423 si
768 397 941 423 necesse
974 384 1047 432 sit,
1087 385 1234 424 Latino
1265 386 1394 425 verbo
1435 385 1561 426 liceat
1596 388 1899 428 acervalem
1938 401 2012 441 ap-

203 447 411 499 5pellare‚
446 445 518 486 sed
550 445 655 485 nihil
687 459 794 498 opus
827 452 907 494 est;
939 451 985 485 ut
1017 446 1127 485 enim
1159 446 1251 498 ipsa
1282 446 1618 500 philosophia
1650 454 1691 488 et
1721 449 1852 489 multa
1882 450 2012 490 verba

236 509 514 555 Graecorum,
556 508 615 548 sic
654 508 862 548 sorites
905 509 1005 548 satis
1037 509 1186 548 Latino
1218 522 1413 550 sermone
1444 512 1565 550 tritus
1598 517 1661 551 est
1690 533 1745 540 —
1776 525 1875 564 ergo
1907 511 2011 552 baec

235 585 405 624 quoque
451 570 658 610 dialectici
707 570 874 617 dicent,
920 584 1004 610 non
1051 570 1197 610 divini.
1259 571 1406 619 Quid?
1452 585 1546 612 cum
1589 573 1805 626 quaeritur
1845 574 1917 627 qui
1959 575 2012 614 sit

235 635 416 688 optimus
446 634 507 673 rei
538 633 730 686 publicae
763 638 905 680 status,
938 645 1046 685 quae
1079 633 1214 685 legeS,
1247 634 1318 687 qui
1343 648 1478 674 mores
1499 641 1570 674 aut
1590 636 1714 675 utiles
1737 640 1808 675 aut
1828 636 2010 684 inutiles,

233 697 528 749 haruspicesne
561 709 614 735 ex
635 696 799 735 Etruria
830 700 1108 742 arcessentur,
1141 708 1193 735 an
1224 696 1436 748 principes
1469 702 1654 737 statuent
1686 704 1728 737 et
1759 698 1911 739 delecti
1932 699 2009 739 viri

184 777 219 805 110
234 759 357 812 periti
399 771 537 797 rerum
580 757 795 797 civilium?
857 754 922 796 sii).
971 757 1095 804 Quod
1137 757 1171 797 si
1207 771 1283 797 nec
1315 771 1457 797 earum
1489 772 1625 798 rerum
1659 773 1767 813 quae
1799 762 2011 801 subiectae

233 819 425 861 sensibus
459 825 556 860 sunt
588 820 673 859 ulla
704 820 908 859 divinatio
941 826 1016 867 est,
1048 833 1125 859 nec
1148 833 1291 859 earum
1314 833 1420 874 quae
1443 818 1600 860 artibus
1623 823 1901 870 continentur,
1932 837 2011 863 nec

233 897 374 923 earum
414 896 523 936 quae
561 884 603 922 in
642 882 910 936 philosophia
941 882 1227 928 disseruntur,
1271 896 1348 922 nec
1379 896 1522 922 earum
1554 897 1661 937 quae
1692 884 1734 923 in
1766 899 1810 925 re
1842 886 2012 939 publica

232 951 476 986 versantur:
519 959 695 999 quarum
726 959 864 984 rerum
897 945 950 984 sit
981 943 1083 984 nihil
1114 959 1284 999 prorsus
1315 945 1529 998 intellego.
1582 948 1687 986 Nam
1717 952 1790 986 aut
1821 948 2008 987 omnium

232 1009 356 1049 debet
388 1021 479 1048 esse
511 1013 582 1048 aut
612 1008 756 1061 aliqua
787 1008 824 1047 ei
857 1008 1030 1047 materia
1062 1006 1197 1047 danda
1231 1013 1315 1054 est,
1356 1008 1399 1047 in
1432 1021 1513 1061 qua
1544 1010 1698 1049 versari
1730 1010 1890 1063 possit3
1936 1010 2011 1050 sed

182 1089 216 1117 45
232 1087 308 1112 nec
341 1071 527 1112 omnium
559 1070 760 1110 divinatio
794 1076 879 1118 est,
909 1076 955 1110 ut
984 1070 1091 1109 ratio
1125 1070 1289 1117 docuit,
1325 1083 1402 1110 nec
1433 1070 1548 1110 locus
1578 1085 1656 1111 nec
1688 1072 1861 1111 materia
1891 1071 2010 1112 inve-

231 1136 370 1183 nitur,
417 1134 484 1174 cui
523 1133 826 1172 divinationem
865 1130 1090 1186 praeficere
1129 1133 1368 1185 possimus:
1415 1132 1510 1173 vide
1549 1133 1679 1186 igitur
1718 1147 1771 1174 ne
1807 1133 1925 1174 nulla
1955 1135 2010 1174 sit

231 1197 446 1239 divinatio.

342 1260 391 1299 V.
432 1260 506 1298 Est
537 1257 709 1311 quidam
743 1257 924 1297 Graecus
956 1257 1139 1310 vulgaris
1172 1257 1216 1296 in
1246 1257 1353 1296 hanc
1385 1258 1636 1298 sententiam
1669 1272 1839 1299 versus:

399 1322 530 1360 Bene
572 1320 654 1373 qui
697 1320 959 1367 coniciet,
1001 1325 1172 1359 vatem
1217 1319 1355 1360 hunc
1396 1318 1675 1374 perhibebo
1708 1327 1979 1375 optumum.

179 1402 215 1430 ⁶20
231 1388 337 1425 Num
376 1385 504 1437 igitur
540 1388 613 1423 aut
653 1395 762 1435 quae
802 1388 1030 1435 tempestas
1069 1383 1296 1437 inpendeat
1336 1382 1442 1422 vatis
1481 1382 1631 1422 melius
1669 1384 1853 1424 coniciet
1883 1397 2008 1437 quam

229 1448 518 1502 gubernator?
560 1451 631 1486 aut
662 1446 794 1485 morbi
828 1451 1018 1485 naturam
1050 1447 1213 1486 acutius
1246 1458 1372 1498 quam
1403 1445 1614 1493 medicus,
1647 1451 1719 1486 aut
1747 1447 1848 1486 belli
1878 1446 2008 1486 admi-

228 1511 519 1551 nistrationem
551 1508 798 1562 prudentius
831 1522 955 1562 quam
987 1509 1203 1562 inperator
1225 1509 1466 1548 coniectura
1487 1508 1778 1562 adsequetur?
1826 1507 1890 1550 «13.
1924 1509 2007 1549 Sed

228 1573 524 1619 animadverti,
559 1572 728 1620 Quinte,
760 1577 800 1610 te
834 1577 954 1610 caute
987 1577 1028 1611 et
1057 1572 1108 1611 ab
1141 1571 1190 1611 iis
1225 1571 1488 1618 coniecturis,
1521 1584 1628 1624 quae
1650 1570 1855 1611 haberent
1876 1577 2006 1612 artem

227 1643 352 1691 atque
385 1635 673 1689 prudentiam,
715 1640 755 1673 et
785 1634 834 1673 ab
866 1635 916 1673 iis
947 1634 1092 1681 rebus,
1135 1647 1242 1687 quae
1273 1634 1468 1673 sensibus
1499 1640 1571 1673 aut
1600 1634 1785 1674 artificiis
1817 1635 2007 1688 percipe-

177 1716 212 1744 25
228 1707 391 1746 rentur,
423 1697 632 1738 abducere
665 1697 990 1743 divinationem,
1024 1710 1200 1750 eamque
1232 1697 1289 1735 ita
1322 1694 1518 1735 definire:
1568 1697 1869 1736 divinationem
1911 1709 2002 1736 esse

228 1778 373 1806 earum
413 1774 551 1802 rerum
595 1759 923 1812 praedictionem
967 1764 1007 1798 et
1047 1759 1417 1812 praesensionem,
1464 1772 1572 1812 quae
1613 1764 1755 1799 essent
1792 1759 2005 1799 fortuitae.

227 1828 410 1868 Primum
443 1824 593 1864 eodem
624 1821 867 1862 revolveris.
927 1823 1029 1860 Nam
1070 1827 1111 1861 et
1149 1821 1300 1861 medici
1342 1827 1383 1861 et
1422 1822 1715 1875 gubernatoris
1754 1827 1795 1861 et
1825 1821 2005 1874 impera-

227 1890 329 1930 toris
368 1886 614 1941 praesensio
657 1890 720 1925 est
754 1898 894 1924 rerum
932 1884 1217 1924 fortuitarum.
1279 1886 1389 1924 Num
1427 1885 1551 1937 igitur
1588 1890 1660 1924 aut
1688 1885 1901 1938 haruspex
1932 1889 2005 1923 aut

227 1965 360 2006 augur
390 1956 462 1990 aut
493 1950 597 1989 vatis
631 1949 724 2002 quis
756 1953 826 1987 aut
857 1947 1070 1987 somnians
1100 1948 1250 1987 melius
1273 1948 1510 1994 coniecerit,
1541 1953 1612 1987 aut
1644 1960 1665 1987 e
1689 1947 1834 1986 morbo
1858 1959 2004 1986 evasu-

176 2030 212 2057 30
228 2029 321 2055 rum
351 2018 568 2065 aegrotum
613 2017 684 2052 aut
725 2024 746 2050 e
783 2010 969 2064 periculo
1007 2023 1153 2050 navem
1196 2016 1268 2050 aut
1307 2024 1359 2049 ex
1391 2009 1555 2050 insidiis
1588 2011 1841 2057 exercitum,
1877 2021 2003 2063 quam

229 2078 429 2122 medicus,
462 2088 583 2129 quam
616 2074 884 2127 gubernator,
918 2086 1041 2126 quam
1074 2073 1330 2126 imperator?
1391 2069 1456 2110 114.
1487 2073 1614 2126 Atqui
1647 2086 1700 2112 ne
1730 2073 1803 2112 illa
1830 2072 2002 2125 quidem

228 2140 453 2181 divinantis
486 2152 577 2178 esse
610 2134 794 2183 dicebas,
826 2142 972 2175 ventos
1003 2140 1075 2174 aut
1105 2135 1257 2174 imbres
1289 2135 1568 2187 inpendentes
1601 2135 1850 2189 quibusdam
1884 2145 2004 2187 prae-

227 2204 380 2244 sentire
421 2200 550 2254 signis
594 2223 647 2229 ——
687 2199 731 2238 in
773 2212 856 2252 quo
897 2203 1041 2237 nostra
1082 2200 1288 2250 quaedam
1320 2200 1473 2237 Aratea
1512 2199 1754 2238 memoriter
1783 2211 1806 2237 a
1836 2203 1876 2237 te
1908 2210 2003 2251 pro-

314 2379 344 2408 4.
371 2376 468 2407 unius
484 2383 598 2406 «nemus
613 2373 653 2404 sic
678 2370 718 2403 11¹
737 2389 770 2394 —
799 2373 829 2403 2.
849 2374 1033 2402 nascantur
1056 2371 1170 2403 Moser
1194 2370 1316 2402 maluit
1335 2389 1370 2394 —
1398 2371 1453 2412 est]
1472 2374 1501 2402 et
1526 2372 1553 2402 H
1575 2390 1608 2394 —
1636 2372 1685 2402 ita
1703 2373 1728 2402 A
1749 2389 1784 2393 —
1808 2370 1999 2411 prudentia.

227 2430 297 2468 Quo
321 2418 489 2462 m0d0‘03
527 2426 560 2456 at
586 2422 693 2454 verba
720 2431 783 2461 quo
808 2422 1094 2452 modo--resiscas
1118 2430 1231 2461 aeque
1257 2424 1363 2462 atque
1388 2423 1573 2462 superiora
1596 2430 1723 2453 unusne
1745 2422 1888 2452 mundus
1910 2421 2002 2451 sit--

225 2480 337 2512 omnia
361 2487 379 2508 a
406 2475 514 2507 verbo
539 2472 717 2505 divinandi
744 2472 902 2512 pendere
929 2471 1012 2502 mihi
1038 2471 1201 2503 videntur
1234 2488 1268 2494 ——
1305 2477 1363 2503 aut
1387 2473 1472 2503 AB:
1506 2476 1542 2503 ut
1567 2473 1611 2509 H,
1648 2476 1706 2503 aut
1729 2481 1794 2503 non
1817 2471 1858 2509 V,
1890 2473 2001 2502 autem

224 2540 289 2562 non
314 2527 456 2564 Salisb„
490 2528 599 2555 aulem
623 2523 784 2554 Davisius
810 2522 834 2551 O
865 2537 909 2544 —
943 2521 974 2551 3.
1001 2522 1094 2553 soriti
1117 2523 1252 2553 resistas
1284 2539 1318 2544 —
1355 2531 1468 2562 quem,
1494 2523 1521 2553 si
1544 2530 1669 2553 necesse
1691 2538 1741 2544 --
1769 2521 1867 2552 tritus
1890 2523 1936 2551 est
1962 2536 1997 2541 —

225 2589 302 2620 erqo
326 2580 404 2609 haec
428 2582 556 2615 quoque
587 2573 637 2604 sic
669 2569 990 2611 interpungendum
1024 2579 1102 2602 esse
1134 2571 1253 2603 docuit
1277 2572 1469 2612 Madvigius
1494 2572 1538 2603 ad
1564 2573 1632 2603 Cic.
1668 2571 1711 2603 de
1742 2571 1826 2602 finn.
1859 2578 1892 2611 p.
1914 2569 1997 2601 483:

227 2632 296 2670 Quo
320 2629 414 2660 modo
439 2629 550 2657 autem
565 2641 613 2646 --
630 2620 814 2653 dissolvas?
843 2623 903 2651 aut
927 2622 1201 2658 quemadmodum.
1224 2624 1317 2654 soriti
1341 2622 1498 2654 resislas?
1523 2631 1617 2662 quem
1641 2623 1668 2653 si
1693 2623 1758 2653 etc.
1779 2622 1804 2653 O
1825 2638 1860 2642 —-
1886 2620 2001 2651 sorites

224 2681 304 2711 istas
316 2679 343 2708 V
371 2695 403 2699 —
433 2675 463 2707 4.
491 2683 592 2713 quam
615 2674 638 2703 B
671 2690 707 2695 —-
735 2673 765 2702 ὅ.
791 2671 854 2710 ipsi
879 2670 906 2700 H
934 2686 968 2690 —
996 2673 1026 2701 et
1050 2680 1121 2703 om.
1138 2673 1165 2702 V
1184 2690 1218 2694 —
1247 2673 1278 2704 8.
1306 2677 1364 2704 aut
1387 2674 1517 2704 inutiles
1540 2681 1616 2713 sup.
1636 2671 1694 2703 lin.
1714 2672 1738 2702 B
1760 2689 1794 2694 —
1821 2671 1852 2702 9.
1872 2670 2001 2702 etruria

224 2739 293 2761 una
318 2728 430 2759 littera
457 2727 536 2756 ante
562 2733 577 2754 e
601 2731 701 2754 erasa
728 2722 754 2753 H
783 2738 816 2742 -
847 2720 897 2750 40.
918 2727 957 2749 ⁷28
974 2720 1000 2749 V
1029 2738 1063 2742 —
1093 2723 1142 2753 15.
1169 2731 1228 2753 nec
1253 2725 1332 2754 ante
1358 2724 1504 2754 omnium
1527 2731 1602 2763 sup.
1621 2721 1678 2753 lin.
1699 2722 1723 2752 B
1752 2738 1785 2742 —
1814 2720 2001 2759 46.possu-

223 2788 296 2810 mus
322 2779 346 2809 Η
377 2795 409 2798 -
437 2784 475 2806 ne
500 2774 568 2804 ulla
593 2772 641 2810 13¹,
669 2781 711 2802 an
737 2772 806 2802 ulla
830 2771 868 2807 V,
897 2768 960 2800 sed
987 2770 1019 2800 in
1046 2780 1154 2813 marg.
1183 2772 1417 2813 adscriptum:
1446 2773 1513 2804 vel:
1541 2773 1633 2803 nulla
1656 2790 1698 2794 —
1724 2771 1774 2802 48.
1802 2774 1847 2802 est
1871 2769 2001 2809 quidem

224 2830 375 2861 Klotzius
403 2844 435 2848 —
466 2826 613 2856 Graecus
637 2831 707 2853 oui.
728 2822 767 2859 Y,
796 2820 931 2853 Graecis
954 2818 1075 2852 maluit
1102 2823 1260 2853 Davisius
1289 2840 1320 2844 —
1351 2823 1403 2853 2¹9.
1423 2823 1540 2853 conicit
1564 2823 1609 2859 H,
1636 2821 1785 2852 coniiciet
1805 2820 1830 2851 O
1852 2837 1884 2841 -
1912 2818 2001 2857 opti-

223 2887 315 2910 mum
340 2878 362 2908 B
379 2876 485 2907 HVO
513 2891 548 2897 —
584 2873 636 2903 QO.
663 2872 760 2912 Num]
788 2872 867 2902 Cum
892 2871 919 2901 H
947 2886 982 2890 -
1016 2872 1105 2902 uatis
1129 2872 1193 2902 ΑΒ
1210 2872 1258 2903 H:
1286 2876 1379 2903 uates
1404 2873 1457 2904 VO
1485 2889 1520 2894 —
1548 2872 1698 2903 coniieiec
1722 2871 1746 2902 O
1773 2887 1807 2892 —
1840 2869 1892 2899 22.
1919 2875 1999 2898 con—

222 2930 385 2960 iecturam
410 2926 436 2956 1⁷1
465 2942 499 2946 -—
527 2924 731 2962 adsequatur
747 2924 773 2952 A
794 2938 827 2942 —
856 2922 908 2952 253.
929 2922 955 2952 is
971 2923 1016 2959 A,
1042 2922 1091 2952 his
1113 2922 1205 2952 BHV
1224 2939 1258 2943 —
1287 2923 1478 2954 coniectoris
1502 2920 1642 2953 131v1—
1671 2920 1723 2952 24.
1751 2919 1791 2950 ab
1816 2927 1885 2950 om.
1904 2915 1995 2948 A¹—

224 2979 251 3009 is
275 2978 326 3014 Αἱ,
352 2977 400 3007 his
423 2975 500 3006 A‘213
515 2974 542 3004 11
558 2973 583 3003 V
610 2989 644 2994 --
683 2972 830 3012 artifiliis
854 2975 898 3008 A;
925 2972 1069 3003 sensibus
1093 2971 1133 3002 ab
1157 2975 1229 3002 arte
1251 2973 1367 3002 vacuis
1389 2972 1539 3003 Schuetz
1564 2974 1598 3002 et
1622 2971 1754 3006 Moser,
1791 2970 1825 3000 at
1848 2968 1902 2999 isti
1927 2975 1997 2998 non

223 3027 387 3059 viderunt
410 3024 493 3055 alias
519 3031 597 3054 esse
623 3022 844 3053 coniecturas
869 3030 959 3061 quae
983 3023 1119 3053 ratione
1145 3021 1288 3060 fierent,
1323 3022 1406 3054 alias
1431 3031 1488 3054 res
1513 3031 1604 3062 quae
1629 3023 1703 3052 arte
1730 3019 1997 3061 perciperentur

227 3095 262 3100 —-
290 3077 342 3107 25.
370 3075 532 3105 adducere
556 3074 582 3103 Α
617 3090 652 3095 —-
687 3073 816 3113 definire
840 3073 884 3109 Β,
919 3072 1061 3113 diffinire
1085 3072 1112 3103 H
1148 3090 1180 3094 —
1219 3073 1271 3104 ⁵27.
1299 3076 1328 3103 et
1352 3075 1432 3103 ante
1456 3072 1573 3104 medici
1596 3079 1701 3112 supra
1726 3069 1784 3101 lin.
1812 3069 1835 3100 B
1869 3084 1904 3089 —
1939 3065 1992 3098 28.

224 3126 323 3167 Num]
349 3125 430 3158 Cum
454 3125 480 3155 H
509 3141 543 3145 —
571 3123 742 3162 aruspices
766 3123 792 3153 H
820 3139 854 3144 —
890 3123 943 3154 29.
970 3123 1058 3154 uatis
1079 3120 1131 3159 A¹,
1156 3127 1249 3154 uates
1273 3122 1456 3154 A2l3HVO
1484 3141 1519 3145 —
1544 3122 1658 3154 morbo
1681 3127 1857 3153 evasurum
1879 3119 1906 3149 A
1929 3115 1995 3148 sed

225 3186 243 3208 ο
266 3185 282 3208 e
306 3177 340 3207 in
365 3182 436 3205 ras.
465 3189 499 3194 —
528 3172 579 3204 30.
607 3177 641 3203 αι
660 3173 808 3212 periculo
831 3172 883 3211 Αἱ,
910 3175 946 3204 at
968 3182 1011 3205 ex
1028 3174 1132 3213 peric.
1152 3175 1193 3204 Α2
1221 3191 1252 3195 -
1279 3174 1486 3205 exercituum
1510 3173 1537 3204 H
1563 3189 1598 3195 —
1626 3172 1678 3204 34.
1697 3170 1790 3210 aequi
1805 3170 1845 3209 A,
1871 3167 1936 3200 sed
1959 3169 1994 3198 at

223 3227 259 3258 iu
281 3234 352 3258 ras.
378 3232 425 3256 m.
452 3231 525 3255 sec.
555 3238 590 3245 -
617 3222 668 3254 33.
696 3223 860 3263 quaedam
882 3231 943 3255 cur
965 3226 1018 3256 ale
1041 3223 1252 3255 amemoriter
1275 3222 1315 3255 H.
