2249 3624
523 168 610 207 Lm.
642 166 690 205 V.
732 164 827 205 Cn.
860 163 1125 202 xlx—xx,
1165 159 1224 214 §§
1258 157 1451 199 ’ὅθ-56.
1792 154 1872 196 493

112 283 237 330 velle,
278 281 349 336 qni
390 294 413 320 a
451 294 522 334 spe
564 279 732 331 gerendi
770 278 916 317 absunt
951 275 1127 315 confecti
1161 279 1387 313 senectute.
1450 270 1653 320 Quocirca
1685 268 1872 320 intellegi

112 358 282 388 necesse
314 350 373 383 est
406 345 447 383 in
478 344 579 395 ipsis
610 343 753 384 rebus,
787 353 894 394 quae
926 340 1142 378 discuntur
1173 343 1213 376 ct
1244 341 1570 387 cognoscuntur,
1604 333 1875 372 invitamenta

112 410 267 453 inesse,
301 406 454 459 quibus
486 405 535 444 ad
568 404 808 444 discendum
841 401 1263 453 cognoscendumque
1304 411 1555 438 moveamur.
1618 394 1683 434 523.
1716 396 1773 433 Ac
1808 408 1875 432 ve-

114 477 221 509 teres
261 468 430 521 quidem
473 466 706 520 philosophi
751 466 790 503 in
831 466 1046 503 beatorum
1090 463 1236 502 insulis
1280 463 1437 513 tingunt
1481 459 1618 514 qualis
1649 457 1787 496 futura
1825 456 1876 495 sit

113 533 194 570 vita
236 530 506 582 sapientium,
551 543 655 580 quos
697 542 794 565 cura
827 528 937 565 omni
981 526 1198 570 liberatos,
1243 525 1402 563 nullum
1445 521 1725 562 necessarium
1766 519 1906 557 vitaef,

111 592 264 630 cultum
297 597 367 629 aut
398 597 584 642 paratum
617 589 900 640 requirentes,
934 589 1036 627 nihil
1070 588 1181 627 aliud
1216 594 1379 626 acturos
1415 592 1557 639 putant
1581 584 1659 623 nisi
1684 589 1729 622 ut
1751 594 1875 621 omne

111 659 271 705 tempus
313 651 564 704 inquirendo
606 664 652 689 ac
691 650 889 688 discendo
930 652 968 688 in
1004 656 1174 688 naturae
1207 650 1441 698 cognitione
1475 651 1734 687 consumant.
1795 645 1875 682 Nos

111 720 246 754 autem
287 726 369 751 non
412 712 545 751 solum
586 712 728 750 heatae
770 712 875 749 vitae.
918 712 1037 749 istam
1072 724 1162 749 esse
1195 711 1518 749 oblectationem
1552 708 1762 754 videmus,
1802 704 1875 745 sed

111 776 231 815 etiam
274 775 551 813 levamentum
594 773 866 811 miseriarum.
931 774 1073 825 ltaque
1112 773 1250 818 multi,
1291 787 1383 811 cum
1429 773 1469 811 in
1503 776 1704 824 potestate
1737 773 1877 808 essent

109 837 292 876 bostium
331 842 401 874 aut
443 841 735 887 tyrannorum,
779 834 895 873 multi
938 835 978 873 in
1019 835 1230 879 custodia,
1274 835 1390 873 multi
1432 835 1471 872 in
1509 834 1655 872 exsilio
1688 832 1874 870 dolorem
1892 841 1926 868 10

111 913 229 939 suum
263 898 476 937 doctrinae
509 897 657 936 studiis
690 897 891 935 levarunt.
953 894 1017 934 534³.
1055 898 1249 948 Princeps
1283 896 1408 934 huius
1442 896 1619 935 civitatis
1652 894 1876 932 Phalereus

109 960 365 1006 Demetrius,
407 974 498 999 cum
540 960 674 1012 patria
716 959 861 1011 pulsus
905 964 1015 998 esset
1052 959 1222 1005 iniuria,
1264 959 1313 997 ad
1348 958 1629 997 Ptolemaeum
1662 970 1706 996 se
1737 969 1876 1007 regem

109 1022 411 1062 Alexandream
452 1022 643 1061 contulit.
695 1022 776 1068 Qui
820 1034 913 1060 cum
955 1020 994 1058 in
1034 1020 1109 1059 hac
1142 1021 1232 1072 ipsa
1266 1020 1552 1073 philosophia,
1595 1019 1646 1058 ad
1679 1031 1805 1071 quam
1838 1022 1877 1056 te

108 1086 342 1129 hortamur,
386 1084 611 1123 excelleret
651 1083 1016 1136 Theophrastique
1055 1089 1165 1122 esset
1203 1083 1388 1128 auditor,
1432 1082 1560 1121 multa
1595 1082 1805 1134 praeclara
1836 1081 1877 1119 in

110 1147 182 1186 illo
223 1146 466 1186 calamitoso
511 1146 595 1185 otio
627 1146 793 1198 scripsit
824 1159 908 1184 non
940 1146 991 1184 ad
1024 1159 1145 1185 usum
1177 1145 1362 1197 aliquem
1394 1158 1536 1191 suum,
1580 1158 1664 1196 quo
1697 1149 1783 1183 erat
1814 1153 1929 1182 or·45

108 1210 252 1254 batuS,
293 1207 365 1248 sed
406 1208 533 1248 animi
574 1208 709 1247 cultus
750 1207 817 1247 ille
857 1214 944 1247 erat
983 1208 1019 1247 ei
1062 1208 1179 1260 quasi
1224 1207 1395 1260 quidam
1438 1206 1707 1246 humanitatis
1749 1206 1878 1245 cibus.

109 1271 315 1324 Equidem
347 1285 368 1310 e
402 1271 473 1311 Cn.
507 1269 669 1310 Aulidio
721 1271 949 1323 praetorio,
989 1271 1152 1309 erudito
1184 1270 1377 1315 homine,
1417 1268 1547 1308 oculis
1579 1273 1720 1321 capto,
1755 1280 1879 1320 saepe

110 1333 353 1377 audiebam,
393 1346 485 1372 cum
525 1347 568 1372 se
601 1333 703 1372 lucis
736 1333 866 1385 magis
898 1346 1022 1385 quam
1055 1332 1246 1372 utilitatis
1280 1330 1489 1371 desiderio
1521 1331 1679 1370 moveri
1712 1329 1880 1370 diceret.

111 1397 311 1436 Somnum
343 1396 526 1448 denique
559 1396 698 1442 nobis,
739 1396 818 1434 nisi
850 1396 1082 1448 requietem
1114 1394 1362 1448 corporibus
1395 1399 1435 1433 et
1465 1392 1716 1433 medicinam
1749 1406 1882 1446 quan-

111 1459 202 1498 dam
241 1458 396 1497 laboris
435 1459 622 1505 afferret,
669 1463 812 1496 contra
853 1464 1041 1498 naturam
1088 1462 1329 1511 putaremus
1371 1456 1535 1502 datum;
1588 1454 1724 1495 aufert
1771 1455 1932 1494 enimao

111 1534 258 1560 sensus
298 1520 590 1572 actionemque
633 1520 741 1559 tollit
772 1534 954 1559 ornnem.
1015 1521 1159 1574 Itaque
1192 1520 1225 1559 si
1257 1524 1327 1558 aut
1357 1518 1589 1572 requietem
1620 1523 1767 1558 natura
1798 1530 1882 1557 non

112 1589 330 1637 quaereret
366 1587 437 1621 aut
475 1596 564 1622 eam
606 1589 748 1636 posset
788 1583 869 1622 alia
901 1583 1080 1635 quadam
1113 1582 1273 1622 ratione
1305 1581 1531 1634 consequi,
1569 1580 1691 1620 facile
1723 1584 1884 1633 patere-

112 1660 223 1692 mur,
265 1646 337 1698 qui
380 1645 503 1684 etiam
546 1659 656 1685 nunc
696 1645 846 1696 agendi
889 1645 1051 1698 aliquid
1093 1644 1369 1697 discendique
1410 1656 1533 1683 causa
1574 1656 1703 1696 prope
1742 1648 1884 1682 contra

111 1713 300 1748 naturam
332 1707 494 1759 vigilias
527 1708 739 1760 suscipere
772 1707 994 1746 soleamus.

226 1770 318 1809 XX.
352 1768 416 1808 ὃ).
450 1770 556 1809 Sunt
586 1776 723 1810 autem
755 1770 879 1809 etiam
912 1769 1085 1809 clariora
1117 1769 1181 1808 vel
1218 1769 1340 1822 plane
1373 1769 1594 1822 perspicua
1625 1768 1884 1822 minimeque
1897 1779 1934 1807 25

115 1832 343 1872 dubitanda
373 1832 530 1872 indicia
561 1838 757 1879 naturae,
789 1832 970 1871 maxime
1003 1832 1159 1871 scilicet
1190 1831 1231 1871 in
1263 1832 1452 1879 homine,
1485 1831 1556 1871 sed
1589 1832 1631 1871 in
1654 1833 1767 1872 omni
1797 1832 1888 1871 ani-

114 1895 229 1941 mali,
277 1901 321 1934 ut
360 1900 530 1948 appetat
571 1896 734 1934 animus
776 1908 898 1947 agere
942 1907 1107 1947 semper
1144 1894 1306 1948 aliquid
1344 1908 1483 1948 neque
1528 1894 1614 1934 ulla
1646 1894 1886 1935 conditione

113 1957 297 2010 quietem
329 1957 626 2009 sempiternam
660 1957 794 2010 possit
825 1956 926 2009 pati.
978 1957 1117 1996 Facile
1150 1962 1212 1996 est
1241 1957 1322 1996 hoc
1344 1971 1514 1997 cernere
1546 1958 1588 1996 in
1618 1957 1762 2010 primis
1785 1971 1888 2010 pue-

115 2032 251 2058 rorum
283 2019 490 2059 aetatulis.
544 2019 808 2072 Quamquam
842 2019 952 2059 enim
975 2032 1123 2059 vereor
1144 2032 1195 2058 ne
1216 2020 1371 2059 nimius
1393 2020 1435 2060 in
1457 2021 1537 2060 hoc
1560 2032 1712 2072 genere
1733 2020 1888 2067 videar,

115 2086 250 2120 tamen
282 2095 427 2121 omnes
450 2087 614 2121 veteres
638 2082 902 2135 philosophi,
936 2082 1118 2121 maxime
1142 2083 1294 2130 nostri,
1325 2083 1377 2123 ad
1397 2083 1649 2123 incunabula
1670 2082 1888 2131 accedunt,
1900 2090 1957 2120 301

116 2143 186 2197 qui
219 2144 261 2182 in
293 2144 474 2197 pueritia
504 2144 701 2184 facillime
733 2158 776 2184 se
809 2145 1064 2184 arbitrentur
1094 2150 1268 2185 naturae
1299 2145 1557 2185 voluntatem
1587 2158 1713 2198 posse
1735 2158 1891 2198 cogno-

116 2219 244 2245 scere.
292 2205 492 2246 Videmus
524 2206 654 2259 igitur
685 2213 729 2246 ut
759 2206 1060 2260 conquiescere
1082 2220 1134 2246 ne
1163 2207 1344 2247 infantes
1367 2208 1537 2261 quidem
1559 2207 1736 2260 possint.
1788 2208 1889 2248 Cum

70 2318 77 2321 ᾖ
117 2281 212 2308 vero
254 2268 427 2321 paulum
464 2274 782 2321 processerunt,
823 2269 1060 2308 lusionibus
1094 2269 1157 2308 vel
1189 2270 1409 2310 laboriosis
1442 2269 1724 2318 delectantur,
1762 2275 1808 2309 ut
1838 2283 1891 2309 ne

116 2330 361 2370 verberibus
407 2331 578 2384 quidem
630 2331 830 2371 deterreri
877 2332 1062 2385 possint,
1106 2345 1238 2385 eaque
1286 2332 1492 2386 cupiditas
1533 2332 1683 2385 agendi
1730 2331 1891 2385 aliquid

117 2392 323 2433 adulescit
363 2406 447 2432 una
488 2407 579 2433 cum
622 2394 844 2433 aetatibus.
906 2395 1075 2447 ltaque,
1118 2408 1169 2434 ne
1201 2395 1235 2434 si
1266 2394 1580 2434 iucundissimis
1613 2393 1783 2447 quidem
1815 2402 1941 2433 nos35

118 2455 291 2494 somniis
323 2468 474 2495 usuros
505 2460 721 2509 putemus,
753 2456 1030 2509 Endymionis
1061 2469 1255 2496 somnum
1282 2456 1402 2496 nobis
1424 2456 1600 2495 velimus
1623 2455 1734 2503 dari,
1765 2455 1892 2508 idque

119 2517 152 2557 si
184 2517 364 2565 accidat,
396 2517 540 2558 mortis
571 2518 704 2557 instar
733 2524 944 2571 putemus.
1005 2517 1071 2558 56.
1105 2518 1218 2566 Quin
1251 2519 1376 2559 etiam
1396 2518 1677 2558 inertissimos
1697 2517 1891 2557 homines

206 2679 235 2710 2.
262 2679 367 2710 invita
389 2682 493 2710 mente
516 2679 579 2709 BE
607 2696 642 2700 -
675 2679 705 2709 3.
731 2678 786 2719 Ac]
811 2682 848 2710 ut
871 2680 894 2710 B
921 2680 1005 2717 <non
1032 2680 1068 2718 E)
1097 2696 1132 2701 —
1165 2679 1196 2712 4.
1222 2681 1339 2720 sutura
1364 2679 1537 2712 Clericus:
1570 2682 1697 2710 natura
1722 2678 1825 2710 codd.
1855 2696 1890 2701 —

119 2729 150 2760 5.
176 2729 343 2768 sapiencia
369 2729 391 2759 B
419 2730 501 2767 (non
527 2728 562 2766 E)
592 2745 625 2750 -
660 2728 690 2759 6.
718 2732 776 2759 aut
807 2732 1012 2769 apparatum
1035 2728 1238 2761 Lambinus.
1269 2748 1304 2752 —
1337 2730 1368 2761 8.
1396 2738 1461 2760 esse
1485 2728 1728 2761 oblectationem
1753 2738 1818 2760 esse
1839 2729 1894 2759 ui-

119 2778 229 2809 demus
252 2778 276 2809 B
305 2795 338 2800 —
367 2778 397 2809 9.
424 2778 651 2808 lauanzentunz
677 2778 739 2809 BE
770 2796 801 2800 —
828 2778 952 2819 Itaque]
978 2779 1029 2809 lta
1052 2778 1077 2809 E
1106 2794 1139 2800 —
1167 2780 1199 2810 in
1226 2788 1297 2811 om.
1323 2779 1388 2810 BE
1415 2796 1449 2800 —
1479 2780 1530 2810 Μ.
1557 2779 1711 2810 leuarunt
1735 2778 1777 2809 B:
1804 2778 1895 2809 leva-

119 2831 235 2859 verunt
259 2828 284 2859 O
305 2845 339 2850 —
362 2827 534 2867 phalerius
558 2827 582 2857 B
597 2827 622 2858 E
637 2828 660 2857 G
683 2846 716 2850 —-
746 2829 797 2859 212.
822 2829 1040 2867 ptholomeum
1064 2829 1088 2859 B
1104 2829 1128 2859 E
1150 2847 1182 2851 —-
1212 2829 1263 2860 43.
1284 2829 1525 2860 alexandream
1546 2829 1570 2859 B
1586 2829 1628 2859 E:
1655 2829 1897 2860 Aleaeandriam

121 2876 146 2907 Ο
171 2893 206 2898 -
234 2877 307 2916 ipsa
330 2885 401 2908 om.
419 2878 444 2908 B
471 2894 505 2898 —
536 2878 587 2908 45.
615 2877 727 2908 scribit
751 2878 855 2909 codd.
878 2897 911 2901 —
941 2879 991 2909 22.
1015 2882 1216 2917 putaremur
1239 2880 1316 2918 quin
1342 2879 1440 2910 eliam
1464 2880 1488 2910 B
1510 2897 1544 2901 —
1571 2879 1623 2910 25.
1649 2879 1799 2910 clariora
1824 2887 1894 2909 om.

121 2925 145 2956 B
174 2943 208 2949 -
234 2926 430 2964 minimeque
454 2927 478 2957 B
495 2926 539 2957 C:
567 2934 625 2957 nec
649 2926 673 2957 O
701 2944 735 2949 —
763 2927 815 2958 26.
844 2927 967 2958 iudicia
991 2927 1015 2957 B
1031 2927 1055 2958 E
1084 2945 1117 2949 —
1153 2928 1206 2958 27.
1233 2937 1332 2968 apere
1354 2936 1481 2966 semper
1504 2928 1639 2967 aliquod
1663 2929 1686 2959 B
1702 2929 1744 2964 E;
1771 2928 1898 2966 aliquid

122 2984 219 3015 ayere
241 2984 368 3015 semper
391 2976 415 3006 Ο
444 2993 478 2997 -
505 2975 557 3006 ⁶29.
584 2975 723 3006 etatibus
746 2977 788 3013 B;
815 2978 910 3008 elatis
934 2977 959 3008 E
987 2992 1021 2998 —
1049 2985 1222 3017 quaquam
1246 2978 1269 3008 B
1285 2978 1308 3008 E
1332 2995 1376 3000 —-
1399 2978 1484 3008 enim
1509 2986 1577 3009 om.
1604 2978 1628 3008 B
1657 2995 1692 2999 —
1718 2977 1767 3018 ne]
1793 2986 1850 3008 nec
1874 2977 1896 3007 B

125 3025 204 3063 (non
229 3025 263 3063 E>
300 3041 334 3046 —
369 3024 422 3055 3¹.
450 3025 506 3063 qui
523 3042 570 3047 -—
588 3025 803 3067 arbitrentur]
845 3026 952 3058 «Mihi
983 3034 1126 3066 prorsus
1157 3029 1216 3058 aut
1248 3036 1322 3058 cum
1338 3044 1388 3050 -·—
1405 3027 1610 3058 arbitrentur
1633 3028 1693 3058 aut
1718 3028 1765 3064 (ut
1789 3028 1841 3058 est
1866 3027 1898 3057 in

124 3072 254 3113 aliquot
278 3073 468 3113 codicibus)
506 3075 887 3113 quod--arbitrantur
920 3076 1110 3107 dicendum
1141 3076 1246 3107 fuisse
1279 3076 1450 3107 xidetur.»
1481 3077 1590 3108 MAnv.
1626 3093 1660 3098 —
1699 3076 1900 3106 voluntatem

124 3121 330 3153 Lambinus:
357 3123 561 3162 uoluptatem
585 3124 687 3155 codd.
718 3142 752 3146 —
780 3125 833 3156 3¹2.
861 3126 941 3157 Cum
964 3126 996 3156 hi
1019 3134 1096 3156 vero
1112 3142 1130 3147 —
1145 3142 1162 3146 —
1180 3125 1383 3156 delectantur
1407 3126 1537 3156 Nonius
1562 3124 1746 3157 Marcellus
1771 3134 1803 3165 p.
1824 3125 1898 3155 2¹¹.

128 3188 163 3192 —-
189 3171 242 3203 33.
266 3176 495 3210 processerunt
510 3173 658 3203 Nonius:
682 3175 899 3212 processerint
925 3174 1027 3206 codd.
1048 3174 1117 3205 Cic.
1141 3176 1174 3205 et
1191 3175 1216 3205 O
1232 3191 1266 3196 —
1294 3174 1354 3215 vel]
1380 3177 1409 3205 et
1432 3175 1456 3206 B
1477 3192 1511 3197 -—
1540 3174 1735 3206 laboriosius
1757 3174 1900 3205 Nonius.

127 3237 162 3242 —
183 3221 234 3252 35.
254 3230 292 3252 ne
315 3222 354 3261 si]
379 3223 441 3253 nisi
458 3221 561 3253 codd.
583 3240 618 3245 —
642 3223 781 3264 quidem]
805 3232 905 3261 quam
930 3225 953 3256 B
974 3242 1008 3247 —
1035 3224 1088 3256 36.
1107 3224 1229 3256 somnis
1245 3225 1272 3255 D
1293 3241 1328 3247 —
1347 3225 1512 3256 somnium
1534 3224 1626 3256 nobis
1649 3224 1790 3256 nolimus
1812 3223 1898 3253 dari.

127 3269 161 3300 id
183 3271 211 3301 si
232 3271 260 3302 D
287 3288 322 3293 —
349 3271 401 3303 37.
428 3272 509 3310 quia
532 3272 633 3305 etiam
654 3273 838 3304 notissimos
859 3273 901 3305 D.

194 3329 314 3360 cinno
337 3330 371 3361 Τ.
388 3330 442 3361 IV.
1557 3331 1609 3374 [13
