2249 3624
598 163 685 202 Lm.
717 164 747 202 Ι.
790 164 886 203 ΟΜ).
918 164 1203 203 ΧΧ-ΧΧΙΙ,
1243 163 1302 216 §§
1327 162 1523 204 38-44,
1862 159 1942 200 495

344 270 653 315 Aerumnae,
687 275 805 321 post
837 283 896 308 ex
928 269 1091 309 fluvio
1124 270 1337 310 fortuna
1370 270 1605 309 resistet.

345 331 480 370 llaec
512 330 717 370 ecfatus
752 338 914 384 pater,
947 346 1209 384 germana,
1242 339 1462 386 repente
1496 331 1718 370 recessit

344 395 443 432 Nec
476 407 592 433 sese
626 394 773 432 dedit
806 395 853 432 iu
888 402 1233 448 conspectum
1267 396 1425 434 corde
1458 395 1698 447 cupitus:

345 456 657 508 Quamquam
690 456 850 495 multa
885 472 1065 496 manus
1097 459 1153 497 ail
1190 459 1328 497 caeli
1364 458 1578 496 caerula
1612 455 1806 509 templa

343 518 639 557 Tendebam
674 518 968 557 lacrumans
1002 526 1047 558 et
1081 521 1272 559 blanda
1308 534 1431 558 voce
1466 520 1721 559 vocabam.
1963 531 1981 557 5

346 581 440 620 vix
472 594 626 633 aegro
662 587 764 620 tum
799 582 952 620 corde
987 596 1091 621 meo
1126 597 1195 621 me
1227 596 1439 622 somnus
1473 582 1705 635 reliquit.

290 644 403 682 XXI.
436 640 501 682 4³⁴2.
544 644 677 689 llaec,
721 643 842 682 etiam
885 644 916 682 si
960 642 1049 683 licta
1088 651 1183 684 sunt
1224 659 1245 684 a
1278 651 1419 697 poeta,
1463 658 1545 683 uon
1577 645 1728 683 absunt
1761 649 1897 682 tamen
1929 656 1952 682 a

178 706 484 746 consuetudine
517 707 787 745 somniorum.
841 706 900 745 Sit
931 720 1031 746 saue
1063 708 1185 746 etiam
1216 707 1318 746 illud
1342 707 1702 753 commenticium,
1735 719 1819 758 quo
1843 706 1953 744 Pria-

179 784 270 810 mus
303 776 364 810 est
395 769 687 816 conturbatus,
722 770 820 822 quia

433 838 597 872 mater
627 832 839 884 gravida
873 845 1058 885 parere
1092 845 1145 870 se
1177 832 1452 871 ardentem
1485 831 1651 871 facem
1971 847 2005 874 10

350 897 475 936 Visa
507 895 662 934 estin
694 895 893 934 somnis
925 894 1164 934 Hecuba:
1196 907 1296 947 quo
1329 893 1469 933 sacto
1503 899 1653 946 pater

348 961 452 998 Rex
484 959 599 1010 ipse
633 958 872 997 Priamus
905 957 1108 997 somnio
1141 958 1334 996 mentis
1368 963 1505 996 metu

347 1020 649 1066 Perculsus,
681 1020 827 1059 curis
860 1025 1092 1072 sumptus
1126 1019 1542 1073 suspirantibus

346 1082 789 1123 Exsacrisicabat
819 1082 1021 1122 hostiis
1054 1082 1384 1122 balantibus.

346 1148 465 1186 Tum
498 1146 864 1185 coniecturam
898 1145 1136 1198 postulat
1166 1158 1345 1199 pacem
1376 1149 1592 1198 petens,
1974 1162 2008 1190 ⁴5

346 1209 401 1249 Ut
432 1221 484 1249 se
517 1209 767 1248 edoceret
798 1208 1088 1248 obsecrans
1120 1207 1446 1260 Apollinem,

349 1271 462 1319 Quo
495 1284 610 1311 sese
642 1276 858 1311 vertant
890 1276 1064 1310 tantae
1097 1276 1272 1311 sortes
1304 1270 1574 1310 somnium.

349 1335 425 1373 Ibi
458 1347 518 1373 ex
549 1333 732 1373 oraclo
765 1347 890 1374 voce
923 1333 1110 1373 divina
1142 1334 1313 1373 edidit

348 1396 566 1449 Apollo:
599 1410 842 1450 puerum,
874 1397 1071 1450 primus
1103 1398 1312 1437 Priamo
1345 1397 1431 1451 qui
1461 1396 1603 1437 foret

349 1461 467 1499 Post
497 1459 596 1498 illa
629 1464 804 1506 natus,
838 1465 1167 1512 temperaret
1199 1460 1410 1500 tollere:

349 1523 466 1562 Eum
499 1535 612 1561 esse
645 1522 862 1561 exitium
896 1523 1107 1570 Troiae,
1140 1528 1332 1576 pestem
1364 1525 1620 1576 Pergamo.

182 1583 248 1624 43.
281 1585 370 1625 Sint
400 1586 523 1632 haec,
556 1591 602 1624 ut
633 1585 742 1632 dixi,
775 1585 939 1624 somnia
969 1584 1230 1632 fabularum,
1262 1585 1415 1640 hisque
1447 1585 1701 1639 adiungatur
1732 1587 1857 1626 etiam
1879 1587 1959 1625 Ae-

181 1661 285 1688 neae
317 1648 548 1695 somnium,
582 1647 695 1701 quod
728 1647 771 1686 in
804 1648 935 1687 nostri
970 1648 1069 1687 Fabi
1099 1648 1274 1687 Pictoris
1297 1648 1463 1688 Graecis
1486 1646 1708 1689 annalibus
1733 1649 1822 1689 eius
1846 1649 1958 1690 modi

183 1716 264 1758 est,
306 1715 351 1749 ut
394 1712 553 1757 omnia,
596 1724 702 1762 quae
743 1711 793 1750 ab
830 1713 971 1750 Aenea
1010 1716 1127 1763 gesta
1159 1716 1257 1750 sunt
1288 1724 1481 1765 quaeque
1513 1712 1573 1751 illi
1604 1712 1869 1760 acciderunt,
1911 1726 1959 1752 ea

182 1771 355 1819 fuerint,
388 1785 495 1826 quae
529 1773 566 1812 ei
598 1772 827 1812 secundum
860 1773 1044 1825 quietem
1078 1773 1165 1812 visa
1196 1778 1306 1813 sunt.
1972 1787 2018 1817 25.

297 1835 428 1874 XXII.
463 1834 545 1874 Sed
577 1835 777 1888 propiora
807 1835 1036 1875 videamus.
1082 1835 1310 1876 Cuiusnam
1333 1836 1445 1876 modi
1469 1843 1531 1878 est
1553 1838 1733 1891 Superbi
1755 1837 1958 1891 Tarquini

185 1898 415 1945 somnium,
450 1897 499 1937 de
531 1911 614 1951 quo
646 1899 689 1938 in
720 1900 849 1938 Bruto
881 1899 964 1938 Atti
996 1898 1179 1951 loquitur
1208 1899 1328 1952 ipse?

255 1958 321 2000 44.
356 1960 517 2008 Quom
550 1961 649 2000 iam
681 1961 857 2014 quieti
890 1974 1090 2014 corpus
1123 1967 1378 2002 nocturno
1411 1964 1596 2016 inpetu

354 2023 480 2062 Dedi
513 2037 706 2076 sopore
739 2024 964 2076 placans
997 2030 1140 2064 artus
1172 2025 1488 2078 languidos,

354 2086 512 2126 Visus
545 2087 610 2126 'st
642 2086 694 2125 in
727 2087 922 2126 somnis
955 2092 1141 2139 pastor
1171 2087 1229 2126 ad
1263 2101 1334 2128 me
1366 2089 1641 2142 appellere
1976 2104 2012 2133 30

354 2150 517 2188 Pecus
550 2148 852 2202 lanigerum
885 2150 1081 2189 eximia
1112 2150 1548 2202 pulchritudine:

354 2212 494 2251 Duos
527 2213 970 2264 consanguineos
1001 2213 1196 2252 arietes
1228 2213 1348 2253 inde
1382 2214 1510 2267 eligi

356 2274 882 2328 Praeclarioremque
914 2276 1137 2315 alterum
1168 2276 1452 2317 immolare
1483 2291 1581 2317 me:

356 2337 559 2376 Deinde
591 2338 706 2377 eius
740 2352 1039 2390 germanum
1073 2339 1332 2378 cornibus
1365 2340 1590 2380 conitier

357 2400 413 2438 In
444 2413 517 2439 me
549 2401 807 2449 arietare‚
839 2414 1000 2455 eoque
1031 2402 1135 2441 ictu
1168 2415 1238 2441 me
1269 2402 1330 2441 ad
1363 2415 1534 2442 casum
1566 2402 1706 2443 dari:
1977 2418 2014 2446 35

1962 1482 1997 1511 ᾳ)

279 2664 335 2687 vv.
364 2656 376 2686 4
408 2657 442 2687 et
466 2656 486 2687 2
512 2657 651 2688 inverso
670 2656 792 2687 ordine
818 2657 850 2687 in
869 2656 972 2688 codd.
991 2656 1165 2698 leguntur.
1187 2675 1222 2680 —
1250 2659 1281 2689 ⁶2.
1307 2658 1414 2698 esatus
1430 2658 1453 2689 A
1471 2656 1522 2695 V¹‚
1547 2658 1638 2698 fatus
1655 2658 1702 2697 H,
1728 2659 1848 2698 effatus
1862 2658 1965 2697 v2O;

188 2708 285 2745 paler
309 2707 427 2746 effatus
451 2706 492 2744 B,
520 2706 583 2738 sed
608 2707 642 2737 in
668 2715 737 2737 ras.
760 2724 794 2728 -
822 2710 851 2737 et
874 2716 1038 2747 germana
1063 2709 1089 2739 H
1117 2726 1151 2730 —
1179 2707 1210 2739 4.
1239 2709 1441 2747 Quanquam
1465 2708 1492 2739 11
1522 2725 1554 2728 —
1582 2708 1612 2739 5.
1640 2708 1821 2740 lacrimans
1845 2710 1908 2741 ΗΟ
1928 2728 1963 2733 -

191 2756 222 2787 6.
248 2764 326 2796 cyro
349 2765 423 2787 cum
447 2757 470 2787 B
487 2757 512 2787 H
542 2775 575 2778 —
603 2756 633 2787 9.
663 2758 749 2795 Quia
774 2759 880 2788 mater
903 2758 947 2794 03
976 2759 1055 2797 quia
1079 2759 1175 2788 extra
1201 2766 1344 2788 versum
1369 2757 1485 2798 posuit
1509 2756 1675 2788 Ribbeck.
1698 2775 1732 2780 —
1762 2760 1813 2790 40.
1840 2768 1872 2790 se
1894 2768 1963 2791 om.

193 2806 219 2837 H
249 2823 283 2828 —
320 2807 371 2837 Μ.
397 2806 543 2838 haecuba
566 2809 591 2838 A
631 2822 664 2829 —
699 2816 762 2846 quo
784 2807 855 2845 salo
880 2806 1048 2839 Ribbeck.
1078 2825 1113 2829 —
1154 2808 1204 2838 42.
1231 2810 1371 2838 mentem
1397 2805 1604 2845 Lambinus,
1636 2808 1752 2844 mortis
1778 2808 1899 2841 Bothe.
1930 2828 1965 2833 —

193 2854 245 2887 44.
273 2859 301 2886 et
325 2856 538 2897 sacrificabat
563 2857 609 2894 11,
637 2856 715 2888 sort.
741 2856 999 2897 ecsacrififflbal.
1030 2876 1063 2880 —
1092 2858 1144 2889 45.
1171 2857 1398 2888 coniecturam
1422 2858 1447 2887 A
1463 2856 1548 2886 BH:
1574 2858 1800 2888 coniecturum
1823 2858 1863 2895 V,
1889 2867 1969 2890 con—

191 2905 344 2936 iectorem
368 2906 392 2937 Ο
419 2923 452 2927 -
483 2908 534 2937 46.
561 2906 712 2937 obsecras
736 2905 775 2938 Α1
803 2925 837 2929 -
865 2908 1063 2946 appollinem
1086 2909 1113 2938 A
1141 2925 1174 2928 —
1204 2907 1255 2938 48.
1285 2906 1342 2937 L'bi
1366 2907 1408 2942 B,
1434 2905 1493 2935 sibi
1518 2904 1570 2943 11¹,
1596 2906 1627 2936 ib
1650 2905 1691 2937 Α1
1718 2924 1751 2929 —
1777 2916 1891 2939 uocem
1915 2909 1969 2940 di-

192 2956 309 2986 uinam
339 2965 380 2987 ex
412 2956 490 2987 cod.
519 2955 645 2987 Eliensi
678 2956 850 2987 Davisius.
881 2973 915 2977 —
949 2958 1082 2988 diuinae
1106 2958 1192 2988 dedit
1215 2960 1241 2988 A
1269 2974 1303 2978 —
1342 2957 1391 2987 20.
1418 2958 1591 2994 temptaret
1616 2956 1643 2987 H
1673 2974 1706 2978 -
1733 2960 1883 2996 tempora
1906 2967 1969 2989 ea:-

193 3006 303 3037 lollere
328 3006 368 3036 V2
398 3025 428 3029 —
456 3008 507 3038 ⁵21.
534 3008 662 3037 emtum
687 3007 713 3037 H
740 3023 773 3027 —
802 3006 854 3037 22.
881 3007 1111 3047 adiun9untw·
1137 3006 1177 3038 11¹
1205 3024 1238 3028 —
1266 3014 1407 3038 eaeneae
1430 3008 1456 3036 A
1484 3022 1519 3027 —
1554 3005 1606 3036 ⁶23.
1632 3008 1737 3038 nostri
1760 3008 1841 3038 Fabi
1865 3008 1969 3039 Hertz

195 3056 437 3096 (uphiloloyisch
466 3056 641 3087 klinischer
664 3055 851 3095 Streifzuyn
878 3065 912 3096 p,
935 3056 1006 3093 332:
1037 3066 1211 3087 numerum
1238 3056 1306 3095 fabi
1332 3057 1374 3094 C,
1408 3056 1560 3086 Numerii
1582 3055 1677 3086 Fabii
1701 3057 1860 3096 Sigonius
1884 3058 1919 3088 et
1943 3057 1967 3088 O

199 3122 232 3128 —
259 3106 313 3136 026.
336 3107 519 3145 propriora
542 3107 606 3138 AB
623 3107 664 3145 V,
688 3107 829 3146 propria
854 3107 881 3137 H
908 3123 943 3128 —
971 3108 1070 3138 Cuius
1093 3108 1180 3138 modi
1204 3116 1282 3137 nam
1308 3106 1346 3136 H¹
1373 3122 1407 3126 —
1437 3105 1488 3136 27.
1516 3107 1628 3137 accius
1651 3107 1675 3138 A
1692 3106 1769 3144 BV,
1796 3107 1902 3137 actius
1926 3106 1965 3144 11,

194 3155 272 3185 Attii
296 3155 320 3186 O
347 3164 426 3186 cum
453 3157 665 3188 Camerario.
698 3174 731 3178 —
767 3156 820 3187 ⁶28.
850 3157 1012 3195 Quoniam
1037 3157 1082 3194 C,
1118 3158 1225 3195 Quum
1248 3155 1317 3186 iam
1341 3155 1366 3185 Ο
1391 3172 1433 3176 -
1465 3154 1516 3186 30.
1546 3155 1637 3186 Visus
1660 3155 1711 3196 ’st]
1742 3156 1833 3187 uisus
1855 3161 1901 3188 est
1925 3156 1965 3194 H,

194 3205 303 3235 uisum
326 3208 373 3236 est
396 3208 421 3236 A
437 3206 460 3237 B
476 3206 559 3244 VO,
599 3207 716 3236 t'isu'sl
740 3205 942 3238 Lambinus.
970 3223 1005 3227 —
1030 3209 1147 3245 pastor
1172 3207 1219 3235 C:
1249 3209 1418 3244 pastorem
1441 3205 1465 3236 Ο
1493 3220 1527 3227 -
1562 3205 1705 3245 apellet-e
1728 3208 1772 3244 A,
1799 3206 1969 3245 appellare

197 3252 224 3284 H
251 3269 284 3274 —
314 3263 368 3285 vv.
396 3255 430 3286 31
462 3257 496 3287 et
520 3255 560 3287 32
585 3257 724 3287 inverso
749 3255 870 3286 ordine
898 3256 940 3293 C,
978 3257 1012 3287 in
1043 3264 1147 3287 suum
1172 3255 1322 3287 restituit
1346 3255 1514 3287 Muretus.
1542 3272 1577 3277 —
1611 3255 1664 3287 3⁴.
1691 3255 1855 3286 lanierum
1878 3256 1901 3286 Β
1930 3272 1964 3277 -

197 3301 250 3334 33.
275 3311 326 3335 me
349 3306 374 3335 A
400 3305 433 3335 in
457 3314 526 3337 ras.
548 3323 582 3328 —
610 3305 663 3338 34.
690 3306 827 3338 conitier
849 3306 956 3337 ABV
982 3305 1057 3347 (sed
1080 3307 1105 3337 it
1129 3307 1163 3337 et
1187 3305 1260 3337 erB
1280 3313 1322 3337 ex
1343 3305 1472 3345 corr.):
1499 3305 1663 3337 cornicier
1678 3305 1726 3345 H,
1751 3305 1912 3336 connitier
1927 3305 1966 3336 Ο.
