2249 3624
345 148 427 188 336
781 150 1211 191 TUSCULANARUM
1241 149 1678 190 DISPUTATIONUM

345 256 484 295 omnia
513 255 659 295 rabide
691 255 954 308 adpetentem
987 270 1080 296 cum
1113 255 1358 308 inexplebili
1392 255 1644 307 cupiditate,
1677 268 1846 308 quoque
1877 254 2113 297 affluentius

344 318 579 371 voluptates
618 318 805 371 undique
844 318 1027 365 hauriat,
1069 331 1119 357 eo
1159 317 1324 369 gravius
1367 316 1666 370 ardentiusque
1699 317 1934 365 sitientem,
1976 331 2113 357 nonne

343 386 455 419 recte
486 380 762 419 miserrimum
794 379 984 419 dixeris?
1018 379 1159 427 Quid?
1193 379 1324 418 elatus
1356 379 1426 418 ille
1452 379 1618 418 levitate
1639 379 1840 432 inanique
1863 379 2022 420 laetitia
2044 394 2116 419 ex-

343 442 482 482 ultans
515 449 555 482 et
584 448 739 482 temere
770 442 951 494 gestiens
982 455 1122 481 nonne
1155 446 1270 480 tanto
1302 441 1506 488 miserior,
1543 447 1699 494 quanto
1733 442 1810 481 sibi
1835 442 1998 482 videtur
2018 442 2116 482 bea-

311 505 452 544 iiiior?
492 505 600 558 Ergo
634 511 678 544 ut
706 505 749 543 hi
782 504 941 550 miseri,
980 504 1037 542 sic
1070 509 1214 542 contra
1244 503 1305 542 illi
1335 503 1465 549 beati,
1505 516 1611 555 quos
1644 503 1747 543 nulli
1780 510 1915 544 metus
1947 511 2115 552 terrent,

343 567 483 607 nullae
515 566 798 620 aegritudines
831 566 1036 612 exedunt,
1069 565 1208 604 nullae
1240 565 1434 605 libidines
1465 565 1659 611 incitant,
1692 566 1831 606 nullae
1859 566 2000 606 futiles
2032 567 2116 606 lae-

342 629 457 669 titiae
490 629 725 669 exultantes
757 627 966 680 languidis
988 626 1267 680 liquefaciunt
1291 627 1588 680 voluptatibus.
1640 628 1690 668 Ut
1712 629 1836 669 maris
1859 629 1985 681 igitur
2006 635 2116 668 tran-

344 692 530 745 quillitas
571 691 830 743 intellegitur
870 689 984 729 nulla
1021 703 1072 728 ne
1106 689 1275 729 minima
1306 690 1473 743 quidem
1506 703 1605 729 aura
1636 691 1785 730 fluctus
1817 699 2116 738 commovente,

343 754 401 794 sic
432 753 559 793 animi
592 753 757 806 quietus
799 757 839 791 et
875 751 1060 804 placatus
1092 758 1222 791 status
1255 752 1450 799 cernitur,
1483 766 1574 791 cum
1608 753 1863 805 perturbatio
1896 753 2009 793 nulla
2042 760 2116 800 est,

293 827 327 855 40
344 830 425 870 qua
457 816 613 856 moveri
646 820 783 867 queat.
852 810 910 853 l7.
945 814 1070 861 Quod
1103 814 1136 854 si
1169 821 1250 862 est,
1291 815 1360 868 qui
1394 815 1474 854 vim
1505 815 1719 863 fortunae,
1763 817 1835 869 qui
1868 816 2009 855 omnia
2040 816 2117 855 hu-

343 891 484 925 mana,
519 890 811 931 quaecumque
843 876 1033 916 accidere
1055 883 1254 929 possunt,
1287 877 1518 917 tolerabilia
1542 877 1683 924 ducat,
1717 891 1769 917 ex
1791 892 1874 930 quo
1897 892 1973 918 nec
1996 878 2118 918 timor

343 954 436 980 eum
479 953 554 979 nec
595 952 727 991 angor
760 938 960 991 attingat,
1002 939 1198 992 idemque
1231 939 1265 979 si
1297 939 1402 978 nihil
1436 941 1727 992 concupiscat,
1769 940 1883 979 nulla
1915 940 2118 980 ecferatur

341 1001 469 1042 animi
504 1002 617 1041 inani
650 1001 885 1054 voluptate,
917 1001 1017 1055 quid
1052 1008 1114 1041 est
1145 1015 1216 1041 cur
1246 1002 1278 1041 is
1312 1015 1395 1041 non
1427 1001 1574 1041 beatus
1607 1002 1687 1041 sit?
1720 1009 1759 1042 et
1781 1002 1813 1042 si
1842 1003 1945 1042 haec
1969 1003 2116 1042 virtute

342 1062 593 1110 efficiuntur,
627 1064 727 1117 quid
761 1070 824 1103 est
856 1077 928 1103 cur
961 1065 1089 1103 virtus
1121 1064 1211 1117 ipsa
1242 1077 1314 1116 per
1346 1077 1389 1102 se
1422 1077 1503 1103 non
1538 1064 1692 1104 efficiat
1722 1065 1895 1104 beatos?

290 1140 326 1167 45
454 1127 542 1166 Vll.
573 1127 619 1165 A.
653 1126 778 1178 Atqui
810 1126 987 1166 alterum
1021 1126 1102 1166 dici
1134 1140 1217 1165 non
1249 1132 1408 1179 potest,
1453 1125 1555 1178 quin
1587 1126 1635 1173 ii,
1679 1128 1750 1179 qui
1782 1127 1885 1166 nihil
1917 1133 2117 1175 metuant,

340 1190 445 1230 nihil
487 1195 714 1241 angantur,
759 1188 861 1228 nihil
905 1188 1224 1242 concupiscant,
1269 1188 1383 1228 nulla
1424 1189 1643 1240 impotenti
1681 1189 1836 1228 laetitia
1869 1189 2118 1237 ecferantur,

340 1253 450 1293 beati
481 1252 584 1299 sint,
617 1251 760 1304 itaque
794 1248 833 1289 id
867 1251 939 1290 tibi
972 1251 1171 1298 concedo,
1204 1251 1381 1290 alterum
1415 1256 1553 1289 autem
1587 1251 1670 1290 iam
1700 1252 1907 1304 integrum
1935 1265 2020 1291 non
2043 1259 2118 1292 est.

340 1314 639 1369 Superioribus
683 1312 795 1353 enim
828 1313 1183 1366 disputationibus
1225 1313 1417 1352 effectum
1452 1319 1513 1352 est
1545 1325 1691 1353 vacare
1724 1315 1836 1353 omni
1868 1315 1995 1354 animi
2026 1328 2119 1367 per-

339 1377 578 1418 turbatione
621 1376 868 1429 sapientem.
929 1372 994 1414 218.
1027 1376 1081 1414 M.
1116 1375 1317 1414 Nimirum
1356 1375 1485 1427 igitur
1518 1375 1708 1415 confecta
1739 1390 1803 1416 res
1836 1383 1918 1424 est3
1956 1376 2120 1417 videtur

288 1453 324 1481 20
340 1441 451 1480 enim
483 1440 533 1479 ad
566 1439 724 1478 exitum
758 1439 923 1478 venisse
957 1437 1165 1490 quaestio.
1208 1439 1256 1477 A.
1291 1439 1422 1491 Prope
1456 1437 1623 1477 modum
1657 1438 1697 1477 id
1730 1439 1913 1492 quidem.
1960 1440 2014 1479 M.
2042 1440 2119 1478 Ve-

339 1516 430 1542 rum
463 1508 603 1542 tamen
635 1500 1021 1540 mathematicorum
1055 1500 1132 1539 iste
1165 1514 1253 1540 mos
1287 1506 1360 1547 est,
1394 1514 1477 1540 non
1509 1506 1571 1539 est
1603 1500 1967 1554 philosophorum.
2014 1503 2116 1541 Nam

339 1570 578 1619 geometrae
611 1578 703 1603 cum
734 1563 895 1616 aliquid
927 1563 1079 1602 docere
1114 1562 1276 1609 volunt,
1313 1562 1346 1601 si
1380 1561 1479 1615 quid
1511 1561 1562 1601 ad
1597 1576 1686 1602 eam
1718 1576 1805 1602 rem
1836 1564 2018 1618 pertinet
2048 1577 2117 1603 eo-

338 1643 449 1676 rum,
492 1641 599 1681 quae
640 1632 735 1666 ante
778 1625 1028 1671 docuerunt,
1072 1624 1114 1664 id
1151 1631 1322 1664 sumunt
1365 1638 1440 1677 pro
1473 1638 1672 1664 concesso
1705 1632 1745 1665 et
1777 1626 1974 1679 probato;
2014 1626 2117 1665 illud

338 1691 463 1733 modo
497 1690 730 1743 explicant,
764 1689 814 1727 de
847 1701 931 1741 quo
954 1694 1048 1727 ante
1070 1687 1174 1726 nihil
1198 1687 1399 1739 scriptum
1423 1692 1507 1726 est:
1540 1687 1781 1741 philosophi
1807 1701 2117 1741 quamcumque

288 1768 324 1797 ‘25
339 1768 426 1794 rem
456 1753 610 1793 habent
641 1753 683 1791 in
716 1750 926 1797 manibus,
968 1750 1009 1789 in
1044 1763 1134 1789 eam
1166 1762 1274 1802 quae
1303 1749 1558 1788 conveniunt
1591 1756 1821 1802 congerunt
1853 1751 2006 1798 omnia,
2039 1750 2117 1790 etsi

338 1817 421 1857 alio
452 1816 545 1856 loco
579 1815 790 1868 disputata
822 1819 929 1852 sunt.
977 1812 1102 1860 Quod
1136 1811 1178 1850 ni
1211 1811 1268 1850 ita
1299 1817 1427 1858 esset,
1461 1824 1532 1850 cur
1564 1812 1750 1859 Stoicus,
1783 1812 1816 1851 si
1850 1819 1960 1853 esset
1992 1826 2117 1867 quae-

339 1881 462 1921 situm
496 1878 649 1919 satisne
682 1876 731 1916 ad
765 1876 884 1914 beate
920 1874 1146 1914 vivendum
1181 1874 1308 1913 virtus
1340 1879 1503 1926 posset,
1535 1873 1664 1913 multa
1697 1874 1879 1914 diceret?
1922 1876 1986 1915 cui
2017 1876 2117 1915 satis

339 1949 451 1983 esset
480 1939 738 1994 respondere
771 1951 814 1978 se
847 1943 942 1977 ante
976 1937 1171 1977 docuisse
1204 1937 1307 1976 nihil
1338 1938 1495 1977 bonum
1529 1950 1621 1977 esse
1652 1937 1732 1977 nisi
1758 1936 1872 1990 quod
1894 1937 2116 1977 honestum

339 2011 468 2052 esset,
500 2003 580 2042 hoc
611 2002 789 2055 probato
822 2013 1087 2053 consequens
1121 2014 1212 2040 esse
1237 2000 1400 2040 beatam
1425 2000 1548 2038 vitam
1572 1999 1723 2039 virtute
1750 2013 1841 2040 esse
1864 2006 2117 2047 contentam,

290 2080 326 2110 30
340 2074 380 2108 et
421 2079 504 2120 quo
545 2064 669 2104 modo
701 2063 779 2103 hoc
811 2063 864 2102 sit
895 2076 1161 2115 consequens
1194 2062 1274 2109 illi,
1318 2063 1376 2102 sic
1408 2061 1511 2101 illud
1545 2062 1662 2109 huic,
1706 2068 1770 2110 ut,
1812 2062 1846 2102 si
1878 2062 2001 2103 beata
2032 2061 2117 2102 vita

338 2131 489 2171 virtute
532 2132 728 2167 contenta
771 2126 843 2172 sit,
891 2124 971 2164 nisi
1010 2124 1233 2165 honestum
1277 2125 1391 2178 quod
1434 2125 1505 2172 sit,
1552 2125 1656 2164 nihil
1698 2125 1812 2165 aliud
1854 2125 1908 2165 sit
1946 2125 2117 2164 bonum.

340 2189 405 2231 ¹19.
439 2190 521 2231 Sed
562 2196 701 2230 tamen
747 2201 831 2227 non
874 2192 1001 2240 agunt
1045 2187 1124 2234 sic;
1169 2201 1261 2227 uam
1296 2193 1336 2226 et
1369 2187 1418 2226 de
1451 2185 1627 2227 honesto
1661 2194 1701 2227 et
1732 2188 1782 2227 de
1815 2201 1975 2227 summo
2007 2187 2118 2226 bono

339 2253 564 2308 separatim
595 2251 692 2290 libri
722 2256 838 2297 sunt,
871 2256 911 2289 et
942 2263 1034 2288 cum
1067 2262 1119 2288 ex
1150 2263 1199 2288 eo
1232 2247 1436 2289 efficiatur
1467 2250 1567 2289 satis
1599 2263 1790 2303 magnam
1822 2250 1865 2289 in
1889 2249 2036 2289 virtute
2066 2248 2118 2288 ad

338 2317 459 2357 beate
496 2313 719 2355 vivendum
761 2326 852 2352 esse
884 2312 987 2359 vim,
1032 2311 1161 2351 nihilo
1195 2312 1330 2351 minus
1368 2309 1447 2351 hoc
1477 2318 1607 2364 agunt
1638 2311 1877 2365 separatim.
1936 2310 2119 2364 Propriis

289 2380 451 2424 35enin1
493 2385 534 2419 et
574 2377 661 2417 suis
703 2374 959 2428 argumentis
1002 2380 1043 2413 et
1081 2374 1440 2414 admonitionibus
1471 2374 1686 2414 tractanda
1719 2387 1913 2428 quaeque
1945 2387 2011 2413 res
2042 2379 2118 2420 est,

340 2447 455 2482 tanta
486 2439 744 2494 praesertim.
792 2438 901 2477 Cave
933 2436 1044 2476 enim
1076 2442 1195 2490 putes
1227 2436 1355 2476 ullam
1387 2436 1428 2475 in
1460 2436 1731 2489 philosophia
1755 2449 1898 2476 vocem
1923 2435 2117 2475 emissam

341 2503 561 2544 clariorem
593 2502 776 2540 ullumve
809 2513 900 2539 esse
932 2498 1228 2552 philosophiae
1260 2499 1512 2551 promissum
1536 2498 1709 2538 uberius
1731 2505 1802 2539 aut
1826 2497 1972 2537 maius.
2014 2498 2116 2536 Nam

342 2565 442 2620 quid
473 2561 719 2618 profitetur?
762 2576 786 2602 o
819 2563 859 2602 di
889 2561 1018 2601 boni!
1060 2560 1339 2614 perfecturam
1371 2574 1435 2608 se,
1478 2561 1551 2614 qui
1588 2561 1752 2614 legibus
1785 2560 1870 2601 suis
1907 2558 2117 2612 paruisset

340 2634 385 2668 ut
415 2633 526 2667 esset
556 2631 701 2666 contra
731 2624 943 2665 fortunam
974 2636 1140 2676 semper
1170 2628 1373 2670 armatus,
1407 2629 1451 2663 ut
1475 2623 1615 2663 omnia
1642 2622 1853 2675 praesidia
1874 2622 2049 2662 haberet
2072 2622 2115 2660 in

288 2704 385 2737 40se
426 2691 533 2730 bene
572 2689 780 2741 beateque
819 2685 1008 2732 vivendi,
1052 2691 1098 2725 ut
1138 2690 1247 2724 esset
1285 2698 1451 2738 semper
1489 2684 1672 2738 denique
1708 2685 1872 2724 beatus.
1934 2682 2001 2724 020.
2035 2684 2115 2724 Sed

430 2882 460 2911 st.
486 2890 559 2911 cam
583 2878 769 2918 inexplebili
793 2876 990 2916 cupiditate,
1026 2883 1089 2913 quo
1111 2875 1266 2914 fluentius
1288 2875 1473 2905 voluntates
1495 2874 1640 2913 undique
1662 2874 1807 2912 hauriet,
1834 2883 1870 2905 eo
1893 2875 2035 2914 φανίας
2057 2883 2118 2905 ar—

343 2932 532 2969 dentiusque
555 2930 713 2960 sitientem
737 2928 870 2959 Nonius
894 2935 928 2967 p.
949 2925 1023 2956 319,
1048 2942 1080 2946 —
1101 2924 1131 2955 3.
1158 2923 1304 2955 eleuatus
1326 2924 1352 2955 R
1375 2941 1408 2945 —
1429 2923 1459 2955 4.
1487 2926 1606 2955 temere
1628 2924 1683 2955 R2:
1710 2925 1823 2955 timere
1839 2925 1863 2954 G
1878 2923 1935 2961 R¹3
1961 2925 2076 2955 timore
2092 2924 2116 2954 B

344 2998 379 3002 —
407 2980 438 3011 6.
463 2978 585 3018 futtiles
611 2980 633 3009 R
661 2996 693 2999 —
723 2978 754 3009 7.
781 2976 967 3008 exultantes
990 2973 1112 3005 litteris
1137 2982 1168 3005 es
1192 2974 1367 3014 punctatis
1392 2974 1415 3003 G
1438 2990 1472 2994 —
1501 2975 1551 3004 ii.
1580 2974 1784 3014 quaecuz'que
1809 2974 1832 3005 C
1858 2991 1891 2995 —
1920 2974 2117 3005 tollerabilia

343 3030 368 3061 G
398 3047 431 3051 ——
459 3029 510 3059 45.
539 3029 618 3066 quin
641 3029 673 3058 hi
698 3029 722 3059 C
751 3044 786 3049 —
815 3026 871 3065 qai
894 3025 975 3055 nihil
997 3026 1160 3061 metuant,
1187 3023 1267 3053 nihil
1291 3026 1412 3063 ayant,
1444 3023 1523 3053 nihil
1545 3025 1795 3062 concupiscant,
1821 3023 1913 3054 nulla
1935 3024 2118 3062 inpotentia

341 3079 531 3119 ecferantur
554 3077 686 3108 Nonius
712 3086 744 3116 p.
769 3076 837 3107 129.
869 3094 900 3097 -
932 3075 983 3105 ⁴6.
1009 3073 1156 3113 ecferant
1181 3073 1204 3103 C
1234 3089 1267 3094 -——
1296 3074 1347 3104 48.
1376 3074 1496 3103 uacari
1520 3074 1582 3104 GR
1606 3091 1638 3095 —-
1666 3073 1719 3104 ¹28.
1741 3074 1795 3104 sed
1818 3076 1894 3104 ante
1917 3073 2074 3103 docuisset
2091 3073 2114 3103 C

344 3147 379 3151 --
406 3128 460 3159 29.
486 3129 705 3165 contemptam
730 3126 775 3162 Εἰς
803 3126 887 3156 item
912 3134 943 3154 v.
964 3124 1016 3155 31.
1046 3140 1080 3144 -—
1109 3121 1161 3152 30.
1189 3122 1257 3152 vita
1282 3130 1350 3152 om.
1373 3122 1395 3153 C
1422 3122 1466 3160 (in
1485 3122 1509 3152 B
1527 3130 1704 3162 superscr.
1725 3120 1803 3152 ead.
1824 3124 1883 3160 m.)
1906 3139 1938 3144 -
1966 3121 2018 3153 34.
2038 3122 2118 3152 nihil

341 3177 491 3208 hominus
516 3177 540 3207 R
567 3192 601 3196 —
630 3175 681 3206 36.
702 3184 723 3205 a
742 3173 948 3213 philosophia
965 3171 1042 3203 cod.
1056 3172 1270 3207 »Vaticanu53
1298 3171 1361 3202 sed
1379 3171 1457 3203 vide
1476 3180 1518 3202 ne
1536 3174 1660 3202 neutra
1678 3180 1742 3202 vox
1760 3179 1779 3201 a
1799 3171 1968 3202 Cicerone
1986 3171 2115 3210 scripta

343 3229 403 3265 sit,
430 3226 506 3266 qui,
533 3226 560 3256 si
585 3224 777 3255 addidisset
801 3233 821 3254 a
846 3222 901 3254 vel
926 3224 958 3253 in
980 3220 1204 3262 philosophia,
1239 3221 1272 3252 in
1296 3222 1455 3262 proximo
1481 3229 1586 3253 versu
1610 3221 1666 3252 vix
1686 3220 1928 3260 philosophiae,
1960 3218 2023 3250 sed
2049 3219 2116 3250 eius

344 3275 555 3317 scripsisset.
584 3289 617 3295 —
646 3273 698 3305 38.
725 3273 771 3304 dii
795 3272 818 3305 C
835 3272 876 3304 Ο.
