2249 3624
703 121 800 163 eff.
830 121 1015 162 x—xl.
1053 117 1112 174 §§
1143 117 1338 160 σεε-33.
1849 114 1900 156 is

144 241 253 278 esset
280 236 459 290 primum
491 235 644 276 animal
676 249 822 284 omne,
855 235 1005 276 deinde
1036 234 1248 274 hominem
1280 232 1479 279 maxime,
1511 243 1618 284 quae
1640 230 1701 270 vis
1724 235 1835 270 esset
1860 231 1904 270 in

142 299 358 348 sensibus,
390 313 514 353 quem
546 299 596 338 ad
630 298 799 338 modum
831 299 1008 351 primum
1039 298 1128 337 visa
1158 311 1233 336 nos
1265 296 1487 350 pellerent,
1519 293 1671 332 deinde
1702 293 1905 346 adpetitio

142 363 193 402 ab
224 362 288 402 his
320 362 441 415 pulsa
463 368 730 415 sequeretur,
763 367 848 401 tum
872 367 916 401 ut
938 375 1084 400 sensus
1107 360 1158 400 ad
1182 373 1246 399 res
1269 357 1557 413 percipiendas
1579 356 1906 396 intenderemus.

143 427 259 465 Mens
302 426 411 465 enim
454 425 565 477 ipsa,
608 438 714 478 quae
753 438 949 463 sensuum
988 423 1081 462 sons
1122 428 1185 462 est
1221 428 1345 475 atque
1377 420 1499 460 etiam
1530 419 1620 471 ipsa
1652 433 1799 460 sensus
1831 425 1908 466 est,

144 488 375 528 naturalem
419 488 501 527 vim
541 488 687 534 habet,
731 500 854 539 quam
896 486 1075 526 intendit
1115 486 1166 524 ad
1207 499 1277 532 ca,
1319 484 1471 538 quibus
1503 486 1705 522 movetur.
1765 482 1940 535 ltaque5

143 550 223 590 alia
254 551 342 590 visa
373 550 431 589 sic
462 550 626 603 arripit,
668 554 711 588 ut
744 550 793 587 iis
825 549 962 588 statim
997 554 1155 594 utatur,
1195 548 1276 587 alia
1307 546 1428 599 quasi
1459 544 1671 590 recondit,
1703 557 1724 583 e
1756 545 1908 597 quibus

144 613 344 652 memoria
374 614 515 652 oritur.
568 612 712 651 Cetera
742 616 880 650 autem
913 610 1256 650 similitudinibus
1288 608 1514 656 construit,
1557 621 1609 647 ex
1641 607 1791 660 quibus
1823 606 1910 646 esli-

145 676 309 714 ciuntur
338 675 512 716 notitiae
543 688 700 721 rerum,
733 687 836 726 quas
869 672 1012 711 Graeci
1047 678 1130 712 tum
1163 673 1345 720 having,
1378 677 1463 711 tum
1486 666 1727 727 προλήιχνεις
1748 674 1910 709 vocant.

144 739 204 777 Eo
237 752 330 778 cum
362 738 537 779 accessit
566 737 671 776 ratio
704 736 1023 789 argumentique
1047 735 1258 774 conclusio
1291 746 1514 787 rerumque
1545 732 1911 773 innumerabilium

146 800 387 848 multitudo,
420 807 505 840 tum
538 804 577 839 et
608 799 821 852 perceptio
853 811 998 837 eorum
1031 798 1216 836 omnium
1238 802 1428 850 apparet,
1461 802 1501 835 et
1522 795 1667 835 eadem
1694 795 1795 834 ratio
1819 803 1961 847 per-40

145 863 253 903 fecta
293 863 356 902 his
396 862 591 915 gradibus
632 862 683 901 ad
715 861 961 914 sapientiam
993 861 1197 912 pervenit.
1259 857 1326 899 31.
1357 859 1419 898 Ad
1451 872 1590 898 rerum
1621 858 1746 910 igitur
1778 859 1995 898 scien--r‘

148 926 245 965 tiam
277 925 472 978 vitaeque
505 925 780 964 constantiam
813 923 1028 976 aptissima
1059 936 1154 962 cum
1186 922 1239 962 sit
1269 935 1386 961 mens
1414 921 1617 967 hominis,
1649 921 1914 973 amplectitur

148 988 328 1027 maxime
369 987 672 1039 cognitionem,
719 992 759 1026 et
798 987 920 1026 istam
951 982 1222 1041 κατάλῃιχνιυ,
1269 997 1413 1037 quam,
1458 988 1505 1023 ut
1536 983 1641 1030 dixi,
1687 984 1858 1023 verbum
1891 996 1912 1022 e

148 1051 275 1090 verbo
308 1050 613 1104 exprimentes,
646 1050 994 1103 conprensionem
1027 1047 1236 1094 dicemus,
1268 1060 1362 1085 cum
1393 1046 1526 1099 ipsam
1557 1058 1631 1098 per
1661 1059 1703 1085 se
1731 1051 1914 1085 amat—-

150 1112 254 1152 nihil
287 1114 395 1152 enim
427 1117 488 1152 est
520 1113 557 1152 ei
579 1113 762 1153 veritatis
793 1112 884 1152 luce
916 1111 1077 1150 dulcius
1100 1132 1154 1139 -
1175 1115 1260 1149 tum
1283 1110 1406 1149 etiam
1427 1114 1597 1162 propter
1616 1122 1751 1148 usum.
1800 1108 1965 1156 Quo-45

151 1176 259 1215 circa
300 1182 341 1215 et
382 1175 573 1216 sensibus
603 1176 733 1215 utitur
764 1180 804 1214 et
833 1179 942 1214 artes
974 1173 1125 1220 eflicit,
1167 1172 1285 1226 quasi
1317 1185 1464 1211 sensus
1495 1171 1669 1219 alteros,
1708 1176 1749 1211 et
1780 1185 1915 1225 usque

152 1250 201 1277 eo
235 1237 543 1290 philosophiam
574 1238 704 1291 ipsam
736 1237 998 1283 corroborat,
1042 1241 1085 1276 ut
1115 1235 1312 1276 virtutem
1345 1232 1516 1282 efficiat,
1556 1247 1608 1273 ex
1639 1246 1720 1288 qua
1758 1248 1802 1274 re
1833 1248 1915 1274 una

152 1301 237 1340 vita
276 1301 408 1340 omnis
446 1306 542 1354 apta
583 1305 657 1340 est.
718 1301 828 1352 Ergo
868 1298 917 1346 ii,
963 1300 1036 1352 qui
1072 1302 1226 1350 negant
1257 1297 1482 1350 quicquam
1513 1310 1636 1350 posse
1667 1296 1916 1350 conprendi,

152 1361 255 1401 haec
287 1362 375 1416 ipsa
406 1363 589 1415 eripiunt
619 1363 685 1402 vel
716 1364 992 1403 instrumenta
1022 1361 1088 1402 vel
1120 1364 1363 1400 ornamenta
1384 1359 1513 1406 vitae,
1545 1359 1609 1399 vel
1630 1359 1772 1412 potius
1794 1359 1917 1399 etiam

153 1429 281 1464 totam
314 1425 439 1464 vitam
471 1430 663 1465 evertunt
701 1424 889 1464 funditus
920 1424 1143 1478 ipsumque
1174 1422 1327 1463 animal
1357 1422 1504 1462 orbant
1533 1422 1695 1470 animo,
1735 1427 1782 1462 ut
1811 1420 1918 1461 diffi-
1931 1429 1967 1459 20

152 1486 229 1526 cile
261 1487 315 1526 sit
347 1486 398 1526 de
429 1488 660 1528 temeritate
693 1500 856 1535 eorum,
888 1487 1063 1540 perinde
1095 1491 1141 1526 ut
1162 1499 1287 1526 causa
1307 1485 1513 1538 postulat,
1545 1485 1696 1525 dicere.
1746 1484 1813 1525 3⁶2.
1835 1487 1918 1526 Nec

152 1562 251 1589 vero
284 1549 380 1589 satis
412 1550 667 1590 constituere
699 1563 892 1603 possum,
926 1549 1040 1603 quod
1071 1549 1124 1588 sit
1145 1562 1291 1588 eorum
1314 1548 1536 1588 consilium
1560 1553 1631 1587 aut
1653 1548 1754 1601 quid
1777 1549 1919 1589 velint.

153 1611 368 1652 Interdum
400 1613 509 1652 enim
542 1627 635 1653 cum
665 1612 913 1652 adhibemus
944 1611 996 1651 ad
1027 1625 1100 1651 eos
1123 1613 1355 1652 orationem
1377 1610 1467 1650 eius
1488 1610 1621 1650 modi:
1654 1611 1689 1651 si
1711 1625 1780 1660 ea,
1813 1626 1920 1666 quae

155 1674 393 1728 disputent,
435 1688 532 1715 vera
562 1676 666 1724 sint,
712 1681 800 1716 tum
832 1675 973 1715 omnia
1005 1674 1092 1714 fore
1123 1675 1303 1722 incerta,
1348 1672 1627 1727 respondent:
1673 1674 1785 1723 Quid
1819 1688 1919 1729 ergo

154 1737 266 1777 istud
297 1737 348 1777 ad
379 1740 487 1777 nos?
518 1752 617 1778 num
648 1744 789 1779 nostra
820 1738 943 1790 culpa
974 1738 1066 1777 est?
1097 1742 1286 1777 naturam
1318 1749 1486 1783 accusa,
1518 1737 1689 1790 quaein
1712 1737 1920 1790 profundo
1936 1742 1973 1772 25

154 1800 391 1848 veritatem,
423 1805 470 1840 ut
499 1801 557 1840 ait
585 1801 868 1848 Democritus,
901 1801 1068 1853 penitus
1098 1800 1357 1840 abstruserit.
1400 1799 1483 1838 Alii
1512 1804 1652 1839 autem
1675 1800 1921 1853 elegantius,

156 1862 227 1914 qui
258 1862 382 1902 etiam
414 1870 666 1917 queruntur,
700 1865 814 1919 quod
837 1877 909 1903 eos
940 1863 1231 1903 insimulemus
1254 1862 1392 1902 omnia
1418 1861 1577 1901 incerta
1598 1861 1758 1911 dicere,
1791 1876 1924 1918 quan-

156 1929 329 1978 tumque
369 1925 536 1966 intersit
574 1927 683 1967 inter
719 1928 921 1967 incertum
953 1931 993 1965 et
1023 1926 1084 1973 id,
1128 1925 1240 1978 quod
1272 1925 1433 1978 percipi
1463 1938 1549 1964 non
1579 1926 1733 1978 possit,
1773 1926 1923 1967 docere

157 1993 362 2027 conantur
398 2001 531 2042 eaque
569 1990 841 2043 distinguere.
902 1990 1003 2029 Cum
1047 1989 1111 2029 his
1153 1989 1280 2041 igitur
1309 2001 1501 2041 agamuS‚
1538 1988 1610 2041 qui
1641 1988 1744 2028 haec
1775 1988 1925 2028 distin-

159 2057 310 2103 guunt:
342 2051 454 2099 illos,
487 2052 558 2105 qui
592 2053 730 2092 omnia
760 2053 820 2093 sic
851 2052 1009 2092 incerta
1040 2052 1200 2099 dicunt,
1231 2056 1277 2092 ut
1307 2051 1523 2091 stellarum
1545 2064 1742 2092 numerus
1773 2065 1848 2105 par
1870 2064 1924 2091 an
1938 2056 1974 2085 30

159 2113 278 2167 inpar
308 2114 377 2161 sit,
410 2115 530 2167 quasi
563 2116 803 2168 desperatos
835 2116 998 2168 aliquos
1029 2115 1331 2167 relinquamus.
1382 2114 1540 2154 Volunt
1571 2114 1682 2154 enim
1709 2135 1763 2143 —
1785 2119 1825 2154 et
1845 2113 1925 2153 hoc

160 2176 331 2229 quidem
369 2176 436 2216 vel
475 2177 655 2218 maxime
692 2192 767 2218 vos
807 2177 1187 2219 animadvertebam
1229 2177 1388 2218 moveri
1417 2198 1473 2206 —
1509 2177 1726 2231 probabile
1764 2175 1925 2230 aliquid

160 2251 251 2277 esse
291 2243 332 2277 et
363 2238 483 2291 quasi
521 2240 607 2280 veri
646 2240 803 2289 simile,
844 2254 975 2295 eaque
1016 2254 1060 2281 se
1092 2240 1153 2281 uti
1183 2241 1328 2294 regula
1359 2245 1400 2281 et
1430 2241 1473 2281 in
1505 2241 1668 2294 agenda
1698 2241 1781 2282 vita
1813 2245 1852 2279 et
1882 2240 1925 2279 in

161 2301 400 2353 quaerendo
431 2315 478 2342 ac
508 2302 765 2344 disserendo.

272 2364 344 2404 XI.
374 2362 440 2404 33.
473 2365 589 2414 Quae
619 2366 700 2407 ista
729 2367 874 2420 regula
904 2371 968 2407 est
1000 2364 1102 2420 [veri
1133 2372 1172 2407 et
1191 2363 1325 2419 falsi]‚
1357 2367 1393 2407 si
1413 2366 1629 2407 notionem
1650 2366 1737 2408 veri
1758 2372 1798 2407 et
1818 2365 1976 2415 falsi‚35

248 2552 279 2583 2.
303 2552 450 2591 primum
474 2552 621 2593 scripsi:
643 2552 758 2592 privita
781 2553 866 2589 AV3
891 2553 999 2590 primo
1022 2553 1046 2585 B
1065 2553 1104 2594 (ἣ)
1120 2555 1145 2585 O
1171 2563 1213 2585 ex
1237 2552 1358 2584 Lamb.
1387 2552 1476 2584 coni.
1495 2570 1531 2574 —
1559 2561 1611 2584 eos
1635 2553 1756 2585 Lamb.
1786 2573 1821 2578 —-
1848 2564 1925 2596 app.

163 2602 187 2633 C
203 2602 227 2633 Ο
249 2619 283 2623 -
310 2601 341 2633 4.
360 2602 427 2641 ipse
449 2611 560 2634 sensus
577 2603 729 2640 Ernesti3
757 2605 789 2634 at
807 2612 838 2635 v.
859 2604 952 2635 Sext.
972 2604 1071 2645 Emp.
1091 2605 1161 2643 Vll,
1188 2605 1208 2644 ἕ
1226 2603 1299 2634 350.
1327 2601 1413 2634 Plut.
1433 2602 1476 2633 de
1494 2602 1582 2643 plac.
1602 2602 1727 2644 philos.
1745 2604 1800 2643 1V,
1819 2605 1871 2637 23.
1890 2623 1926 2630 —

163 2651 194 2683 6.
220 2652 260 2682 iis
283 2652 326 2682 C:
359 2652 407 2683 his
431 2654 455 2684 O
484 2671 518 2676 —
549 2654 659 2684 statim
685 2657 798 2685 utatur
821 2656 867 2692 Α,
895 2653 958 2685 sed
982 2663 1048 2685 mu
1072 2655 1104 2685 in
1129 2662 1199 2685 ras.
1229 2671 1264 2676 —
1296 2653 1365 2684 alia
1389 2653 1483 2692 quasi
1508 2653 1639 2684 Faber:
1674 2655 1787 2694 aliqua
1811 2656 1856 2687 sic
1881 2658 1927 2695 C;

164 2702 279 2741 aliqua
303 2702 327 2732 Ο
355 2719 389 2723 —-
416 2704 565 2734 recundit
587 2702 627 2735 A¹
653 2720 687 2725 -
715 2705 745 2735 7.
771 2708 879 2735 cetera
904 2705 931 2734 V
956 2712 1002 2735 m.
1028 2705 1047 2735 2
1073 2705 1105 2735 in
1131 2713 1242 2743 marg.
1272 2721 1306 2725 —
1333 2704 1491 2734 construit
1515 2704 1539 2735 C
1568 2704 1642 2743 (sed
1666 2706 1692 2736 A
1715 2706 1784 2736 ruit
1808 2707 1840 2737 in
1859 2715 1926 2738 ras.

165 2751 302 2791 liabet):
329 2753 493 2784 constituit
508 2762 528 2783 v
543 2754 566 2785 O
586 2771 620 2775 —
640 2754 671 2785 8.
690 2763 806 2786 enoeas
829 2758 897 2785 lum
916 2754 1112 2794 prolempsis
1128 2755 1152 2785 C
1174 2772 1208 2776 —
1230 2754 1281 2785 110.
1301 2763 1418 2785 earum
1440 2753 1571 2785 mavult
1588 2754 1722 2792 Christ,
1749 2755 1791 2787 cs.
1812 2758 1929 2788 tamen

166 2802 205 2842 gg
230 2801 269 2833 43
295 2803 328 2832 et
353 2803 404 2833 62.
433 2820 468 2825 —
496 2803 548 2834 40.
571 2804 720 2843 profecta
744 2805 917 2835 Manutius
944 2821 977 2826 —
1007 2806 1058 2836 tt.
1086 2806 1113 2835 is
1136 2807 1163 2835 A
1189 2822 1225 2826 —
1253 2805 1304 2835 423.
1331 2805 1544 2844 calatenipsin
1568 2806 1594 2835 A
1610 2805 1652 2843 B,
1679 2806 1883 2836 catallemsin
1903 2806 1931 2837 V

168 2869 203 2873 -
230 2855 265 2882 ut
288 2852 360 2882 dixi
383 2853 503 2883 Guieto
529 2851 643 2892 glossa
668 2853 863 2885 videbatur.
893 2871 927 2875 —
962 2853 1013 2886 ti.
1040 2855 1177 2885 dicimus
1201 2854 1322 2885 Lamb.
1351 2871 1387 2876 -
1412 2858 1548 2894 propter
1571 2864 1603 2886 se
1626 2856 1715 2886 coni.
1743 2855 1864 2887 Lamb.
1892 2873 1928 2878 —

168 2902 220 2933 45.
246 2905 290 2932 est
314 2903 399 2933 enim
423 2902 447 2933 O
468 2919 503 2923 —
530 2903 668 2935 dilucius
686 2902 740 2942 Ψ,
768 2904 940 2935 dilucidius
957 2902 998 2934 Ψ
1016 2921 1050 2926 -
1079 2904 1130 2935 47.
1156 2912 1192 2935 re
1216 2906 1357 2934 auctore
1375 2904 1532 2935 Ernestio
1551 2903 1617 2935 del.
1639 2903 1875 2937 Huelsemann
1890 2924 1933 2928 —

168 2951 220 2982 48.
247 2954 291 2982 est
314 2952 459 2991 scripsi:
486 2952 526 2983 sit
551 2953 574 2984 C
589 2953 654 2984 Ο-
680 2953 725 2984 liii
741 2955 780 2991 A,
806 2954 838 2984 ln·
862 2954 886 2984 B
905 2954 929 2984 V
944 2954 969 2984 O
989 2971 1024 2976 —
1051 2954 1104 2985 23.
1130 2954 1314 2985 huiusmodi
1331 2954 1373 2991 03
1401 2956 1434 2984 at
1451 2953 1494 2985 cf,
1517 2953 1653 2994 Madvig
1677 2954 1720 2985 ad
1744 2954 1765 2986 l.
1786 2955 1829 2986 de
1846 2956 1930 2987 tinn.

168 2999 202 3031 b.
223 3002 257 3031 et
281 3008 326 3031 m.
345 3000 389 3031 IV
413 3001 431 3040 δ’
450 3001 501 3034 14.
520 3021 562 3026 —
586 3002 639 3035 24.
659 3004 820 3043 disputent
838 3004 971 3035 Christ:
999 3004 1204 3043 disputentur
1229 3005 1252 3034 C
1268 3004 1293 3034 Ο
1312 3020 1348 3025 -
1374 3012 1456 3035 ‘uera
1479 3013 1545 3035 non
1560 3004 1624 3035 sint
1640 3003 1679 3035 B²
1696 3023 1731 3028 —-
1757 3006 1810 3036 25.
1830 3014 1934 3036 acusa

169 3049 197 3080 V
224 3068 259 3072 —
285 3051 338 3081 26.
361 3051 511 3090 poenitus
532 3054 559 3084 A
587 3070 622 3074 —
649 3053 822 3085 abstuserit
845 3054 870 3085 B
896 3071 931 3075 —
959 3054 1135 3094 aliqantius
1157 3055 1197 3085 A¹
1217 3071 1252 3075 -
1279 3053 1331 3084 27.
1351 3058 1558 3092 quaeruntur
1581 3055 1608 3085 A
1627 3071 1662 3075 —-—
1688 3054 1742 3085 28.
1767 3057 1893 3085 certum
1909 3055 1933 3086 B

172 3116 207 3121 —
234 3098 284 3130 29.
312 3104 454 3131 conatur
476 3102 513 3133 B¹
539 3119 574 3125 —
609 3104 812 3144 destinyuere
835 3108 862 3135 A
888 3120 923 3126 —
948 3104 998 3136 llis
1021 3105 1065 3135 C:
1096 3105 1124 3135 is
1148 3105 1204 3142 Οἱ,
1236 3104 1277 3134 iis
1300 3101 1377 3135 (320
1403 3121 1438 3126 —
1466 3104 1645 3144 distinyunt
1669 3104 1732 3135 AB
1761 3122 1795 3126 —
1822 3104 1874 3136 30.
1900 3109 1936 3136 ut

170 3157 239 3180 om.
259 3146 297 3179 Β1
324 3167 358 3171 -
384 3149 436 3182 31,
463 3151 643 3191 dispertitos
666 3154 801 3193 aliquod
823 3154 862 3185 Β1
880 3170 915 3176 -
943 3154 996 3186 32.
1027 3154 1329 3185 animadvertebam
1351 3163 1407 3185 vos
1431 3154 1455 3185 O
1472 3171 1515 3177 -—
1538 3154 1590 3185 33.
1617 3162 1694 3185 uere
1715 3153 1820 3185 simile
1842 3154 1881 3184 A¹
1896 3154 1935 3184 V¹

171 3214 209 3220 —
235 3206 372 3237 eamque
394 3209 426 3232 se
447 3202 496 3232 uti
518 3203 631 3242 (secuti
654 3205 758 3242 corr.)
783 3204 934 3245 reyulam
956 3204 986 3235 V
1013 3221 1047 3227 —-
1080 3212 1112 3236 se
1142 3204 1165 3235 B
1194 3212 1271 3244 sup.
1296 3202 1355 3235 lin.
1383 3219 1420 3226 —
1454 3203 1507 3235 35.
1532 3203 1601 3236 veri
1625 3206 1655 3235 et
1675 3202 1753 3243 falsi
1776 3203 1935 3244 spurium

171 3256 250 3280 esse
274 3248 358 3282 vidit
381 3250 502 3284 Lamb.
529 3269 564 3275 -
590 3254 800 3286 notiotionem
823 3254 862 3286 V.

2247 3109 2249 3114 .
2240 3014 2249 3072 vv-
2240 2962 2244 2997 —-

2239 3238 2249 3624 Μὴν-γ-
