2249 3624
686 155 774 195 Lm.
806 155 873 194 IV.
915 152 1010 193 Cn.
1043 151 1222 191 11-1v.
1261 147 1320 203 §§
1351 146 1488 188 3—9.
1883 137 1962 180 455

208 270 250 308 in
283 281 434 320 genere
467 267 629 307 dicendi
662 267 837 320 copiam.
897 264 935 305 7.
969 267 1117 305 Totum
1151 276 1282 316 genus
1312 262 1391 302 boc
1423 263 1534 300 Zeno
1568 263 1608 298 et
1629 258 1700 311 qui
1727 257 1777 296 ab
1800 269 1849 295 eo
1872 260 1968 294 sunt

208 335 278 369 aut
308 343 391 368 non
425 335 649 382 potuerunt
680 335 750 368 aut
782 329 1025 374 noluerunt,
1058 334 1168 366 certe
1200 326 1484 377 reliquerunt:
1518 334 1771 376 quamquam
1806 317 1972 371 scripsit

208 399 337 432 artem
369 393 614 432 rhetoricam
648 393 890 438 Cleanthes,
925 391 1180 443 Chrysippus
1217 389 1363 434 etiam,
1395 386 1467 426 sed
1500 386 1579 431 sic,
1611 389 1674 430 ut,
1706 384 1739 422 si
1771 381 1866 435 quis
1900 378 1972 418 ob-

208 461 437 494 mutescere
470 455 748 507 concupierit,
782 454 884 492 nibil
907 452 1019 492 aliud
1044 452 1180 503 legere
1203 451 1364 490 debeat.
1413 450 1554 502 ltaque
1579 447 1707 494 vides,
1739 458 1823 499 quo
1847 441 1971 483 modo

207 517 446 569 loquantur.
506 518 620 555 Nova
661 517 785 554 verba
824 514 1005 566 lingunt,
1047 513 1242 552 deserunt
1287 514 1448 552 usitata.
1501 513 1551 550 At
1592 515 1747 563 quanta
1778 504 2004 547 conatur15

209 580 439 617 «Mundum
479 578 589 616 huuc
631 590 794 616 omnem
837 576 1035 629 oppidum
1069 589 1159 614 esse
1192 581 1417 614 nostrum.»
1474 574 1620 620 Vides,
1653 577 1849 626 quautam
1887 581 1971 607 rein

204 647 315 693 agat,
347 646 392 679 ut
423 640 593 679 Circeiis
626 640 695 692 qui
728 639 885 678 habitet
917 644 1045 677 totum
1077 638 1187 676 hunc
1222 638 1420 676 muudum
1444 650 1564 675 suum
1588 634 1859 686 municipium
1883 642 1973 670 esse

205 704 427 743 existimet.
483 703 705 742 «lncendit
749 702 873 752 igitur
917 714 1008 746 eos,
1056 700 1125 752 qui
1169 698 1385 738 audiunt.»
1451 698 1595 746 Quid?
1641 697 1708 736 ille
1750 693 1973 735 incendat?

204 765 434 817 restinguet
476 766 613 810 citius,
660 765 692 803 si
738 763 951 803 ardentem
993 763 1212 815 acceperit.
1266 763 1345 800 lsta
1387 762 1499 814 ipsa,
1546 774 1652 814 quae
1690 766 1733 799 tu
1779 756 1973 801 breviter,

203 840 368 879 regem,
400 826 663 872 dictatorem,
698 826 866 865 divitem
901 825 1034 865 solum
1069 838 1159 863 esse
1193 824 1446 876 sapientem,
1479 837 1501 862 a
1534 829 1572 862 te
1604 821 1770 876 quidem
1803 825 1897 872 apte
1928 829 2022 858 acto

204 889 400 929 rotunde:
434 889 611 941 quippe;
645 888 772 927 habes
804 888 914 926 enim
948 901 969 926 a
1001 887 1260 926 rhetoribus:
1295 887 1459 925 illorum
1495 900 1591 924 vcro
1623 887 1699 925 ista
1731 886 1821 937 ipsa
1848 894 1971 936 quam

205 952 328 991 exilia
361 951 411 989 de
444 951 607 990 virtutis
639 951 704 990 vi!
749 964 871 1003 quam
905 955 1058 989 tautam
1094 950 1237 988 volunt
1271 963 1382 995 esse,
1425 954 1469 987 ut
1507 949 1672 987 beatum
1705 962 1779 1001 per
1810 960 1853 985 se
1885 943 1972 984 esti-

205 1027 297 1054 cere
339 1014 482 1067 possit.
539 1015 734 1065 Puuguut
775 1013 893 1066 quasi
935 1012 1090 1051 aculeis
1123 1010 1536 1064 interrogatiunculis
1568 1012 1776 1061 angustis,
1819 1007 1972 1062 quibus

206 1077 328 1116 etiam
373 1076 444 1129 qui
486 1076 772 1115 assentiuntur
810 1075 913 1114 nibil
955 1080 1263 1114 commutantur
1303 1075 1441 1113 animo
1483 1078 1523 1112 et
1562 1073 1671 1112 idem
1710 1073 1865 1112 abeunt
1901 1069 1973 1122 qui

205 1144 426 1179 venerant:
469 1152 533 1177 res
566 1139 674 1178 euim
707 1138 880 1177 sortasse
912 1151 1054 1185 verae,
1094 1143 1204 1177 certe
1237 1151 1403 1189 graves,
1446 1149 1531 1175 non
1562 1136 1617 1175 ita
1648 1140 1889 1179 tractantur,
1928 1135 2021 1170 uti5

206 1201 376 1247 debent,
409 1200 481 1239 sed
513 1200 729 1253 aliquanto
761 1200 976 1240 minutius.

317 1263 384 1302 lV.
417 1262 454 1301 8.
489 1263 688 1315 Sequitur
709 1263 940 1302 disserendi
969 1264 1072 1302 ratio
1096 1262 1367 1315 cognitioque
1391 1268 1587 1309 naturae;
1620 1274 1712 1301 nam
1737 1260 1787 1298 de
1811 1271 1972 1298 summo

203 1327 312 1365 bono
345 1339 461 1371 mox,
494 1331 539 1364 ut
570 1325 680 1371 dixi,
712 1325 944 1365 videbimus
978 1332 1018 1365 et
1051 1326 1100 1365 ad
1136 1326 1174 1365 id
1208 1325 1506 1377 explicandum
1530 1323 1854 1378 disputationem
1887 1333 1973 1358 om-

203 1401 297 1428 nem
337 1387 611 1427 confercmus.
679 1386 725 1426 In
767 1388 818 1426 iis
858 1389 984 1439 igitur
1022 1388 1208 1441 partibus
1249 1387 1409 1426 duabus
1452 1388 1555 1426 nibil
1596 1392 1683 1426 erat
1715 1383 1829 1438 quod
1861 1385 1971 1422 Zeno

205 1457 461 1491 commutare
494 1451 685 1502 gestiret3
719 1463 785 1489 res
817 1451 925 1489 enim
959 1464 1002 1490 se
1036 1450 1246 1503 praeclare
1278 1450 1478 1497 habebat,
1511 1455 1552 1489 et
1585 1448 1754 1502 quidem
1786 1448 1828 1486 in
1862 1451 1972 1484 utra-
1986 1455 2022 1482 20

209 1527 289 1568 que
322 1518 452 1566 parte.
505 1512 616 1560 Quid
650 1513 759 1551 enim
794 1513 844 1551 ab
876 1513 1060 1566 antiquis
1093 1527 1144 1552 ex
1177 1526 1226 1552 eo
1259 1526 1432 1564 genere,
1466 1512 1577 1565 quod
1609 1511 1659 1551 ad
1684 1507 1972 1549 disserendum

203 1577 339 1623 valet,
374 1576 713 1629 praetermissum
746 1577 836 1615 est‘?
871 1576 942 1628 qui
976 1582 1015 1615 et
1047 1575 1296 1615 definierunt
1327 1575 1503 1628 plurima
1535 1580 1575 1614 et
1606 1571 1833 1613 definiendi
1865 1576 1974 1609 artes

202 1640 480 1692 reliquerunt,
515 1638 713 1691 quodque
747 1643 808 1677 est
841 1637 1069 1678 definitioni
1101 1638 1367 1684 adiunctum,
1403 1644 1446 1677 ut
1476 1652 1542 1676 res
1573 1637 1616 1676 in
1648 1641 1784 1689 partes
1816 1632 1974 1673 divida—

203 1708 289 1750 tur,
334 1701 374 1740 id
415 1706 455 1739 et
493 1699 537 1739 sit
574 1701 624 1739 ab
667 1701 747 1740 illis
779 1705 819 1740 et
851 1714 976 1753 quem
1008 1701 1058 1740 ad
1092 1700 1261 1740 modum
1296 1698 1382 1738 lieri
1415 1705 1605 1751 oporteat
1635 1698 1832 1738 traditur:
1873 1695 1973 1734 item

203 1765 254 1803 de
295 1763 535 1809 contrariis,
580 1776 601 1802 a
642 1764 794 1816 quibus
837 1763 887 1803 ad
929 1777 1082 1816 genera
1113 1763 1353 1815 formasque
1385 1776 1581 1814 generum
1614 1765 1829 1802 venerunt.
1887 1758 1971 1797 Iam
1987 1767 2023 1796 25

202 1826 434 1878 argumenti
467 1826 628 1865 ratione
659 1826 845 1866 conclusi
878 1832 999 1879 caput
1032 1840 1122 1865 esse
1154 1825 1313 1864 faciunt
1341 1838 1411 1870 ea,
1444 1838 1551 1877 quae
1579 1824 1796 1878 perspicua
1819 1821 1973 1867 dicunt,

203 1888 354 1928 deinde
387 1887 573 1928 ordinem
608 1895 826 1936 secuntur,
861 1895 942 1929 tum
976 1890 1076 1943 quid
1111 1902 1255 1928 verum
1289 1888 1342 1926 sit
1372 1887 1413 1925 in
1446 1887 1621 1939 singulis
1657 1892 1844 1926 extrema
1875 1896 1972 1923 cou-

202 1951 334 1991 elusio
367 1956 440 1990 est.
502 1949 540 1990 9.
574 1951 739 1999 Quanta
771 1958 906 1991 autem
940 1952 989 1991 ab
1022 1952 1103 1991 illis
1129 1953 1305 1990 varietas
1332 1955 1671 2001 argumentorum
1695 1949 1856 1987 ratione
1877 1960 1974 1987 con-

201 2012 458 2052 cludentium
483 2026 715 2066 eorumque
739 2028 832 2053 cum
856 2015 1052 2067 captiosis
1076 2013 1472 2065 interrogationibus
1493 2010 1812 2051 dissimilitudo!
1848 2010 1972 2059 Quid,

203 2075 316 2129 quod
356 2075 544 2128 pluribus
587 2076 686 2116 locis
724 2078 845 2130 quasi
890 2077 1160 2122 denuntiant,
1217 2081 1261 2114 ut
1299 2088 1436 2126 neque
1479 2088 1679 2113 sensuum
1721 2072 1842 2112 tidem
1884 2074 2022 2120 sine30

199 2138 363 2177 ratione
405 2152 481 2177 nec
522 2139 696 2179 rationis
741 2140 829 2179 sine
862 2139 1054 2178 sensibus
1087 2139 1356 2191 exquiramus
1388 2144 1511 2191 atque
1545 2143 1590 2177 ut
1621 2151 1764 2177 eorum
1797 2137 1973 2176 alterum

200 2197 251 2239 ab
283 2200 413 2239 altero
446 2214 490 2239 ne
522 2204 792 2254 separemus?
842 2201 980 2250 Quid?
1014 2214 1081 2247 ea,
1114 2214 1220 2252 quae
1253 2200 1459 2240 dialectici
1490 2214 1601 2240 nunc
1632 2199 1801 2239 tradunt
1831 2204 1871 2238 et
1902 2198 1974 2237 do-

200 2268 315 2309 cent,
346 2276 486 2302 nonne
519 2263 569 2303 ab
602 2264 684 2303 illis
715 2264 903 2304 instituta
934 2265 1062 2303 sunt?
1107 2265 1168 2302 De
1201 2264 1352 2317 quibus
1385 2263 1462 2303 etsi
1491 2276 1513 2303 a
1537 2263 1770 2316 Chrysippo
1793 2262 1973 2302 maxime

288 2483 318 2512 2¹.
345 2482 427 2512 Zeno
452 2483 476 2513 A
495 2485 537 2514 B:
566 2485 594 2512 et
618 2482 700 2512 Zeno
726 2482 750 2512 O
779 2499 813 2503 —
841 2481 897 2520 qui
921 2481 960 2511 ab
985 2490 1020 2511 co
1045 2483 1068 2512 A
1085 2482 1129 2512 B:
1157 2480 1197 2511 ab
1223 2490 1257 2512 eo
1283 2481 1339 2521 qui
1363 2481 1387 2511 O
1409 2498 1441 2502 -
1470 2482 1500 2512 Ξ.
1526 2482 1697 2511 voluerunt
1721 2480 1784 2511 BE
1813 2498 1845 2502 —
1872 2481 1975 2511 relin—

201 2536 342 2573 querunt
367 2535 392 2563 A
420 2550 453 2554 -
482 2535 513 2564 5.
540 2532 589 2572 At]
616 2536 673 2562 aul
699 2532 722 2562 E
743 2549 776 2553 —
805 2535 946 2561 conatur
972 2532 1025 2562 cd.
1046 2532 1179 2562 Veneta
1205 2541 1234 2562 a.
1256 2531 1355 2569 4480,
1384 2532 1559 2567 Davisius,
1587 2532 1785 2562 Ernestius:
1811 2534 1975 2561 conanim-

201 2582 303 2614 codd.
341 2582 435 2613 «Sed
463 2591 631 2613 numerus
656 2581 798 2622 pluralis
824 2581 890 2612 hoc
916 2580 993 2612 loco
1011 2584 1108 2613 ortus
1134 2584 1187 2612 est
1212 2590 1229 2612 e
1256 2580 1552 2621 praecedentibus
1577 2581 1973 2621 loquantur--fingyunl,

201 2633 384 2663 deserunt.»
411 2633 470 2663 Oa.
502 2650 535 2654 —
563 2633 593 2663 6.
622 2635 781 2662 nosti-nm.
815 2632 903 2661 Vides
920 2632 1099 2663 Daxisius:
1129 2635 1286 2662 nostrum.
1314 2632 1440 2662 incendi
1466 2632 1567 2671 iyilw·
1593 2632 1679 2670 (ey-90
1698 2631 1731 2668 Β)
1757 2639 1809 2660 eos
1832 2631 1887 2669 (lui
1912 2640 1976 2660 au—

200 2684 303 2713 diunt.
330 2682 420 2712 uides
444 2685 467 2713 A
486 2682 530 2717 B:
566 2686 727 2712 nos-[rum.
762 2682 906 2711 Incendit
932 2682 1035 2721 iyt'sier
1059 2691 1126 2719 eos,
1154 2682 1210 2722 (Ιαί
1235 2682 1385 2712 andiunt.
1418 2682 1507 2711 Vides
1530 2682 1560 2711 M
1592 2698 1635 2703 —
1663 2683 1787 2719 quanla
1811 2688 1862 2710 res
1886 2680 1908 2710 B
1937 2697 1972 2701 —-

201 2733 230 2764 7.
256 2735 336 2772 σθαι
361 2731 416 2762 ed.
436 2732 567 2762 veneta
593 2740 622 2762 a.
651 2733 662 2762 l
678 2731 754 2768 280,
782 2730 885 2767 aliae,
913 2732 1091 2762 Davisius:
1119 2741 1202 2771 aytis
1225 2733 1250 2762 A
1266 2732 1288 2762 Β
1308 2732 1378 2762 CM
1403 2749 1436 2752 —
1464 2734 1499 2761 ut
1524 2731 1657 2762 Circeiis
1681 2739 1750 2761 om.
1770 2731 1794 2761 B
1816 2748 1850 2751 —
1877 2740 1975 2761 witm-

200 2783 276 2812 dum
308 2785 410 2811 [olum
441 2782 525 2812 hunc
549 2782 572 2811 Β
602 2799 635 2802 -
671 2782 701 2811 8.
728 2782 871 2811 lucendi!
890 2798 937 2803 -—
955 2782 1094 2812 audiunt
1119 2791 1136 2811 a
1162 2790 1265 2812 versu
1299 2782 1316 2811 6
1343 2782 1411 2811 huc
1444 2782 1657 2820 transposuit
1690 2781 1866 2811 Davisius:
1903 2790 1972 2811 om.

201 2830 303 2862 codd.
331 2833 365 2861 et
390 2831 419 2861 M
446 2848 480 2852 —
509 2831 539 2861 9.
566 2832 742 2869 restinyicec
768 2840 837 2861 om.
868 2831 892 2861 Β
920 2847 953 2851 ——
983 2829 1017 2861 ίῖι
1043 2832 1066 2861 Β
1095 2849 1128 2852 -
1157 2832 1208 2861 40.
1236 2840 1345 2871 regsem
1363 2849 1410 2853 --
1428 2830 1609 2861 rhetoribus
1632 2830 1762 2861 Nonius
1786 2839 1820 2870 p.
1842 2829 1914 2861 464.
1938 2848 1970 2852 ν-

201 2881 252 2912 43.
276 2883 428 2919 pzmyzmt
452 2882 497 2910 A:
522 2884 673 2919 pungywzl
697 2882 781 2911 enim
809 2882 830 2911 Β
847 2882 876 2911 M
900 2898 933 2902 —-
961 2881 1161 2921 interrogati
1184 2880 1323 2911 vinculis
1348 2881 1370 2911 B
1388 2881 1410 2914 E
1432 2898 1466 2902 —-
1498 2879 1544 2911 ¹4.
1572 2880 1656 2910 idem
1678 2880 1762 2910 AB:
1787 2880 1883 2911 iidem
1909 2881 1938 2911 M
1950 2881 1974 2910 Ο

205 2947 238 2952 —-
267 2930 318 2960 46.
346 2929 528 2969 aliquando
554 2931 576 2961 Β
593 2931 615 2961 E
643 2948 676 2952 —
706 2932 757 2960 49.
786 2930 836 2969 iis]
861 2930 908 2960 liis
932 2932 956 2960 A
977 2931 999 2960 B
1016 2931 1045 2961 M
1068 2949 1099 2952 —
1131 2930 1256 2960 (lucibus
1280 2939 1349 2960 om.
1370 2930 1393 2960 B
1415 2947 1448 2950 —
1476 2930 1529 2959 20.
1556 2933 1756 2960 commolare
1779 2930 1909 2969 gestiret
1926 2931 1970 2967 A;

202 2982 362 3009 commota
387 2979 536 3018 regyistire
561 2980 582 3009 B
596 2980 618 3010 E
641 2998 674 3002 —
700 2989 732 3010 se
750 2980 786 3016 (si
803 2980 837 3017 B)
853 2980 1029 3018 praeclare
1045 2982 1068 3010 A
1085 2981 1121 3010 B:
1150 2980 1324 3018 praeclare
1341 2988 1373 3009 se
1390 2980 1414 3009 O
1435 2996 1469 3000 —
1496 2978 1633 3009 habebat
1650 2988 1732 3009 nos:
1759 2979 1875 3010 habeat
1891 2980 1971 3015 AB:

203 3029 318 3059 habent
338 3029 403 3059 ΜΟ
424 3046 456 3050 -—
486 3030 537 3059 ²22.
565 3030 764 3069 diffinierunt
790 3033 834 3067 A:
861 3030 1087 3069 (Iifflniiiericut
1110 3030 1134 3059 P,
1151 3030 1174 3060 E
1202 3047 1235 3050 —·
1270 3029 1320 3060 ²24„
1350 3030 1486 3067 nemque
1511 3030 1548 3059 cle
1572 3030 1595 3059 B
1623 3029 1808 3066 <[]()1]ΙΞ)-
1838 3030 1889 3059 25.
1916 3038 1975 3059 ue-

204 3081 361 3109 nenerunl
386 3079 411 3108 A
432 3094 466 3100 -—
495 3079 547 3108 26.
574 3088 637 3109 esse
661 3082 864 3119 suspectum
890 3080 950 3110 suit
975 3080 1113 3110 Bremio
1134 3096 1169 3101 —
1197 3088 1255 3112 ea,
1283 3088 1368 3118 quae
1393 3079 1435 3109 D:
1468 3087 1573 3116 eaque
1589 3080 1648 3110 AB
1671 3096 1703 3100 —
1734 3079 1784 3109 ⁴28.
1807 3080 1974 3117 (maulam

206 3129 230 3159 B
244 3128 266 3158 E
286 3144 320 3149 —
347 3127 399 3158 30.
423 3127 572 3165 pluribus
590 3132 633 3159 A:
658 3129 811 3167 plurimis
835 3130 857 3159 Β
874 3130 897 3160 (J
919 3146 952 3150 —
980 3132 1013 3159 ul
1040 3138 1120 3159 neue
1137 3147 1153 3151 -
1167 3146 1184 3151 —
1203 3137 1263 3158 neu
1281 3129 1420 3158 rationis
1436 3128 1655 3168 Wesenberg
1677 3128 1720 3158 ad
1739 3136 1788 3158 or.
1810 3137 1842 3168 p.
1863 3128 1973 3158 Sestio

207 3186 240 3218 p.
268 3177 320 3207 36.
350 3194 382 3198 —
417 3178 467 3206 31.
495 3178 563 3208 sine
587 3186 655 3208 om.
684 3179 746 3209 AB
775 3196 808 3200 —
836 3183 870 3209 uc
894 3179 975 3209 AB:
1006 3187 1074 3209 om.
1103 3179 1127 3209 Ο
1154 3195 1187 3199 —-
1216 3178 1266 3208 32.
1293 3186 1332 3208 ne
1362 3177 1570 3209 Lambinus:
1599 3187 1668 3209 om.
1696 3178 1798 3209 codd.
1826 3180 1859 3209 et
1884 3180 1908 3208 O
1936 3195 1970 3200 -

209 3226 260 3256 33.
285 3226 431 3256 ins-{itum
463 3231 536 3256 sunt
565 3227 642 3257 cod.
670 3227 848 3259 Leidensis
878 3228 1055 3267 Madvigii:
1088 3229 1237 3259 instituta
1267 3231 1340 3258 sunl
1364 3228 1499 3259 inuenta
1523 3232 1596 3259 sunt
1620 3232 1643 3260 A
1660 3229 1699 3262 1³;
1727 3228 1874 3258 instituta
1898 3230 1972 3257 sunt

208 3279 237 3306 et
260 3276 389 3307 inventa
415 3284 494 3307 cum
521 3276 575 3307 cd.
602 3277 734 3307 Iuntina
760 3277 796 3308 Ο.
