2249 3624
501 190 589 229 Lm.
621 190 651 228 1.
695 189 791 229 ομ».
823 188 1148 228 xxl—xxm.
1187 186 1246 240 §5
1278 185 1470 227 54—03.
1795 186 1877 228 385

109 301 201 340 dico
243 304 379 338 tamen
421 295 471 334 de
513 308 556 334 re
596 296 772 334 obscura
819 301 945 348 atque
993 293 1152 333 diflicili
1199 308 1221 334 a
1265 300 1304 333 te
1347 294 1503 333 dictum
1545 307 1636 333 esse
1677 293 1876 342 dilucide,

107 375 244 416 neque
275 358 492 399 sententiis
524 358 659 396 solum
692 358 880 410 copiose,
925 357 997 396 sed
1032 357 1166 396 verbis
1208 358 1330 396 etiam
1364 358 1549 396 ornatius
1581 371 1706 409 quain
1740 358 1877 397 solent

105 424 244 465 vestri.
301 419 367 460 ὺ9.
400 422 632 466 Zenonem,
674 434 799 472 quem
831 420 948 458 Philo
981 427 1122 458 noster
1155 419 1439 472 coryphaeum
1481 420 1690 472 appellare
1722 421 1875 473 Epicu-

104 500 269 527 reorum
301 484 480 530 solebat,
513 496 606 522 cum
629 483 802 521 Athenis
835 496 991 528 essem,
1024 483 1241 522 audiebam
1265 483 1506 536 frequenter
1530 489 1569 522 et
1591 482 1758 536 quidem
1784 484 1875 535 ipso

104 554 270 589 auctore
303 546 500 593 Philone,
532 545 669 589 credo,
704 551 745 584 ut
777 544 941 583 facilius
974 546 1211 590 imlicarem,
1245 559 1366 598 quam
1401 545 1471 583 illa
1502 545 1607 584 hene
1634 545 1907 585 refellerem-5

103 617 181 656 tur,
212 623 304 649 cum
336 622 358 648 a
391 608 580 661 principe
614 608 913 659 Epicureorum
946 608 1202 659 accepissem
1235 622 1358 660 quem
1403 607 1453 646 ad
1488 609 1654 646 modum
1689 607 1876 646 diceren-

102 678 182 712 tur.
233 674 324 712 Non
356 672 482 723 igitur
513 670 602 715 ille,
636 676 680 708 ut
713 670 923 722 plerique,
966 670 1037 708 sed
1073 670 1150 708 isto
1184 670 1326 715 modo,
1366 676 1408 709 ut
1441 677 1505 715 tu,
1538 670 1753 716 distincte,
1786 683 1877 721 gra-

105 736 227 781 viter,
259 740 417 775 ornate.
469 733 549 771 Sed
584 732 694 785 quod
728 733 768 770 in
803 732 874 771 illo
909 732 1008 771 mihi
1042 746 1117 771 usu
1152 745 1276 784 saepe
1310 733 1441 777 venit,
1476 733 1583 771 idem
1612 733 1750 779 inodo,
1783 746 1875 771 cum

103 804 141 837 te
172 798 380 843 audirem,
412 795 648 841 accidebat,
685 801 726 833 ut
760 795 932 834 moleste
956 795 1106 833 ferrem
1131 800 1287 833 tantum
1313 795 1524 844 ingenium
1547 818 1600 822 —
1622 795 1731 833 bona
1757 795 1877 834 venia

102 874 167 899 me
199 859 342 899 audies
373 881 428 887 —-
459 858 500 896 in
535 864 615 896 tam
649 857 784 902 leves,
818 871 867 896 ne
901 857 1034 896 dicam
1059 858 1098 896 in
1125 863 1204 896 tam
1231 858 1392 909 ineptas
1415 859 1642 897 sententias
1667 857 1876 897 incidisse.
1894 867 1927 895 10

101 921 168 962 60.
199 923 283 961 Nec-
315 935 392 973 ego
425 934 535 960 nunc
568 920 656 972 ipse
688 920 847 972 aliquid
881 919 1065 958 adferam
1090 920 1264 962 meliusz
1302 926 1343 958 ut
1367 920 1477 959 enim
1499 921 1624 960 modo
1650 921 1757 967 dixi,
1790 934 1876 959 om-

101 985 222 1024 nibus
262 982 348 1023 fere
390 984 433 1022 in
465 983 610 1027 rebus,
654 982 726 1021 sed
761 983 941 1022 maxime
973 984 1014 1022 in
1047 982 1232 1035 physicis
1266 983 1363 1034 quid
1400 996 1481 1021 non
1515 984 1569 1022 sit
1600 984 1720 1023 citius
1753 997 1877 1036 quam

102 1047 202 1100 quid
244 1047 297 1086 sit
336 1046 527 1085 dixerim.
589 1045 722 1083 xxn.
755 1045 891 1097 Roges
930 1059 1017 1091 me,
1062 1044 1164 1098 qnid
1196 1050 1267 1084 aut
1301 1045 1424 1098 quale
1457 1046 1509 1084 sit
1540 1045 1665 1091 deus,
1708 1051 1876 1085 auctore

100 1114 194 1149 utar
225 1108 462 1155 Simonide,
495 1108 546 1147 de
579 1121 662 1161 qno
696 1120 789 1146 cum
823 1108 1103 1160 quaesivisset
1132 1106 1213 1146 hoc
1246 1107 1355 1146 idem
1389 1114 1587 1161 tyrannus
1619 1108 1769 1155 Hiero,
1807 1107 1878 1147 de-

101 1171 306 1211 liberandi
347 1171 425 1210 sibi
467 1184 595 1210 unum
629 1169 738 1209 diem
782 1170 1034 1222 postulavi&
1079 1184 1171 1209 cnm
1204 1169 1314 1209 idem
1348 1184 1400 1209 ex
1433 1184 1482 1210 eo
1517 1170 1719 1224 postridie
1752 1181 1928 1224 quae-⁴5

99 1239 230 1280 reret,
269 1233 443 1273 biduum
486 1233 660 1286 petivit;
704 1245 798 1271 cum
831 1232 997 1285 saepius
1031 1232 1267 1285 duplicaret
1299 1246 1519 1273 numerum
1552 1233 1714 1273 dierum
1746 1233 1877 1273 admi-

99 1309 282 1349 ransque
304 1296 433 1335 Hiero
457 1295 710 1349 requireret,
745 1308 817 1334 cur
838 1295 897 1334 ita
918 1294 1091 1342 faceret,
1126 1295 1254 1342 Quia,
1281 1301 1438 1348 quanto
1461 1295 1618 1335 diutius
1640 1297 1876 1344 considero,

99 1358 257 1412 inquit,
289 1364 402 1398 tanto
434 1358 535 1397 mihi
568 1371 632 1397 res
665 1356 834 1397 videtur
864 1357 1092 1397 obscurior.
1143 1357 1223 1396 Sed
1249 1357 1496 1397 Simoniden
1518 1358 1698 1398 arbitror
1718 1374 1876 1398 ——non

101 1421 211 1461 enim
243 1426 367 1474 poeta
399 1420 536 1460 solum
569 1420 729 1466 suavis,
761 1433 906 1459 verum
939 1420 1065 1460 etiam
1098 1420 1316 1473 ceteroqui
1340 1420 1490 1461 doctus
1519 1421 1774 1475 sapiensque
1798 1427 1879 1461 tra-

101 1483 212 1523 ditur
234 1507 306 1531 —,
340 1484 438 1538 quia
469 1483 600 1523 multa
623 1483 811 1522 venirent
837 1482 879 1522 in
903 1489 1085 1523 mentem
1107 1490 1227 1524 acuta
1249 1491 1375 1538 atque
1398 1485 1583 1533 subtilia,
1605 1485 1878 1534 dubitantem,
1892 1493 1931 1521 20

101 1545 203 1599 quid
235 1559 382 1586 eorum
405 1552 514 1586 esset
534 1545 817 1593 verissimum,
850 1546 1097 1598 desperasse
1120 1560 1286 1586 omnem
1308 1548 1536 1588 veritatem.
1582 1545 1649 1587 61.
1672 1549 1879 1602 Epicurus

101 1622 200 1649 vero
241 1614 337 1650 tuus
368 1632 421 1637 -—
452 1622 547 1648 nam
589 1621 682 1649 cum
722 1608 795 1648 illo
833 1608 944 1648 malo
977 1608 1183 1649 disserere
1216 1623 1342 1663 quam
1381 1616 1519 1650 tecum
1552 1634 1603 1639 -
1636 1612 1736 1664 quid
1768 1612 1880 1660 dicit,

75 1671 216 1725 ·quod
247 1685 332 1712 non
364 1671 489 1712 modo
523 1671 792 1724 philosophia
823 1672 994 1724 dignum
1028 1678 1158 1719 esset,
1190 1672 1265 1712 sed
1297 1672 1495 1712 mediocri
1526 1673 1785 1726 prudentia?

214 1734 441 1782 Quaeritur
472 1735 653 1788 primum
693 1734 735 1773 in
769 1747 817 1774 ea
849 1734 1118 1787 quaestione,
1160 1749 1269 1789 quae
1312 1742 1375 1776 est
1414 1736 1465 1776 de
1506 1745 1656 1777 natura
1691 1737 1880 1786 deorum,

103 1797 241 1838 sintne
274 1798 315 1837 di
346 1810 479 1837 necne
511 1797 606 1837 sint.
657 1794 834 1836 Difficile
867 1801 930 1836 est
961 1810 1129 1849 negare.
1174 1798 1323 1846 Credo,
1356 1799 1389 1839 si
1420 1800 1462 1839 in
1486 1800 1682 1841 contione
1706 1814 1880 1855 quaera-
1894 1815 1930 1844 25

101 1865 185 1908 tur,
218 1860 290 1900 sed
322 1861 363 1900 in
394 1860 519 1900 huius
551 1859 663 1899 modi
698 1872 891 1899 sermone
924 1864 965 1899 et
997 1873 1195 1900 consessu
1217 1861 1476 1902 facillimum.
1520 1863 1669 1917 Itaque
1692 1877 1768 1916 ego
1791 1864 1880 1917 ipse

98 1923 313 1976 pontifex,
346 1923 419 1977 qui
450 1923 726 1963 caerimonias
758 1923 1072 1976 religionesque
1104 1923 1292 1975 publicas
1325 1925 1583 1965 sanctissime
1614 1926 1790 1966 tuendas
1817 1940 1881 1966 ar-

98 1985 250 2034 bitror,
293 1986 328 2026 is
360 1988 460 2033 hoc,
493 1984 605 2038 quod
639 1985 820 2038 primum
853 1990 936 2033 est,
977 1999 1068 2025 esse
1101 1985 1224 2033 deos,
1265 1988 1509 2040 persuaderi
1541 1987 1643 2027 mihi
1675 2002 1757 2028 non
1790 1989 1881 2042 opi-

100 2047 227 2088 nione
259 2048 417 2095 solum,
450 2048 522 2088 sed
556 2047 680 2087 etiam
711 2047 762 2087 ad
787 2049 1000 2088 veritatem
1024 2043 1147 2101 p‘lane
1172 2049 1309 2089 velim.
1356 2038 1489 2090 Multa
1510 2052 1621 2090 enim
1644 2057 1880 2100 occurrunt,

102 2124 210 2164 quae
243 2112 514 2158 conturbent,
546 2115 591 2150 ut
621 2109 831 2150 interdum
863 2110 967 2151 nulli
998 2124 1091 2151 esse
1123 2111 1359 2152 videantur.
1410 2111 1476 2153 62.
1509 2113 1592 2153 Sed
1616 2113 1720 2161 vide,
1755 2127 1879 2168 quam
1893 2128 1930 2157 30

101 2178 239 2212 tecum
269 2186 388 2226 agam
419 2173 674 2213 liberaliter:
707 2186 816 2226 quae
848 2175 1087 2214 communia
1118 2180 1215 2214 sunt
1237 2174 1354 2214 vobis
1388 2189 1482 2215 cum
1515 2176 1665 2216 ceteris
1696 2176 1882 2230 philoso-

102 2235 215 2288 phis,
254 2249 337 2275 non
379 2237 602 2289 attingam,
644 2242 689 2276 ut
720 2235 798 2276 hoc
829 2237 995 2289 ipsum;
1040 2237 1177 2289 placet
1208 2237 1320 2276 enim
1352 2239 1544 2278 omnibus
1576 2237 1662 2279 fere
1695 2241 1880 2294 mihique

102 2297 181 2350 ipsi
211 2299 254 2338 in
284 2299 429 2351 primis
461 2299 562 2339 deos
595 2313 710 2347 esse,
742 2300 883 2352 itaque
914 2313 999 2339 non
1030 2313 1195 2352 pugno;
1228 2300 1431 2340 rationem
1463 2307 1601 2342 tamen
1634 2315 1738 2350 eam,
1771 2316 1880 2356 quae

102 2372 126 2400 a
155 2366 196 2399 te
226 2360 429 2409 adfertur,
461 2375 543 2401 non
575 2363 675 2402 satis
706 2362 867 2401 firmam
898 2368 1015 2414 puto.
1076 2362 1231 2401 XXIII.
1265 2362 1388 2410 Quod
1421 2364 1532 2403 enim
1562 2366 1750 2405 omnium
1781 2379 1881 2418 gen-

102 2422 203 2461 tium
234 2434 520 2478 generumque
550 2424 792 2464 hominibus
824 2425 880 2464 ita
913 2424 1135 2471 videretur,
1166 2424 1209 2463 id
1241 2425 1338 2464 satis
1371 2438 1565 2478 magnum
1591 2434 1879 2480 argumentum
1894 2441 1930 2470 35

103 2496 193 2523 esse
235 2485 394 2533 dixisti,
435 2501 510 2526 cur
548 2501 639 2527 esse
671 2486 773 2526 deos
813 2484 1118 2527 confiteremur.
1172 2486 1293 2535 Quod
1327 2501 1420 2527 cum
1453 2488 1544 2528 leve
1576 2503 1652 2542 per
1682 2503 1750 2537 se,
1792 2494 1878 2529 tum

103 2546 226 2587 etiam
256 2547 407 2588 falsum
439 2555 513 2590 est.
553 2550 735 2590 Primum
767 2552 877 2590 enim
902 2550 1011 2590 unde
1034 2549 1107 2590 tibi
1131 2555 1255 2590 notae
1278 2556 1373 2590 sunt
1394 2551 1612 2603 opiniones
1637 2552 1878 2592 nationum?

101 2607 309 2662 Equidem
349 2611 527 2652 arbitror
567 2613 719 2653 multas
761 2626 854 2652 esse
894 2619 1038 2665 gentes
1072 2613 1129 2652 sic
1164 2613 1409 2653 inmanitate
1443 2614 1655 2662 efferatas,
1689 2620 1735 2654 ut
1764 2614 1878 2668 apud

104 2683 172 2712 eas
202 2672 316 2713 nulla
345 2675 529 2729 suspicio
551 2675 726 2716 deorum
757 2675 822 2715 sit.
872 2673 937 2714 63.
967 2675 1111 2724 Quid?
1142 2675 1366 2728 Diagoras,
1398 2674 1529 2723 εἴδεος
1551 2676 1623 2729 qui
1645 2677 1781 2717 dictus
1803 2682 1879 2725 est,

191 2870 221 2901 t.
247 2871 372 2911 difficili
396 2872 420 2903 E
446 2874 481 2903 et
504 2871 595 2912 (ante
620 2880 780 2905 rasuram
805 2874 909 2905 unius
934 2872 1080 2911 litterae,
1109 2882 1199 2914 quae
1224 2873 1363 2905 videtur
1387 2873 1492 2905 fuisse
1516 2874 1546 2913 a)
1573 2875 1637 2906 AB
1653 2876 1701 2907 C:
1729 2876 1878 2916 difficilia

106 2914 148 2953 P;
175 2917 368 2958 difficillima
392 2922 416 2953 O
445 2939 479 2943 —-
506 2931 571 2954 esse
595 2923 765 2954 deluiicide
788 2925 834 2961 A,
861 2932 927 2955 esse
951 2924 1095 2956 delucide
1120 2926 1142 2955 P
1162 2942 1197 2946 —
1224 2923 1254 2955 4.
1282 2928 1359 2955 essee
1383 2926 1409 2955 A
1425 2925 1448 2955 E
1466 2925 1511 2962 (in
1527 2926 1554 2955 A
1571 2928 1581 2955 ι
1599 2928 1777 2967 estsuper
1793 2928 1875 2965 ras)

110 2982 145 2988 —
170 2966 200 2998 9.
227 2971 393 3002 acciderat
416 2972 481 3002 AC
498 2972 522 3003 E
549 2990 584 2994 —
613 2972 664 3003 4⁴2.
690 2973 744 3003 sed
768 2971 818 3005 Qt:
846 2977 875 3004 et
899 2975 924 3005 O
950 2990 987 2996 —
1015 2975 1067 3006 ⁴5.
1094 2983 1197 3005 unum
1217 2975 1442 3013 postulauero.
1471 2974 1551 3005 Cum
1577 2976 1599 3005 P
1621 2993 1654 2998 —
1681 2976 1733 3007 46.
1757 2977 1876 3016 petiuit

108 3021 197 3047 corr.
224 3025 264 3048 ex
287 3022 417 3057 putavit
437 3022 461 3052 B
483 3040 517 3044 —
544 3022 595 3053 Δ17.
614 3026 825 3061 requaereret
848 3026 871 3055 P
891 3041 925 3045 —
953 3028 1078 3064 quanio
1102 3025 1224 3055 diutius
1239 3024 1408 3055 considero
1426 3024 1531 3063 inquit
1547 3026 1573 3055 Α
1587 3024 1609 3055 Β
1625 3025 1648 3056 C
1665 3025 1689 3056 E
1706 3034 1711 3055 1
1740 3030 1875 3065 quanto,

107 3063 230 3105 inquit,
255 3068 379 3100 diutius
401 3071 568 3102 considero
593 3072 693 3110 ΡιἫΟ
715 3090 747 3093 -
778 3074 829 3104 18.
854 3075 916 3115 res]
942 3083 1011 3113 spes
1026 3073 1066 3106 Ἦ.
1095 3074 1144 3106 Cf.
1162 3074 1227 3105 vol.
1246 3076 1270 3105 ΙΙ
1290 3084 1321 3114 p.
1339 3074 1392 3111 80,
1408 3074 1462 3105 ⁶23.
1484 3091 1518 3096 —
1538 3075 1718 3106 simoniden
1742 3078 1768 3106 Α
1785 3076 1808 3107 Β
1825 3078 1849 3107 C
1867 3086 1873 3107 :

44 3150 46 3158 k
107 3114 307 3149 Simonidem
330 3119 355 3150 E
369 3121 391 3151 P
406 3120 431 3151 O
451 3137 485 3142 —
514 3122 565 3152 49.
585 3125 753 3161 ceteroque
778 3121 807 3154 »it
827 3141 861 3145 —
888 3124 942 3156 ΞΟ.
961 3125 1098 3163 suptilia
1124 3125 1188 3155 B—
1216 3125 1268 3156 22.
1288 3124 1387 3155 mallo
1404 3125 1427 3154 Α
1449 3141 1483 3146 -
1511 3124 1563 3156 23.
1582 3128 1628 3155 sec
1644 3127 1669 3156 Α
1689 3142 1723 3146 -
1745 3126 1795 3156 25.
1814 3127 1878 3157 sinc

44 3161 47 3179 ⁵
107 3171 146 3195 ne
170 3174 260 3197 corr.
287 3176 328 3199 ex
353 3169 416 3200 sine,
438 3179 496 3201 nec
520 3171 543 3201 B
571 3188 605 3192 —
634 3172 666 3202 di
689 3171 750 3202 A²z
778 3172 828 3203 dei
852 3173 875 3204 B
891 3175 931 3210 P3
964 3175 1002 3205 ἀῐ
1024 3175 1072 3207 C:
1102 3175 1147 3205 dii
1172 3174 1195 3205 E
1211 3174 1235 3205 O
1263 3191 1297 3196 —
1328 3175 1531 3206 contentione
1554 3177 1577 3206 P
1605 3192 1638 3196 —
1666 3175 1719 3206 26.
1746 3179 1775 3206 et
1797 3185 1878 3207 con-

47 3220 50 3259 'i

49 3267 53 3311 ἰ

107 3219 194 3244 sessu
216 3216 410 3249 Manutius:
444 3222 473 3250 et
496 3220 530 3250 in
551 3229 708 3252 consensu
732 3220 780 3258 ⁵213
813 3225 841 3253 et
866 3223 899 3253 in
921 3232 1072 3254 consessu
1095 3224 1120 3254 O
1147 3241 1182 3246 —
1209 3224 1261 3255 ⁶27.
1288 3225 1497 3256 sanctissima
1520 3226 1708 3265 (superscr.
1735 3227 1761 3263 e)
1786 3227 1810 3257 B
1839 3245 1873 3249 —

107 3261 160 3293 28.
185 3263 212 3294 is
235 3274 327 3297 corr.
354 3268 388 3299 in
412 3270 451 3300 iis
475 3270 518 3307 B;
545 3271 593 3302 his
617 3272 641 3302 C
671 3289 705 3293 —
737 3271 789 3302 32.
816 3272 990 3313 adtingam
1012 3275 1039 3304 A
1055 3274 1078 3304 C
1109 3291 1142 3295 ——
1173 3273 1226 3304 33.
1253 3282 1338 3312 quae
1361 3278 1437 3306 ante
1460 3275 1611 3314 adfertur
1636 3276 1689 3312 (an
1714 3277 1793 3305 ante
1818 3284 1876 3305 ra-

108 3314 236 3354 suram)
262 3317 289 3347 A
315 3333 351 3339 ——
378 3318 432 3351 35.
458 3328 524 3354 esse
546 3325 780 3363 arqumentum
804 3321 829 3354 O
855 3338 889 3344 —
924 3322 977 3353 37.
1003 3325 1101 3355 notae
1123 3322 1181 3354 tibi
1205 3323 1230 3355 Ο
1257 3340 1293 3345 -
1319 3322 1372 3356 38.
1398 3327 1479 3365 aput
1503 3324 1527 3356 C
1556 3341 1590 3345 —
1619 3323 1672 3356 39.
1698 3324 1808 3357 atheos
1831 3324 1872 3358 ⁸21.

177 3379 294 3412 Cimo
319 3383 354 3414 T.
372 3384 423 3416 ιν.
1559 3384 1612 3427 25
