2249 3624
595 191 777 232 Laui.
829 191 924 231 cu».
947 192 1211 232 x111-xv.
1252 191 1311 245 §§
1334 191 1524 233 28-33.
1876 188 1958 230 917

199 303 365 345 dissime
396 298 694 352 respondisset,
726 312 816 338 cum
851 304 960 338 esset
993 299 1155 338 obiecta
1187 297 1493 351 magnificentia
1526 300 1648 340 villae
1681 300 1955 347 Tusculanae,

201 367 281 406 duo
311 378 353 405 se
384 362 535 403 habere
567 361 739 407 vicinos,
771 362 1028 414 superiorem
1062 362 1245 415 equitem
1281 363 1526 409 Romanum,
1559 363 1797 402 inferiorem
1830 362 1957 402 liber-

200 429 351 470 tinum:
397 437 571 480 quorum
620 438 711 462 cun]
754 430 894 463 essent
935 424 1178 475 magnificae
1222 425 1366 472 villae,
1407 425 1579 465 concedi
1624 426 1703 465 sibi
1746 431 1955 478 oportere,

203 490 312 546 quod
345 489 416 535 iis,
457 486 526 540 qui
560 485 769 525 inferioris
803 486 959 526 ordinis
993 492 1154 533 essent,
1196 488 1352 527 liceret.
1411 490 1502 527 Non
1537 488 1674 535 vides,
1719 486 1902 534 Luculle,
1934 500 1953 526 a

201 560 240 595 te
270 553 310 592 id
342 553 476 605 ipsum
507 554 670 595 natum,
703 554 748 587 ut
779 549 838 587 illi
872 551 1100 601 cuperent?
1135 550 1288 603 quibus
1321 550 1375 596 id,
1410 551 1441 590 si
1474 557 1515 590 tu
1551 564 1633 590 non
1666 550 1839 597 faceres,
1871 563 1954 589 non
1988 555 2005 583 5

199 615 352 656 liceret.
419 610 484 652 3l.
518 611 622 659 Quis
655 612 763 650 enim
797 611 923 651 ferret
955 613 1075 658 istos,
1109 626 1200 652 cum
1235 613 1395 652 videret
1428 626 1569 653 eorum
1603 614 1721 652 villas
1754 613 1883 665 signis
1916 617 1957 652 et

201 675 346 718 tabulis
378 674 570 720 refertas,
603 673 749 727 partim
785 674 985 726 publicis,
1018 676 1165 726 partim
1200 676 1323 714 etiam
1356 676 1483 714 sacris
1516 682 1555 715 et
1587 676 1824 727 religiosis?
1862 675 1955 729 quis

198 753 278 780 non
310 738 513 790 frangeret
545 750 688 776 eorum
721 736 938 782 libidines,
972 738 1049 776 nisi
1084 738 1143 776 illi
1178 738 1281 790 ipsi,
1315 738 1386 790 qui
1419 751 1488 778 eas
1519 738 1709 791 frangere
1743 737 1956 784 deberent,

198 800 493 853 cupiditatibus
526 799 681 839 eisdem
716 801 984 838 tenerentur?
1046 801 1154 839 xlv.
1189 802 1274 840 Nec
1306 801 1414 840 enim
1447 806 1606 840 tantum
1639 801 1735 840 mali
1768 805 1829 839 est
1860 812 1956 852 pec-

196 877 287 905 care
317 863 537 917 principes,
570 875 824 916 quamquam
857 867 919 901 est
952 874 1146 913 magnum
1179 862 1255 902 boc
1286 876 1358 916 per
1388 876 1431 902 se
1463 863 1596 915 ipsum
1625 862 1800 908 malum,
1823 874 1956 915 quan-
1974 868 2005 897 10

195 933 279 967 tum
319 924 450 972 illud,
496 924 608 979 quod
650 923 842 976 permulti
884 924 1112 964 imitatores
1153 926 1390 978 principum
1431 927 1647 965 exsistunt.
1718 926 1818 965 Nam
1860 924 1957 963 licet

194 989 357 1035 videre,
397 987 429 1027 si
473 987 575 1027 velis
616 987 819 1039 replicare
860 987 1102 1026 memoriam
1145 993 1402 1041 temporum,
1447 988 1776 1041 qualescumque
1807 987 1956 1027 summi

194 1050 371 1092 civitatis
403 1051 477 1090 viri
510 1050 677 1095 fuerint,
710 1050 832 1088 talem
866 1049 1074 1089 civitatem
1097 1049 1248 1089 fuisse:
1282 1063 1574 1104 quaecumque
1599 1050 1772 1090 mutatio
1795 1062 1954 1089 morum

194 1115 235 1154 in
267 1113 526 1167 principibus
557 1112 780 1158 exstiterit,
827 1113 999 1151 eandem
1040 1112 1079 1151 in
1121 1112 1277 1165 populo
1320 1118 1517 1152 secutam.
1577 1110 1642 1152 32.
1684 1111 1814 1165 quue
1846 1111 1954 1151 haud

194 1176 318 1232 paulo
350 1181 413 1215 est
442 1175 580 1215 verius
613 1188 738 1229 quam
771 1175 882 1228 quod
916 1175 1076 1214 Platoni
1110 1181 1251 1215 nostro
1282 1174 1435 1228 placet,
1469 1174 1539 1228 qui
1573 1175 1828 1214 musicorum
1860 1180 2004 1212 can-4⁵

194 1240 302 1280 tibus
333 1239 391 1278 ait
421 1237 588 1278 mutatis
621 1238 769 1277 mutari
803 1237 1013 1277 civitatum
1046 1242 1197 1277 status:
1229 1251 1304 1290 ego
1336 1242 1473 1277 autem
1496 1237 1697 1277 nobilium
1720 1237 1803 1276 vita
1827 1236 1956 1276 victu-

195 1315 276 1356 que
308 1306 464 1341 mutato
496 1314 630 1340 mores
662 1300 812 1340 mutari
844 1300 1057 1339 civitatum
1082 1305 1193 1352 puto.
1242 1300 1333 1348 Quo
1358 1300 1630 1353 perniciosius
1653 1299 1702 1339 de
1724 1313 1767 1339 re
1791 1299 1957 1352 publica

194 1370 405 1406 merentur
446 1363 582 1403 vitiosi
624 1363 862 1415 principe5‚
905 1362 1016 1416 quod
1051 1376 1133 1402 non
1166 1362 1299 1402 solum
1332 1362 1433 1401 vitia
1464 1363 1708 1415 concipiunt
1738 1362 1839 1416 ipsi,
1883 1361 1956 1400 sed

194 1441 242 1468 ea
272 1424 499 1466 infundunt
528 1425 571 1464 in
603 1426 834 1471 civitatem,
876 1438 1013 1477 neque
1046 1425 1178 1465 solum
1211 1424 1386 1471 obsunt,
1427 1426 1539 1477 quod
1571 1425 1652 1478 ipsi
1685 1437 1958 1477 corrumpun-

194 1496 270 1537 tur,
302 1488 375 1530 sed
407 1489 531 1528 etiam
564 1488 675 1541 quod
708 1493 982 1540 corrumpunt
1014 1487 1194 1541 plusque
1226 1487 1419 1541 exemplo
1452 1501 1574 1541 quam
1600 1492 1770 1541 peccato
1791 1491 1958 1526 nocent.
1972 1493 2008 1522 20

193 1554 328 1606 Atque
360 1551 463 1591 haec
494 1550 584 1598 lex,
616 1550 784 1590 dilatata
816 1551 857 1590 in
889 1549 1077 1590 ordinem
1110 1555 1319 1597 cunctum,
1351 1551 1612 1603 coangustari
1645 1550 1768 1589 etiam
1799 1553 1959 1601 potest3

194 1615 315 1669 pauci
349 1614 458 1654 enim
490 1618 617 1666 atque
649 1612 872 1653 admodum
907 1612 1026 1666 pauci
1060 1612 1221 1651 honore
1261 1617 1302 1651 et
1338 1612 1469 1665 gloria
1501 1610 1740 1665 amplificati
1772 1612 1836 1653 vel
1870 1625 1960 1651 cor-

194 1690 384 1729 rumpere
417 1689 554 1715 mores
586 1675 763 1715 civitatis
796 1675 861 1715 vel
894 1675 1103 1727 corrigere
1135 1679 1324 1727 possunt.
1386 1675 1466 1714 Sed
1499 1674 1601 1714 haec
1639 1680 1679 1714 et
1708 1688 1820 1714 nunc
1859 1674 1960 1714 satis

196 1746 236 1781 et
265 1742 306 1781 in
338 1739 420 1779 illis
452 1739 568 1778 libris
599 1743 770 1778 tractata
802 1743 897 1777 sunt
929 1738 1195 1789 diligentius:
1238 1751 1366 1790 quare
1398 1737 1449 1777 ad
1482 1737 1645 1790 reliqua
1675 1737 1904 1777 veniamus.

307 1802 396 1841 XV.
437 1799 502 1840 33.
545 1801 787 1840 Proximum
819 1807 881 1840 est
914 1807 1051 1841 autem
1093 1801 1143 1839 de
1175 1801 1405 1852 suffragiis,
1448 1813 1554 1853 quae
1586 1800 1710 1840 iubeo
1742 1805 1838 1840 nota
1869 1812 1960 1838 esse
1975 1807 2011 1836 25

199 1865 482 1920 optimatibus,
516 1863 671 1917 populo
705 1864 848 1904 libera.
909 1865 987 1903 Act.
1022 1865 1079 1903 lta
1112 1877 1176 1903 me
1208 1863 1375 1903 hercule
1407 1863 1580 1909 attendi,
1612 1876 1690 1902 nec
1720 1862 1819 1901 satis
1840 1860 1962 1901 intel-

196 1928 280 1968 lexi
312 1926 413 1981 quid
445 1927 524 1966 sibi
557 1927 628 1965 lex
659 1932 730 1966 aut
761 1926 863 1980 quid
895 1925 1022 1966 verba
1053 1926 1130 1965 ista
1163 1926 1329 1965 vellent.
1389 1927 1443 1965 M.
1474 1926 1631 1973 Dicam,
1665 1925 1770 1971 Tite,
1803 1928 1843 1964 et
1873 1937 1963 1963 ver-

197 1990 321 2031 sabor
350 1990 393 2029 in
424 2003 468 2029 re
501 1987 660 2029 difficili
693 2002 740 2028 ac
770 1989 947 2028 multum
982 1994 1020 2028 et
1051 2001 1176 2041 saepe
1208 1989 1419 2041 quaesita,
1442 1988 1638 2041 suffragia
1659 1986 1702 2027 in
1724 1988 1964 2040 magistratu

196 2051 432 2092 mandando
463 2065 511 2091 ac
541 2051 592 2091 de
623 2065 696 2091 reo
727 2050 954 2091 iudicando
986 2056 1112 2104 atque
1142 2051 1184 2091 in
1216 2050 1354 2103 legum
1386 2051 1603 2103 rogatione
1625 2050 1731 2090 clam
1753 2063 1805 2090 an
1827 2049 1964 2103 palam

195 2114 293 2154 ferri
325 2113 474 2154 melius
505 2119 628 2154 esset.
692 2113 738 2163 Q.
771 2114 834 2153 An
867 2113 992 2152 etiam
1023 2113 1065 2153 id
1098 2112 1269 2152 dubium
1302 2114 1395 2152 est?
1435 2125 1583 2151 vereor
1613 2125 1665 2151 ne
1696 2124 1720 2151 a
1749 2116 1789 2151 te
1820 2124 1964 2151 rursus
1978 2121 2014 2150 3ο

283 2232 314 2262 4.
339 2231 545 2270 respondisse
567 2228 697 2270 aliquot
721 2229 806 2260 dett.
833 2247 875 2252 —
899 2229 1028 2260 abiecta
1052 2230 1075 2260 B
1115 2247 1149 2251 —
1188 2230 1218 2260 2.
1246 2230 1326 2260 duos
1349 2228 1433 2260 dett.
1461 2227 1592 2269 aliquot-
1618 2244 1652 2249 —
1686 2228 1877 2259 interiorem
1900 2227 1964 2258 AB

199 2300 234 2304 —
261 2281 291 2313 3.
319 2285 432 2320 oporte
455 2282 479 2312 B
507 2299 542 2302 —
569 2279 598 2311 4.
627 2281 666 2311 iis
689 2282 744 2311 A2:
773 2280 800 2310 is
823 2278 862 2311 A¹
877 2280 914 2317 B,
934 2280 990 2318 vlais
1013 2280 1038 2310 O
1065 2296 1099 2301 -
1126 2279 1296 2319 inferioris
1320 2279 1511 2310 Victorius:
1539 2279 1708 2309 interioris
1732 2277 1810 2313 ΑΒ,
1837 2277 1966 2308 tenuio-

196 2332 244 2362 ris
267 2331 291 2362 O
317 2333 351 2363 et
375 2331 460 2363 dett.
492 2348 524 2351 —
552 2340 659 2361 nonne
684 2329 804 2361 Lamb.
836 2347 869 2351 —
897 2330 992 2361 adeid
1015 2327 1067 2367 Μ,
1101 2330 1143 2360 ad
1169 2330 1196 2360 ei
1220 2330 1254 2360 id
1279 2330 1300 2360 B
1341 2346 1374 2350 —
1414 2328 1444 2359 7.
1473 2331 1619 2366 repertas
1642 2327 1706 2359 AB
1735 2343 1767 2347 —
1805 2326 1877 2365 quis
1900 2335 1966 2356 mm

195 2381 364 2422 franyeret
393 2383 419 2412 A
449 2381 483 2411 in
515 2388 584 2411 ras.
618 2379 726 2410 habet
763 2396 795 2401 —
835 2378 866 2409 8.
892 2388 1005 2410 eorum
1028 2396 1081 2402 ——
1103 2379 1259 2419 Γναηῃενθ
1283 2380 1306 2410 Α
1334 2379 1367 2409 in
1393 2386 1504 2417 marg.
1531 2385 1577 2408 m.
1597 2378 1639 2415 ⁶2,
1677 2375 1740 2408 sed
1772 2375 1966 2407 admodum

198 2432 319 2462 vetere
346 2447 380 2452 —
409 2439 465 2462 eor
487 2430 631 2461 libidinis
654 2430 677 2460 B
705 2446 739 2451 —
767 2429 797 2460 9.
824 2429 1057 2468 cupiditatibus
1081 2430 1198 2461 eisdem
1221 2428 1413 2460 Lambinus
1439 2430 1471 2459 et
1496 2428 1514 2458 ἰ)
1540 2427 1639 2459 dett.:
1666 2427 1856 2466 cupiditatis
1879 2427 1966 2458 eius-

200 2481 271 2512 dem
293 2481 392 2512 ΑΒΟ
428 2480 588 2520 (deberent
612 2480 827 2519 cupiditales,
873 2480 988 2510 eisdem
1017 2480 1158 2519 Krause)
1198 2496 1232 2501 —
1271 2480 1324 2510 40.
1351 2487 1514 2519 quamque
1539 2481 1583 2509 est
1607 2480 1653 2515 Α,
1686 2476 1851 2516 quamque
1877 2476 1900 2506 B
1928 2493 1961 2497 -

202 2531 253 2562 ll.
277 2530 437 2570 permulto
460 2531 483 2561 Β
522 2547 555 2551 -
595 2530 739 2561 existunt
763 2532 808 2566 Α,
843 2528 906 2560 sed
932 2527 1034 2568 paulo
1059 2531 1137 2569 post
1163 2525 1201 2559 Αι
1225 2530 1390 2560 exstilerit
1426 2546 1459 2551 —
1501 2528 1551 2560 44.
1577 2531 1722 2560 secutam
1746 2526 1961 2567 Stephanus:

201 2584 388 2612 secuturam
412 2582 449 2618 A,
482 2588 632 2611 securam
659 2580 680 2610 Β
710 2596 742 2600 -
770 2579 866 2618 idque
890 2582 947 2609 auc
972 2579 1035 2609 AB
1063 2595 1097 2600 —
1128 2579 1178 2609 49.
1205 2580 1266 2618 ipsi
1291 2580 1377 2618 quod
1402 2579 1425 2610 O
1455 2596 1488 2601 —
1523 2579 1575 2609 21.
1603 2578 1708 2608 dilata
1732 2579 1770 2615 Α,
1797 2576 1859 2608 sed
1885 2584 1962 2616 sup.

201 2639 342 2662 versum
368 2629 448 2661 add.
475 2629 609 2669 syllaba
635 2633 670 2661 ta
695 2646 729 2651 —
758 2629 809 2660 ⁶22.
838 2629 945 2669 adque
969 2629 1007 2660 A¹
1032 2647 1073 2651 —-
1095 2629 1195 2668 pauc-i
1218 2631 1244 2660 A
1262 2638 1339 2670 sup.
1360 2628 1416 2661 lin,
1447 2645 1479 2650 -
1507 2629 1560 2659 ⁶25.
1584 2628 1778 2667 proximum
1794 2630 1838 2658 est
1855 2630 1966 2657 aulem

201 2680 397 2721 Stephanus
422 2681 457 2711 et
481 2680 672 2711 Manutius:
701 2679 879 2718 proximus
902 2681 1013 2709 autem
1036 2682 1080 2709 ese
1104 2681 1130 2709 A
1146 2679 1181 2716 B,
1206 2681 1401 2719 proximum
1425 2682 1535 2709 autem
1559 2681 1605 2709 esc
1629 2678 1665 2708 Ο.
1715 2678 1819 2708 Recte
1846 2677 1966 2707 monet

201 2731 292 2762 Bake
319 2731 496 2769 proximus
527 2733 646 2762 natum
678 2738 755 2761 esse
787 2738 828 2760 cx
853 2728 1044 2769 proximus!
1074 2738 1186 2769 eoque
1212 2729 1403 2769 depravato
1429 2732 1473 2759 esc
1498 2727 1614 2759 denuo
1639 2726 1796 2758 additum
1823 2734 1900 2757 esse
1929 2743 1963 2747 —

202 2779 447 2820 deinsuffrayiis
471 2782 494 2811 Α
511 2780 546 2817 Β,
584 2780 617 2810 in
655 2788 724 2819 quo
760 2779 832 2809 dein
868 2779 904 2810 de
928 2780 1022 2818 suffr.
1050 2778 1159 2810 latere
1185 2781 1310 2820 potest.
1342 2796 1373 2800 —
1413 2778 1466 2810 26.
1494 2777 1634 2809 mercule
1657 2777 1721 2808 ΑΒ
1749 2793 1782 2798 -
1809 2774 1966 2806 *aliendi

202 2831 242 2866 A,
268 2822 391 2860 &ciendi
414 2829 457 2867 B,
484 2830 517 2861 in
542 2832 567 2862 A
594 2829 675 2862 nihil
701 2828 792 2860 aliud
819 2830 883 2860 nisi
908 2828 1020 2861 littera
1045 2839 1060 2860 s
1085 2831 1145 2870 (me
1174 2828 1328 2868 hercules)
1355 2836 1456 2859 erasa
1492 2827 1641 2858 videtur.
1684 2845 1715 2848 —
1756 2826 1807 2857 28.
1835 2824 1966 2865 difficile

202 2878 227 2909 B
254 2895 288 2900 -
315 2879 349 2909 in
373 2887 442 2910 om.
464 2879 488 2911 O
517 2898 549 2902 —
577 2880 629 2912 29.
656 2889 695 2911 ac
719 2880 756 2910 de
779 2888 834 2910 reo
852 2880 1027 2918 --palam
1052 2880 1177 2920 scripsi
1202 2878 1410 2918 Madxigium
1437 2878 1658 2918 potissimum
1682 2877 1840 2907 secutus:
1869 2883 1912 2905 an
1929 2874 1966 2905 de

202 2937 258 2960 reo
281 2929 458 2960 iudicando
482 2929 537 2968 qui
560 2939 594 2960 in
617 2929 684 2970 leye
708 2932 767 2960 aut
789 2930 960 2969 royalione
984 2930 1130 2960 clamant
1151 2929 1265 2968 palam
1295 2928 1374 2959 AB:
1411 2930 1472 2957 aut
1493 2935 1548 2957 reo
1572 2926 1767 2962 iudicando,
1795 2923 1874 2965 [aut]
1899 2923 1966 2964 [eye

204 2982 262 3009 aut
289 2979 462 3019 rogatione
492 2980 674 3018 sciscenda,
707 2980 793 3009 clam
824 2988 868 3009 an
892 2979 1010 3018 palam
1042 2980 1079 3011 O.
1129 2980 1244 3017 «Quae
1272 2978 1395 3008 Bakius
1421 2975 1490 3006 tolli
1515 2975 1603 3013 volt,
1637 2978 1670 3006 et
1694 2976 1771 3016 apta
1796 2975 1894 3011 sunt,
1929 2975 1967 3003 ut

206 3029 322 3059 statim
354 3029 585 3068 significetur,
617 3028 734 3070 plures
765 3037 843 3060 esse
875 3037 1017 3068 causas,
1052 3030 1085 3060 in
1111 3028 1239 3069 quibus
1264 3027 1425 3067 suffragia
1459 3027 1491 3057 in
1517 3027 1665 3058 comitiis
1690 3026 1864 3064 ferantur,
1896 3033 1965 3056 non

209 3076 368 3110 eiusdem
393 3087 516 3110 omnes
541 3080 690 3119 generis,
719 3086 784 3110 nec
808 3077 852 3109 ab
877 3077 945 3109 ullo
970 3078 1106 3110 adiecta
1132 3080 1260 3109 essent.
1309 3077 1376 3108 Sed
1401 3079 1497 3108 recte
1522 3077 1607 3108 vidit
1630 3075 1720 3108 male
1746 3076 1907 3116 distingui
1930 3076 1965 3106 in

209 3127 276 3168 lege
306 3131 379 3158 aut
409 3128 598 3168 rogatione,
636 3128 801 3168 quoniam
837 3128 890 3158 lec
917 3132 1069 3169 royatur.
1134 3127 1276 3158 Videtur
1306 3128 1427 3158 Cicero
1463 3127 1665 3167 scripsisse:
1700 3128 1736 3158 in
1765 3127 1967 3167 magistratu

209 3177 410 3216 mandando,
436 3179 470 3208 in
492 3186 548 3209 reo
571 3178 759 3215 iudicando,
787 3178 816 3207 in
841 3178 947 3218 legum
972 3178 1143 3217 rogalione
1165 3177 1251 3208 clam
1268 3187 1311 3208 an
1324 3178 1439 3216 palam
1459 3177 1540 3216 ferri
1555 3177 1670 3208 melius
1683 3180 1795 3208 esset.»
1821 3176 1963 3207 Manno.

212 3226 374 3258 Extrema
404 3227 453 3258 sic
484 3226 706 3258 emendanda
732 3228 851 3257 censet
876 3226 1024 3258 Vahlen:
1062 3227 1291 3265 sciscendaque
1314 3227 1344 3257 in
1371 3227 1438 3266 leae
1461 3230 1518 3258 aut
1542 3228 1712 3266 rogatione
1736 3228 1802 3258 etc.
1839 3242 1872 3247 —
1911 3224 1963 3255 30.

212 3275 294 3315 ferri
318 3276 424 3307 Bake:
451 3277 538 3316 serre
561 3279 585 3308 A
603 3277 624 3307 B
640 3277 663 3307 O
693 3292 724 3298 —
753 3277 830 3307 ΛΠ.
857 3276 905 3307 Αη
921 3293 937 3298 -
952 3293 968 3298 —
986 3276 1118 3307 dubium
1143 3276 1211 3306 est?
1238 3278 1353 3315 (n‘lxr.
1379 3277 1495 3306 Vereor
1512 3284 1549 3307 ne
1572 3278 1638 3307 etc.
1667 3276 1711 3311 O;
1738 3276 1826 3308 haec
1850 3274 1965 3306 omnia

215 3324 340 3363 Quinto
364 3325 548 3359 tribuenda
574 3334 651 3358 esse
677 3328 771 3357 recte
797 3326 881 3358 vidit
903 3326 1006 3366 Bake,
1034 3327 1070 3358 ut
1094 3326 1163 3358 iam
1187 3327 1266 3357 ante
1292 3334 1374 3357 eum
1397 3324 1586 3358 Lambinus
1610 3325 1751 3358 fecerat.
