2249 3624
523 171 638 212 PAR.
660 172 731 214 111.
765 171 858 212 CAr.
882 173 932 212 ΙΙ.
963 171 990 225 §
1013 171 1065 213 ⁶25
1087 195 1140 202 —
1157 173 1270 213 PAR.
1292 173 1359 213 IV.
1393 172 1488 214 CAr.
1511 174 1541 213 Ι.
1572 171 1599 226 §
1622 171 1688 212 ⁵20.
1897 167 1971 210 751

224 278 387 320 animus
430 277 716 331 magnitudine
764 278 954 326 consilii,
1005 280 1225 319 tolerantia
1268 293 1406 320 rerum
1451 280 1752 327 humanarum,
1798 284 1981 320 contem-

223 344 366 396 ptione
396 341 609 387 fortunae,
649 341 870 380 virtutibus
902 342 1081 395 denique
1114 343 1305 382 omnibus
1347 348 1390 382 ut
1426 343 1641 382 moenibus
1684 347 1852 395 saeptus
1893 342 1982 381 vin-

224 411 340 446 cetur
378 411 419 444 et
459 403 793 456 expugnabitur,
836 405 904 458 qui
945 418 995 444 ne
1032 406 1196 445 civitate
1227 395 1396 457 quidem
1428 406 1525 457 pelli
1558 406 1721 458 potest?
1772 405 1888 452 Quae
1921 409 1983 444 est

223 467 333 508 enim
355 467 527 507 civitas?
573 466 774 505 Omnisne
806 473 1036 507 conventus
1068 469 1190 508 etiam
1223 468 1403 507 ferorum
1427 474 1467 507 et
1491 468 1760 507 immanium?
1793 468 1982 507 omnisne

222 530 346 570 etiam
390 528 660 581 fugitivorum
699 541 745 567 ac
786 528 991 569 latronum
1032 537 1279 583 congregata
1319 544 1446 569 unum
1489 531 1530 569 in
1562 530 1698 570 locum
1730 529 2013 569 multitud0?5

223 593 342 632 Certe
371 591 556 644 negabis.
616 591 707 629 Non
747 591 873 642 igitur
910 598 997 631 erat
1035 593 1106 632 illa
1136 600 1222 632 tum
1253 593 1420 639 civitas,
1460 606 1552 632 cum
1586 593 1697 645 leges
1729 594 1769 632 in
1802 605 1849 632 ea
1880 591 1981 631 nihil

221 654 435 701 valebant,
476 667 568 693 cum
600 652 754 692 iudicia
785 654 997 701 iacebant,
1037 669 1130 695 cum
1163 669 1251 694 mos
1284 655 1438 707 patrius
1470 655 1700 702 occiderat,
1742 669 1834 695 cum
1874 654 1983 693 ferro

220 716 356 770 pulsis
387 715 694 767 magistratibus
726 716 754 766 ἦ·
786 722 955 756 senatus
987 731 1139 757 nomen
1179 719 1220 757 in
1253 732 1296 757 re
1327 718 1494 771 publica
1531 732 1614 758 non
1646 723 1745 758 erat.
1805 716 1984 757 Praedo-

220 793 320 819 num
350 778 422 818 ille
453 791 682 818 concursus
725 783 767 818 et
808 784 847 818 te
889 779 992 819 duce
1024 781 1289 820 latrocinium
1321 781 1363 819 in
1393 780 1482 820 foro
1515 782 1786 820 constitutum
1819 786 1859 820 et
1888 780 1985 819 reli-

221 842 345 895 quiae
377 841 679 881 coniurationis
710 854 734 881 a
767 840 968 882 Catilinae
1008 842 1125 882 furiis
1167 843 1218 882 ad
1259 849 1375 883 tuum
1414 844 1550 884 scelus
1587 843 1855 896 furoremque
1886 846 2034 882 con-¹0

221 917 365 944 versae
396 917 480 944 non
512 904 658 943 civitas
691 909 789 944 erat.
850 902 916 943 ⁶28.
948 906 1096 959 Itaque
1128 906 1275 958 pulsus
1308 919 1383 959 ego
1415 907 1579 946 civitate
1611 920 1695 946 non
1728 920 1843 953 sum,
1875 917 1984 958 quae

221 967 334 1006 nulla
366 972 475 1007 erat:
506 967 733 1007 accersitus
766 968 807 1007 in
840 966 1046 1007 civitatem
1079 981 1183 1015 sum,
1216 982 1308 1008 cum
1341 975 1451 1009 esset
1482 971 1522 1009 in
1555 982 1598 1008 re
1628 968 1795 1021 publica
1826 967 1985 1014 consul,

221 1030 293 1083 qui
324 1036 412 1070 tum
443 1029 583 1069 nullus
614 1028 761 1077 suerat,
795 1036 905 1069 esset
935 1036 1117 1077 senatus,
1150 1031 1221 1084 qui
1253 1037 1340 1071 tum
1372 1032 1593 1078 occiderat,
1626 1036 1735 1070 esset
1755 1042 1985 1071 consensus

221 1092 366 1145 populi
396 1093 514 1139 liber,
547 1097 658 1132 esset
687 1092 789 1132 iuris
821 1098 861 1132 et
891 1093 1129 1146 aequitatis,
1162 1106 1268 1146 quae
1300 1093 1436 1133 vincla
1468 1099 1565 1133 sunt
1595 1093 1787 1140 civitatis,
1808 1092 1986 1145 repetita

220 1155 434 1194 memoria.
493 1156 550 1194 Ac
581 1154 676 1194 vide
716 1168 840 1207 quam
879 1155 957 1194 ista
994 1156 1053 1195 tui
1085 1155 1294 1195 latrocinii
1326 1156 1409 1195 tela
1440 1157 1774 1209 contempserim.
1833 1156 1985 1195 Iactam
2002 1159 2035 1187 15

221 1222 263 1257 et
292 1218 507 1258 inmissam
548 1231 570 1258 a
602 1224 641 1258 te
674 1217 875 1258 nefariam
908 1219 948 1257 in
980 1231 1046 1257 me
1078 1218 1272 1258 iniuriam
1304 1231 1468 1272 semper
1498 1219 1619 1259 duxi:
1663 1219 1903 1272 pervenisse
1935 1217 1986 1257 ad

221 1292 286 1319 me
317 1293 544 1334 numquam
576 1282 730 1334 putavi,
762 1280 841 1321 nisi
873 1279 992 1328 sorte,
1025 1294 1116 1321 cum
1147 1282 1325 1334 parietes
1356 1281 1618 1322 disturbabas
1650 1287 1721 1322 aut
1752 1295 1844 1321 cum
1865 1280 1986 1321 tectis

222 1342 445 1382 sceleratas
476 1342 587 1382 faces
622 1340 854 1391 inferebas,
893 1357 1077 1384 meorum
1108 1344 1272 1398 aliquid
1304 1358 1424 1384 ruere
1456 1351 1527 1384 aut
1557 1345 1784 1397 deflagrare
1814 1343 1987 1383 arbitra-

221 1402 333 1445 bare.
400 1402 466 1444 29.
506 1405 619 1445 Nihil
655 1419 795 1459 neque
835 1420 975 1446 meum
1014 1412 1076 1446 est
1128 1421 1267 1460 neque
1307 1408 1614 1460 quoiusquam,
1666 1406 1777 1460 quod
1818 1405 1987 1452 auferri,

223 1466 335 1521 quod
367 1467 492 1521 eripi,
531 1468 644 1522 quod
685 1469 818 1509 amitti
850 1474 1002 1522 potest.
1067 1469 1110 1509 Si
1142 1470 1243 1509 mihi
1276 1470 1502 1522 eripuisses
1533 1470 1717 1510 divinam
1748 1469 1875 1508 animi
1908 1468 1987 1508 mei
2001 1472 2038 1501 20

222 1531 523 1578 constantiam,
564 1544 653 1570 cum
683 1531 786 1570 meis
821 1531 952 1578 curis,
984 1531 1160 1584 vigiliis,
1193 1533 1378 1573 consiliis
1410 1538 1539 1572 staret
1568 1538 1608 1572 te
1640 1532 1890 1571 invitissimo
1921 1543 1987 1570 res

221 1593 413 1646 publica3
461 1594 494 1633 si
536 1593 659 1633 huius
704 1594 863 1633 aeterni
910 1592 1103 1635 beneficii
1148 1595 1414 1635 inmortalem
1466 1593 1706 1636 memoriam
1747 1593 1987 1639 delevisses,

222 1656 351 1696 multo
383 1657 506 1696 etiam
540 1657 683 1709 magis,
716 1657 750 1696 si
783 1656 896 1696 illam
928 1663 1123 1703 mentem,
1153 1658 1265 1697 unde
1297 1658 1400 1698 haec
1432 1658 1603 1698 consilia
1629 1662 1866 1704 manarunt,
1891 1655 1988 1695 mihi

223 1719 472 1772 eripuisses,
504 1726 590 1759 tum
623 1731 698 1772 ego
731 1718 944 1771 accepisse
976 1734 1042 1761 me
1073 1721 1295 1761 confiterer
1325 1721 1538 1761 iniuriam.
1600 1721 1682 1761 Sed
1713 1721 1747 1759 si
1778 1719 1881 1759 haec
1912 1731 1987 1757 nec

221 1780 358 1821 fecisti
397 1795 473 1822 nec
512 1781 649 1822 facere
688 1782 889 1835 potuisti,
934 1784 1117 1824 reditum
1158 1783 1259 1823 mihi
1299 1784 1527 1836 gloriosum
1566 1783 1720 1822 iniuria
1759 1787 1828 1822 tua
1859 1780 1986 1826 dedit,
2002 1784 2038 1813 95

222 1857 307 1884 non
339 1845 508 1884 exilium
543 1845 846 1885 calamitosum.
892 1845 1002 1898 Ergo
1035 1859 1111 1899 ego
1143 1859 1307 1899 semper
1338 1847 1453 1894 civis,
1486 1851 1527 1886 et
1556 1851 1642 1886 tum
1673 1845 1866 1891 maxime,
1896 1855 1988 1883 cum

222 1919 355 1946 meam
387 1907 563 1947 salutem
597 1914 764 1948 senatus
797 1909 951 1948 exteris
985 1910 1243 1956 nationibus,
1284 1915 1327 1947 uc
1361 1908 1461 1948 civis
1502 1908 1685 1962 optumi,
1722 1905 1987 1947 commenda-

221 1968 310 2016 bat,
360 1974 404 2009 tu
444 1984 495 2009 ne
535 1982 646 2010 nunc
687 1970 880 2024 quidem,
921 1971 1001 2010 nisi
1040 1970 1148 2012 forte
1190 1971 1299 2011 idem
1338 1971 1469 2012 hostis
1512 1984 1603 2011 esse
1636 1975 1675 2010 et
1706 1970 1806 2009 civis
1837 1974 1987 2022 potest.

221 2033 285 2070 An
316 2036 362 2071 tu
393 2033 524 2072 civem
555 2033 606 2072 ab
638 2033 757 2074 hoste
788 2039 934 2073 natura
975 2047 1021 2074 ac
1059 2034 1176 2083 loco,
1219 2048 1303 2074 non
1334 2035 1472 2074 animo
1502 2033 1707 2086 factisque
1738 2031 1988 2084 distinguis?

223 2201 256 2233 in
274 2200 464 2234 Elementis
490 2203 613 2244 philos.
639 2205 769 2236 stoicae
795 2205 936 2238 moralis
961 2215 1037 2248 cap.
1056 2206 1117 2238 ⁴29
1143 2216 1175 2247 p.
1192 2207 1231 2238 77
1256 2207 1351 2237 recte
1370 2206 1458 2237 haec
1477 2207 1678 2237 monuerat:
1706 2204 1905 2236 «Paradoxo
1922 2204 1989 2236 hoc

223 2254 346 2292 quarto
364 2252 577 2293 probaverat
595 2255 732 2286 Cicero:
763 2256 858 2286 Solus
881 2257 1010 2296 sapiens
1033 2265 1132 2288 sanus
1155 2261 1217 2293 αεὶ,-
1243 2265 1351 2288 omnes
1374 2260 1483 2288 aulem
1506 2256 1594 2287 stulti
1619 2255 1800 2293 insaniunt,
1826 2253 1889 2286 sed
1908 2253 1989 2285 illud

223 2300 327 2332 hodie
359 2310 427 2333 non
453 2305 556 2335 extat.
605 2305 753 2336 Tantum
784 2306 993 2346 principium
1026 2307 1099 2338 eius
1131 2305 1305 2346 reliquum
1339 2309 1392 2337 est
1420 2305 1649 2337 huiusmodo:
1690 2305 1761 2345 Eyo
1784 2313 1862 2336 vero
1887 2308 1916 2336 ce
1938 2320 1987 2327 --

222 2350 318 2382 rebus
339 2352 517 2384 advincam
540 2356 740 2386 necessariis.
784 2355 926 2396 Reliqua
953 2365 1044 2396 quae
1070 2360 1266 2397 sequuntur
1291 2356 1373 2388 nihil
1398 2365 1478 2387 cum
1504 2357 1571 2386 hoc
1596 2354 1774 2387 Paradoxo
1800 2362 1988 2385 commune

223 2400 373 2440 habent,
405 2402 468 2434 sed
492 2402 584 2434 aliud
608 2403 759 2444 probare
785 2405 987 2445 intendunt,
1024 2406 1128 2438 solum
1153 2405 1285 2437 scilicet
1308 2407 1487 2445 sapientem
1510 2414 1574 2438 esse
1597 2406 1718 2436 civem:
1750 2413 1859 2435 omnes
1881 2408 1990 2435 autem

222 2451 337 2482 stultos
359 2460 426 2483 esse
447 2453 570 2484 exules.
608 2471 642 2476 —
694 2456 807 2492 Quare
833 2456 867 2487 si·
886 2457 963 2496 quis
995 2455 1110 2487 locum
1142 2455 1236 2487 illum
1267 2455 1431 2496 supplere
1465 2457 1497 2486 et
1527 2454 1789 2495 deperditorum
1820 2453 1989 2484 iacturam

223 2502 353 2532 sarcire
377 2500 470 2539 velit,
498 2512 551 2541 ea,
579 2512 668 2543 quae
694 2514 762 2536 non
787 2504 888 2545 longe
914 2515 932 2536 a
957 2506 1126 2546 principio
1152 2506 1242 2537 tertii
1260 2506 1535 2537 Tusculanarum
1560 2505 1638 2536 libri
1662 2502 1755 2545 apud
1781 2504 1990 2535 Ciceronem

223 2549 396 2590 leguntur,
429 2551 520 2584 illinc
544 2562 727 2586 assumere
753 2557 858 2595 atque
883 2556 952 2587 huc
975 2555 1165 2587 transferre
1191 2554 1331 2586 debet.»
1371 2556 1439 2586 Nos
1464 2555 1602 2594 signum
1626 2552 1770 2585 lacunae
1795 2556 1874 2594 post
1895 2555 1990 2585 insa-

223 2608 295 2631 mre
319 2601 513 2640 posuimus,

312 2651 342 2681 ⁴.
369 2651 558 2684 tollerantia
582 2655 608 2685 A
648 2670 684 2677 —
722 2654 754 2685 2.
779 2655 901 2695 saeptis
925 2655 962 2687 Βι
989 2673 1023 2677 -
1051 2655 1080 2687 3.
1107 2664 1146 2686 ne
1170 2655 1250 2686 AB:
1276 2663 1335 2686 nec
1358 2654 1385 2684 V
1411 2671 1445 2676 —
1469 2654 1548 2693 pelli
1570 2653 1599 2683 V
1623 2654 1656 2684 in
1680 2661 1789 2693 marg.
1816 2661 1864 2684 m.
1890 2653 1921 2685 2.
1951 2671 1986 2676 —

223 2697 256 2730 4.
280 2698 430 2738 ferarum
455 2701 482 2732 V
520 2720 555 2725 -—
592 2703 623 2735 5.
650 2703 700 2744 ac]
725 2704 787 2736 hac
810 2706 834 2736 B
869 2722 904 2727 —
943 2705 974 2735 6.
1001 2705 1161 2745 negabitis
1184 2704 1212 2735 V
1245 2722 1278 2727 —
1318 2705 1348 2735 7.
1370 2704 1500 2743 patrios
1524 2704 1561 2734 Βι
1587 2719 1622 2724 -
1650 2703 1680 2734 8.
1707 2706 1838 2734 senatus
1860 2703 1991 2735 nomine

223 2749 259 2780 in
280 2758 318 2781 re
337 2750 444 2789 publ„
468 2760 533 2782 non
556 2761 593 2784 re
614 2756 690 2784 erac
712 2754 882 2793 Borgers:
910 2757 1044 2786 senatus
1068 2762 1183 2785 nomen
1207 2754 1241 2784 in
1264 2763 1301 2785 re
1319 2763 1352 2793 p.
1381 2754 1480 2785 inane
1503 2756 1575 2784 erat
1599 2751 1824 2793 Peerlkamp;
1857 2756 1991 2784 senatus

223 2798 274 2830 vel
296 2808 413 2831 nomen
435 2801 469 2831 in
492 2810 529 2832 re
547 2811 583 2841 p.
609 2812 674 2834 non
698 2808 770 2834 erat
800 2804 915 2835 Moser
948 2803 1123 2843 (debebat
1147 2803 1290 2835 saltem:
1327 2807 1458 2835 senatus
1488 2811 1527 2833 ne
1551 2811 1665 2833 nomen
1689 2803 1818 2841 quidem
1840 2802 1875 2833 in
1897 2811 1934 2834 re
1953 2812 1988 2842 p.

225 2851 321 2889 erat).
362 2850 452 2882 Vera
475 2851 615 2883 videtur
638 2853 809 2893 Borgersii
835 2854 1047 2892 emendatio,
1073 2853 1244 2893 quidquid
1269 2853 1429 2885 dissentit
1453 2853 1561 2884 Heine
1586 2851 1607 2882 1.
1627 2853 1683 2883 cit.
1709 2861 1742 2893 p.
1759 2853 1832 2884 ⁴2⁴.
1870 2853 1991 2884 Diver-

226 2906 283 2930 sas
318 2899 501 2931 hominum
536 2900 722 2933 doctorum
757 2903 950 2935 sententias
986 2903 1029 2934 de
1066 2903 1133 2934 hoc
1167 2902 1245 2934 loco
1281 2903 1458 2942 congessit
1487 2902 1643 2933 Moserus
1676 2902 1709 2933 in
1745 2902 1811 2933 Vll.
1839 2911 1990 2934 excursu

227 2956 260 2988 p.
281 2946 343 2979 343
367 2957 446 2989 sqq.
473 2966 508 2971 —
538 2950 589 2981 ⁴⁴.
614 2960 719 2981 nonsu
742 2953 768 2982 Α
796 2968 831 2974 -
859 2952 910 2982 ⁴2.
938 2953 1115 2984 accersitus
1141 2952 1184 2983 C:
1211 2954 1386 2984 arcessitus
1409 2952 1434 2983 O
1462 2968 1495 2974 —-
1530 2951 1582 2983 ⁴4.
1609 2951 1689 2982 liber
1712 2951 1753 2982 C:
1782 2951 1875 2984 liberi
1899 2953 1923 2983 O
1952 2969 1987 2975 —

225 2998 359 3029 vincula
382 2999 407 3030 Ο
435 3016 466 3023 -
495 3003 625 3038 repetea
647 3001 676 3031 V
703 3018 737 3023 —
766 3002 817 3032 ⁴5.
843 3010 883 3032 ac
906 3001 945 3033 Αἱ
962 3003 1004 3032 V:
1031 3003 1092 3032 hac
1115 3000 1192 3033 A'2B
1223 3020 1251 3025 —
1282 3003 1344 3033 isla
1369 3002 1415 3032 tui
1440 3001 1463 3032 B
1489 3009 1579 3031 corr.
1606 3010 1648 3032 ex
1671 3002 1771 3032 statui
1805 3018 1840 3024 —
1874 3002 1939 3033 tela
1963 3000 1990 3032 V

229 3054 319 3077 corr.
346 3055 388 3078 ex
411 3047 477 3079 tale
513 3065 548 3071 -
586 3050 638 3082 ⁴8.
664 3059 779 3081 reuere
802 3049 855 3090 V¹,
882 3052 915 3083 in
940 3054 966 3083 Α
990 3051 1123 3092 syllaba
1148 3061 1190 3082 ru
1214 3053 1246 3082 in
1272 3060 1339 3082 ras.
1380 3068 1413 3072 —
1452 3050 1619 3090 dellayare
1642 3051 1703 3081 AB
1731 3068 1766 3074 —
1798 3052 1851 3083 ⁴9.
1877 3052 1991 3082 cums-

229 3104 329 3134 quam
352 3096 416 3128 ΒΟ
453 3113 488 3119 -
526 3098 579 3130 20.
605 3101 748 3131 ammitli
770 3097 808 3131 B¹
846 3117 882 3123 —
922 3102 975 3133 2⁴.
1002 3111 1076 3133 cum
1100 3103 1179 3133 meis
1202 3102 1290 3132 curis
1313 3118 1331 3123 -
1347 3117 1365 3123 -
1388 3104 1490 3131 staret
1519 3104 1548 3132 te
1570 3101 1762 3132 invitissimo
1786 3110 1838 3133 res
1857 3101 1991 3140 publica

229 3144 371 3184 scripsi:
406 3147 487 3177 meis
516 3149 605 3180 curis
632 3150 757 3189 uigiliis
786 3150 930 3182 consiliis
959 3155 1048 3183 stare
1077 3156 1107 3183 te
1129 3152 1324 3183 inanissimo
1349 3159 1417 3181 rem
1438 3159 1471 3189 p.
1501 3151 1545 3181 C:
1584 3159 1674 3182 meas
1697 3160 1812 3189 curas,
1842 3152 1989 3191 vigilias,

228 3194 377 3233 consilia,
403 3196 519 3234 quibus
540 3207 594 3230 res
612 3199 746 3239 publica
768 3204 798 3231 te
820 3201 1014 3232 invitissimo
1037 3205 1101 3232 stac
1125 3202 1149 3232 Ο
1177 3219 1212 3223 -
1240 3199 1290 3231 24.
1311 3199 1471 3238 accipisse
1493 3200 1517 3230 B
1545 3217 1579 3222 —
1605 3200 1658 3231 ⁶26.
1685 3201 1822 3232 emiliam
1845 3201 1987 3241 scripsi:

229 3244 356 3275 exitum
381 3245 444 3277 CO
469 3264 505 3270 —
533 3256 590 3288 eqo
614 3257 672 3289 eqo
697 3249 725 3280 V
763 3267 798 3271 —
836 3250 888 3281 Ξῖ.
913 3254 949 3281 ut
973 3259 1041 3282 om.
1063 3252 1087 3282 C
1116 3268 1151 3273 —
1184 3250 1237 3280 28.
1264 3250 1297 3280 ni
1320 3249 1404 3287 forte
1427 3249 1450 3280 B
1479 3267 1513 3272 —
1539 3253 1628 3289 potes
1651 3259 1692 3282 ac
1714 3254 1749 3281 tu
1771 3251 1875 3281 ciuem
1898 3251 1925 3281 V
1952 3267 1988 3273 —

228 3292 281 3325 29.
307 3297 450 3327 naturae
472 3294 578 3339 A¹v¹,
602 3299 736 3331 nacione
758 3298 904 3340 Bentley
927 3302 1036 3340 recte,
1063 3302 1099 3331 ut
1122 3297 1279 3337 videtum
1303 3298 1442 3339 fortuna
1465 3299 1576 3331 Heine
1603 3317 1639 3323 -
1671 3300 1849 3341 destinquis
1872 3300 1924 3333 ΑΙ.
