2249 3624
303 115 385 158 Mo
685 118 754 158 DE
785 116 989 158 FINIBUS
1022 116 1284 160 BONORUM
1312 119 1381 158 ET
1411 119 1677 161 MALORUM

301 229 443 278 factis,
490 230 562 284 qui
607 229 811 284 permulta
850 229 902 269 ob
943 243 1034 270 eam
1064 243 1189 270 unam
1221 244 1388 272 causam
1418 231 1598 280 faciunt,
1648 231 1747 285 quia
1780 231 1916 280 decet,
1965 233 2064 286 quia

299 300 483 341 rectum,
531 293 631 346 quia
676 292 896 333 honestum
932 298 1014 340 est,
1062 293 1139 332 etsi
1176 294 1338 334 nullum
1374 299 1693 335 consecuturum
1735 294 2063 334 emolumentum

299 356 454 397 vident.
511 355 713 395 Homines
749 355 883 402 enim,
921 356 997 394 etsi
1033 355 1124 395 aliis
1160 356 1323 403 multis,
1359 362 1498 397 tamen
1535 357 1614 397 hoc
1658 369 1741 395 uno
1784 357 2009 409 plurimum
2041 370 2064 396 a

299 420 442 460 bestiis
487 418 704 463 differunt,
749 416 862 470 quod
908 418 1113 457 rationem
1157 417 1313 458 habent
1356 432 1379 458 a
1418 425 1566 458 natura
1612 419 1747 458 datam
1795 424 2063 472 mentemque

269 497 435 528 5acrem
480 486 521 520 et
562 479 771 531 vigentem
811 479 1112 533 celerrimeque
1153 481 1283 521 multa
1322 482 1444 521 simul
1484 482 1709 534 agitantem
1741 486 1801 528 et,
1841 487 1887 520 ut
1916 482 1973 520 ita
2003 481 2064 520 di-

298 559 407 591 cam,
448 555 659 596 sagacem,
704 554 810 593 quae
850 546 891 581 et
927 555 1073 582 causas
1110 555 1248 583 rerum
1291 548 1332 583 et
1362 544 1680 584 consecutiones
1711 544 1851 585 videat
1881 548 1920 583 et
1951 544 2065 583 simi-

298 608 497 647 litudines
536 603 758 644 transferat:
796 608 837 643 et
876 603 1085 644 disiuncta
1124 606 1352 659 coniungat
1390 612 1429 646 et
1468 621 1560 646 cum
1598 607 1887 659 praesentibus
1926 606 2065 646 futura

297 669 465 722 copulet
499 680 753 719 omnemque
794 667 1097 719 complectatur
1125 669 1232 708 vitae
1270 670 1567 723 consequentis
1598 674 1763 709 statum.
1821 669 2065 722 Eademque

298 734 403 773 ratio
448 730 546 771 fecit
589 729 802 769 hominem
846 730 1064 770 hominum
1103 736 1369 784 appetentem
1408 745 1585 785 cumque
1626 732 1676 770 iis
1714 737 1860 771 natura
1901 737 1942 772 et
1979 744 2066 770 ser-

249 813 283 841 ⁴0
299 808 420 835 mone
461 798 501 833 et
541 805 621 832 usu
663 797 982 844 congruentem,
1020 799 1066 833 ut
1111 793 1318 846 profectus
1365 807 1388 834 a
1431 795 1600 834 caritate
1647 793 1971 833 domesticorum
2018 806 2065 832 ac

297 870 467 899 suorum
509 860 647 908 serpat
684 854 850 907 longius
891 860 932 894 et
967 868 1012 894 se
1041 855 1228 908 implicet
1258 856 1436 908 primum
1473 856 1648 902 civium,
1691 855 1842 895 deinde
1880 856 2066 895 omnium

298 919 537 961 mortalium
569 917 791 965 societate,
823 921 972 971 atque,
1003 923 1049 958 ut
1078 918 1129 958 ad
1160 919 1384 972 Archytam
1416 919 1583 970 scripsit
1612 918 1753 965 Plato,
1794 931 1879 957 non
1913 918 1991 958 sibi
2021 931 2064 957 se

298 984 375 1024 soli
414 987 555 1021 natum
595 980 854 1027 meminerit,
901 981 975 1020 sed
1012 981 1190 1033 patriae,
1238 980 1310 1020 sed
1350 981 1458 1027 suis,
1503 985 1549 1020 ut
1587 981 1818 1034 perexigua
1853 995 1948 1034 pars
1984 981 2066 1034 ipsi

296 1045 571 1098 relinquatur.
631 1040 697 1082 46.
728 1043 781 1082 Et
811 1042 1010 1096 quoniam
1042 1043 1187 1083 eadem
1214 1049 1361 1082 natura
1383 1043 1654 1096 cupiditatem
1685 1045 1876 1096 ingenuit
1905 1044 2063 1084 homini

247 1108 384 1154 115veri
423 1104 613 1152 videndi,
657 1105 770 1159 quod
815 1105 1014 1144 facillime
1051 1111 1244 1158 apparet,
1290 1119 1383 1145 cum
1422 1105 1540 1145 vacui
1581 1106 1691 1145 curis
1732 1106 1855 1146 etiam
1890 1106 1990 1160 quid
2021 1106 2064 1145 in

299 1171 414 1211 caelo
448 1167 518 1209 fiat
549 1169 653 1208 scire
684 1181 878 1215 avemus,
921 1168 986 1207 his
1016 1168 1148 1207 initiis
1180 1168 1337 1207 inducti
1370 1168 1510 1207 omnia
1540 1181 1637 1208 vera
1668 1168 1899 1220 diligimus,
1930 1169 1971 1208 id
2003 1173 2066 1208 est

296 1233 460 1280 fidelia,
493 1231 721 1283 simplicia,
754 1230 1005 1277 constantia,
1038 1235 1123 1269 tum
1145 1243 1272 1276 vana,
1304 1230 1428 1277 falsa,
1462 1230 1649 1270 fallentia
1671 1230 1858 1278 odimus,
1891 1236 1935 1270 ut
1955 1230 2066 1270 frau—

297 1298 414 1344 dem,
446 1294 697 1348 periurium,
731 1293 949 1340 malitiam,
980 1294 1190 1333 iniuriam.
1240 1293 1398 1332 Eadem
1429 1293 1534 1332 ratio
1566 1293 1692 1333 habet
1722 1293 1763 1332 in
1799 1307 1843 1333 se
1866 1293 2065 1346 quiddam

296 1359 479 1412 amplum
522 1363 649 1410 atque
690 1353 976 1408 magnificum,
1018 1356 1069 1395 ad
1109 1356 1398 1408 imperandum
1431 1356 1562 1408 magis
1594 1369 1719 1410 quam
1751 1356 1802 1395 ad
1834 1355 2066 1408 parendum

247 1421 678 1467 eoaccommodatum,
721 1418 860 1457 omnia
901 1418 1083 1457 humana
1124 1432 1209 1457 non
1246 1418 1480 1458 tolerabilia
1511 1419 1665 1466 solum,
1703 1418 1775 1458 sed
1807 1420 1931 1458 etiam
1962 1418 2068 1458 levia

297 1487 474 1532 ducens,
506 1484 634 1523 altum
666 1480 863 1534 quiddam
895 1484 937 1519 et
958 1481 1190 1528 excelsum,
1222 1480 1325 1520 nihil
1358 1481 1531 1528 timens,
1564 1481 1720 1520 nemini
1751 1480 1927 1528 cedenS,
1960 1494 2067 1520 sem-

296 1563 371 1602 per
401 1547 618 1588 invictum.
677 1542 743 1582 47.
776 1545 912 1596 Atque
943 1543 1008 1582 his
1040 1543 1169 1582 trihus
1202 1543 1423 1595 generibus
1454 1543 1728 1583 honestorum
1760 1543 1914 1582 notatis
1944 1555 2068 1595 quar-

295 1618 383 1652 tum
415 1609 604 1662 sequitur
635 1611 675 1646 et
704 1607 747 1646 in
780 1605 925 1645 eadem
956 1605 1266 1658 pulchritudine
1298 1610 1338 1645 et
1367 1611 1509 1658 aptum
1541 1620 1594 1646 ex
1626 1607 1709 1645 illis
1733 1606 1884 1653 tribus,
1916 1605 1959 1644 in
1982 1618 2066 1657 quo

294 1675 406 1714 inest
435 1673 538 1712 ordo
571 1674 612 1711 et
632 1668 876 1708 moderatio.
929 1668 1056 1707 Cuius
1078 1668 1352 1707 similitudine
1375 1674 1593 1722 perspecta
1615 1669 1658 1708 in
1680 1669 1906 1708 formarum
1929 1668 2066 1720 specie

244 1751 281 1779 25
296 1750 342 1776 ac
375 1733 576 1788 dignitate
608 1731 828 1772 transitum
860 1735 923 1770 est
954 1731 1005 1770 ad
1036 1730 1297 1770 honestatem
1321 1730 1526 1771 dictorum
1550 1737 1674 1785 atque
1696 1732 1912 1771 sactorum.
1964 1731 2066 1770 Nam

295 1814 348 1839 ex
378 1799 442 1839 his
474 1797 606 1844 tribus
636 1794 852 1841 laudibus,
886 1807 990 1848 quas
1022 1799 1117 1833 ante
1153 1793 1260 1840 dixi,
1294 1798 1334 1832 et
1356 1795 1629 1834 temeritatem
1654 1793 1897 1834 reformidat
1919 1797 1959 1832 et
1980 1806 2064 1831 non

295 1862 421 1902 audet
452 1859 644 1911 cuiquam
676 1862 748 1896 aut
777 1857 888 1896 dicto
921 1863 1115 1910 protervo
1139 1861 1209 1896 aut
1234 1855 1345 1896 facto
1368 1864 1539 1905 nocere,¹
1564 1863 1817 1911 vereturque
1841 1855 2065 1908 quicquam

295 1930 366 1965 aut
395 1924 532 1964 facere
564 1926 636 1960 aut
667 1920 829 1973 eloqui,
864 1921 976 1973 quod
1009 1933 1153 1973 parum
1185 1919 1305 1959 virile
1338 1919 1541 1960 videatur.

406 1985 497 2025 XV.
529 1982 596 2023 48.
627 1983 766 2023 Habes
797 1984 986 2036 undique
1018 1983 1227 2035 expletam
1260 1988 1299 2021 et
1330 1982 1577 2034 perfectam,
1618 1984 1849 2035 Torquate,
1890 1981 2067 2021 formam

245 2063 281 2092 30
294 2047 544 2095 honestatis,
577 2060 686 2099 quae
718 2050 806 2085 tota
837 2050 1034 2098 quattuor
1064 2045 1128 2084 his
1160 2045 1405 2092 virtutibus,
1439 2059 1545 2098 quae
1577 2060 1600 2085 a
1631 2050 1670 2085 te
1694 2058 1860 2098 quoque
1886 2058 2068 2084 comme-

296 2116 480 2152 moratae
511 2114 631 2155 sunt‚
664 2108 915 2147 continetur.
962 2107 1081 2147 Hanc
1112 2121 1155 2146 se
1187 2112 1280 2146 tuus
1311 2108 1516 2160 Epicurus
1539 2108 1708 2147 omnino
1739 2109 1929 2160 ignorare
1952 2108 2066 2155 dicit,

258 2205 260 2207 ·
297 2188 423 2229 quam
454 2178 527 2214 aut
557 2171 723 2226 qualem
756 2184 848 2210 esse
878 2170 1028 2217 velint,
1061 2170 1132 2222 qui
1162 2169 1381 2209 honestate
1414 2185 1619 2210 summum
1647 2171 1805 2210 bonum
1828 2170 2066 2210 metiantur.

297 2238 340 2277 Si
371 2236 423 2277 ad
454 2236 715 2275 honestatem
748 2233 859 2272 enim
882 2233 1021 2272 omnia
1052 2232 1305 2280 referantur,
1337 2246 1476 2286 neque
1507 2234 1550 2272 in
1578 2247 1626 2273 ea
1648 2233 1905 2285 voluptatem
1926 2233 2067 2272 dicant

295 2302 457 2347 inesse,
489 2299 546 2339 ait
577 2311 649 2337 eos
676 2310 778 2338 voce
809 2296 925 2336 inani
956 2308 1106 2335 sonare
1128 2319 1181 2325 —-
1201 2294 1267 2334 his
1289 2295 1401 2334 enim
1424 2296 1523 2349 ipsis
1545 2296 1682 2336 verbis
1703 2296 1832 2335 utitur
1851 2318 1905 2324 —
1927 2307 2066 2348 neque

246 2376 282 2405 35
297 2363 541 2415 intellegere
581 2373 661 2400 nec
697 2359 862 2407 videre,
906 2359 981 2399 sub
1016 2359 1123 2398 hanc
1152 2371 1298 2398 vocem
1328 2357 1561 2398 honestatis
1592 2372 1698 2412 quae
1731 2359 1784 2397 sit
1819 2357 2066 2397 subicienda

298 2426 514 2466 sententia.
574 2424 627 2463 Ut
666 2423 777 2462 enim
821 2421 1081 2462 consuetudo
1122 2420 1331 2473 loquitur,
1380 2420 1421 2459 id
1465 2421 1598 2461 solum
1638 2420 1790 2460 dicitur
1827 2420 2064 2465 honestum,

298 2488 411 2541 quod
435 2493 497 2528 est
518 2487 709 2542 populari
728 2485 839 2526 fama
860 2484 1100 2538 gloriosum.
1147 2483 1291 2531 Quod,
1322 2483 1473 2536 inquit,
1504 2496 1759 2537 quamquam
1782 2482 2064 2535 voluptatibus

387 2699 417 2730 11.
443 2707 545 2729 unam
568 2705 703 2728 cansam
728 2697 775 2727 A:
801 2703 938 2726 causam
960 2702 1064 2725 unam
1087 2694 1111 2723 Β
1126 2693 1192 2725 MO
1214 2711 1245 2715 ——
1274 2694 1304 2725 3.
1329 2694 1511 2733 plurumum
1534 2702 1556 2724 a
1578 2692 1684 2724 besliis
1708 2694 1732 2724 A
1750 2693 1788 2723 ss:
1818 2701 1839 2723 a
1863 2691 1969 2723 bestiis
1988 2691 2065 2730 plu-

297 2749 420 2780 remum
445 2750 469 2779 O
495 2765 529 2770 —
556 2748 695 2778 habeant
718 2748 743 2777 A
759 2747 782 2777 B
810 2762 844 2767 —-
879 2746 910 2776 5.
937 2753 1047 2775 acrem
1070 2744 1134 2774 AB
1151 2744 1194 2773 (22
1229 2746 1258 2774 ec
1282 2752 1393 2774 acrem
1417 2744 1441 2774 O
1467 2760 1502 2764 —
1530 2746 1559 2774 et
1583 2752 1653 2774 om.
1679 2743 1703 2773 Β
1731 2760 1765 2764 -
1792 2741 1889 2773 simul
1910 2741 2015 2771 multa
2041 2741 2064 2771 Β

300 2816 334 2821 -
363 2799 393 2830 7.
420 2798 568 2829 diiuncta
592 2798 623 2828 M
642 2814 675 2818 —
704 2797 734 2827 8.
760 2793 991 2834 consequentis]
1014 2793 1172 2833 prescnlt's
1193 2793 1216 2823 B
1237 2810 1271 2814 —
1300 2794 1328 2824 9.
1349 2802 1377 2824 r.
1403 2794 1564 2823 hominem
1586 2793 1661 2832 fecit
1686 2793 1708 2823 B
1731 2810 1765 2815 —
1792 2792 1963 2822 amicicias
1986 2791 2066 2831 post

297 2850 464 2880 hominum
488 2847 713 2879 inserendum
739 2845 910 2885 significat
926 2842 966 2875 A²
983 2845 1015 2874 in
1035 2843 1190 2882 margine
1211 2860 1246 2864 ——
1275 2842 1324 2883 its]
1348 2843 1397 2873 his
1413 2844 1438 2874 Α
1454 2844 1476 2873 Β
1492 2843 1515 2873 Ο
1535 2859 1569 2863 —
1599 2843 1650 2872 ¹10.
1670 2852 1691 2872 a
1709 2851 1778 2873 om.
1799 2843 1822 2872 B
1845 2859 1879 2863 ——
1907 2842 1960 2872 42.
1978 2849 2066 2871 mor-

297 2899 415 2930 talium
438 2898 583 2929 ‹mmium
606 2898 630 2927 Β
650 2914 683 2917 -
713 2896 765 2927 43.
791 2896 857 2926 solo
882 2895 906 2926 B
926 2912 960 2917 —
989 2893 1041 2924 ¹¹4.
1068 2892 1190 2932 eadem]
1215 2900 1288 2922 eam
1309 2893 1332 2923 B
1354 2910 1388 2914 —-
1417 2893 1468 2923 15.
1496 2892 1595 2923 etiam
1618 2891 1707 2932 quid]
1733 2894 1762 2923 et
1786 2892 1865 2931 quid
1888 2891 1957 2922 iarn
1980 2891 2004 2921 B
2025 2907 2060 2912 —-

299 2950 351 2980 40.
377 2948 520 2989 avemus]
553 2947 708 2978 habemus
732 2947 795 2977 AB
823 2963 858 2967 —-
893 2946 944 2977 48.
970 2943 1134 2975 wamiam
1157 2951 1227 2973 om.
1255 2943 1278 2973 Β
1306 2960 1339 2964 -
1372 2943 1484 2973 eadem
1507 2943 1593 2973 enim
1617 2952 1645 2972 ν.
1674 2942 1696 2971 Β
1725 2959 1759 2963 -
1786 2942 1951 2981 quoddam
1975 2941 1999 2971 B
2028 2958 2063 2963 —

297 3000 349 3031 ε21.
369 2998 501 3038 nemini]
526 2998 609 3028 milli
632 2998 655 3027 Β
676 3014 710 3018 —
738 2996 790 3027 ⁰24.
817 2993 870 3035 3ρέ
888 2996 929 3034 E,
957 2996 993 3025 ut
1016 2995 1050 3025 et
1073 3000 1160 3032 spem
1184 2993 1218 3022 ct
1241 2991 1345 3030 speeie
1369 2990 1434 3030 legi
1459 2991 1579 3031 possit,
1602 3008 1637 3012 —
1664 2992 1715 3021 255,
1736 3000 1776 3021 ac
1800 2991 1969 3031 dignitate]
1988 2990 2065 3021 adi—

296 3049 422 3089 yna'talc
453 3048 514 3079 ΑΒ
548 3064 582 3068 -
617 3047 670 3077 27.
697 3046 804 3084 caules]
838 3045 919 3076 audi
948 3046 971 3075 Β
1007 3061 1041 3065 ——
1073 3041 1199 3081 nocere]
1223 3049 1323 3071 nuere
1346 3038 1384 3071 Α1
1415 3058 1444 3063 -
1481 3041 1534 3072 28.
1561 3044 1619 3072 auc
1642 3042 1721 3080 post
1743 3042 1854 3081 facere
1878 3049 1948 3072 om.
1975 3041 1998 3071 B
2025 3057 2060 3062 ——

297 3099 404 3139 eloqui
428 3100 452 3129 A
468 3098 511 3128 B:
537 3096 626 3134 loqui
650 3096 675 3126 O
702 3112 737 3117 —-
764 3096 816 3126 30.
844 3098 1001 3134 quattuor
1024 3093 1071 3123 his
1094 3094 1136 3123 A:
1169 3091 1216 3121 his
1240 3093 1397 3129 quattuor
1422 3090 1444 3120 B
1460 3091 1529 3121 Mo
1557 3108 1590 3111 ——
1618 3090 1670 3120 34.
1697 3090 1734 3130 si]
1760 3099 1791 3121 se
1814 3091 1837 3120 Β
1865 3107 1899 3111 —
1927 3089 1980 3120 32.
2007 3089 2064 3128 qui

300 3150 341 3179 A:
368 3149 409 3186 hy
433 3147 489 3185 qui
515 3147 556 3184 133
583 3146 606 3176 ii
631 3145 686 3185 qui
712 3145 742 3176 M
771 3162 803 3166 u
831 3144 884 3176 33.
911 3145 946 3175 Si
970 3144 1014 3174 ad
1036 3143 1233 3173 honestatem
1257 3140 1342 3170 enim
1366 3141 1409 3170 A:
1440 3139 1475 3169 Se*
1499 3139 1584 3169 enim
1603 3139 1647 3169 ad
1670 3139 1700 3170 h.
1725 3140 1747 3169 B
1764 3140 1792 3170 M
1812 3140 1836 3169 O
1857 3157 1892 3161 —
1917 3138 2063 3177 referant

298 3198 359 3229 Th.
386 3195 561 3228 Bentleius
590 3213 623 3216 —
657 3195 767 3225 dicunt
796 3194 820 3223 Β
855 3210 890 3214 —
924 3192 976 3224 34.
1003 3200 1081 3223 uoce
1104 3191 1197 3222 inani
1221 3191 1303 3221 AB:
1336 3189 1429 3219 ιήαηὶ
1451 3197 1529 3219 voce
1552 3189 1576 3219 O
1600 3205 1643 3210 -—-
1672 3188 1725 3220 35.
1752 3187 1947 3227 incolumem·
1970 3187 1995 3217 E
2023 3201 2057 3207 —

298 3257 355 3282 nec
381 3247 463 3278 AB:
490 3254 592 3284 neque
616 3247 640 3276 O
670 3261 700 3267 —
730 3244 814 3274 lianc
836 3252 946 3275 vocem
970 3241 1208 3281 Wesenberg:
1235 3240 1296 3270 hac
1317 3248 1396 3270 uoce
1421 3237 1523 3270 codd.
1551 3239 1586 3269 ct
1612 3238 1649 3269 O.
