2249 3624
347 109 427 155 ⁴⁶22
698 117 768 156 DE
798 117 1003 157 FINIBUS
1034 116 1296 157 BONORUM
1324 118 1393 157 ET
1423 118 1689 160 MALORUM

346 228 464 268 beate
494 227 719 269 vivendum
749 227 908 280 aliquid
939 228 1105 275 afferre,
1137 241 1215 267 nec
1245 229 1449 270 minorem
1470 231 1728 283 voluptatem
1759 231 1915 284 percipi
1943 232 1986 272 in
2007 233 2100 273 hre-

345 291 472 330 vitate
504 291 722 342 temporis,
755 303 881 343 quam
912 290 946 329 si
976 290 1048 329 illa
1080 290 1132 329 sit
1163 291 1431 343 sempiterna.
1494 291 1561 332 88.
1592 293 1704 332 Haec
1735 293 1928 333 dicuntur
1957 294 2101 334 incon-

345 352 609 392 stantissime.
662 352 763 391 Cum
796 351 907 390 enim
938 365 1146 391 summum
1178 352 1336 392 bonum
1366 354 1410 393 in
1431 355 1645 408 voluptate
1677 360 1823 407 ponat,
1855 362 1980 408 negat
2009 357 2102 396 infi-

345 413 433 453 nito
465 419 653 466 tempore
684 415 830 453 aetatis
861 414 1115 466 voluptatem
1147 412 1235 454 fieri
1266 416 1467 456 maiorem
1489 430 1611 470 quam
1639 415 1752 456 finito
1774 423 1901 470 atque
1922 419 2100 458 modico.

313 475 430 523 5Qui
458 476 614 516 bonum
646 489 769 516 omne
801 476 843 516 in
873 476 1026 516 virtute
1057 476 1196 528 ponit,
1230 478 1264 517 is
1294 484 1433 530 potest
1463 479 1601 519 dicere
1633 477 1773 532 perfici
1794 480 1955 519 beatam
1978 481 2101 520 vitam

343 537 603 590 perfectione
634 538 822 585 virtutis;
854 545 979 590 negat
1000 539 1109 577 enim
1140 552 1300 579 summo
1330 540 1442 580 bono
1469 542 1616 581 afferre
1648 543 1946 582 incrementum
1970 543 2100 582 diem:

344 600 416 651 qui
455 604 594 640 autem
634 598 743 640 effici
774 600 985 653 voluptate
1015 601 1178 641 beatam
1210 602 1334 641 vitam
1371 603 1550 655 putabit,
1590 605 1660 657 qui
1692 604 1770 643 sibi
1801 605 1835 644 is
1868 605 2101 651 conveniet,

343 662 379 701 si
408 662 577 714 negabit
606 662 864 716 voluptatem
895 677 1081 703 crescere
1112 664 1447 718 longinquitate?
1480 667 1608 718 Igitur
1634 680 1684 706 ne
1707 667 1895 707 dolorem
1918 667 2102 720 quidem.

342 725 406 762 An
437 724 555 764 dolor
585 723 854 777 longissimus
888 726 1069 779 quisque
1102 727 1378 775 miserrimus,
1410 728 1664 781 voluptatem
1696 743 1782 768 non
1813 730 2103 782 optabiliorem

298 796 328 822 ιο
344 785 594 826 diuturnitas
625 786 754 827 facit?
788 787 897 836 Quid
931 794 994 828 est
1023 788 1148 840 igitur
1179 803 1252 829 cur
1282 790 1339 829 ita
1359 803 1524 842 semper
1544 790 1667 830 deum
1694 791 1878 843 appellet
1897 792 2103 844 Epicurus

341 848 510 888 beatum
551 854 592 889 et
627 853 869 890 aeternum?
918 851 1093 903 Dempta
1129 853 1237 891 enim
1276 853 1519 892 aeternitate
1555 852 1685 892 nihilo
1727 853 1886 892 beatior
1918 854 2106 907 Iuppiter

343 924 467 964 quam
507 911 732 964 Epicurus;
773 918 951 966 uterque
993 915 1103 952 enim
1142 928 1303 953 summo
1342 915 1453 953 bono
1492 914 1661 962 fruitur,
1702 914 1744 954 id
1788 921 1850 954 est
1880 916 2103 969 voluptate.

344 974 422 1013 «At
451 974 562 1013 enim
591 974 660 1013 hic
690 975 814 1014 etiam
848 975 1029 1015 dolore.»
1081 977 1135 1015 At
1164 990 1258 1016 eum
1287 976 1408 1015 nihili
1429 976 1548 1023 facit3
1579 976 1638 1015 ait
1659 976 1769 1016 enim
1793 990 1856 1024 se,
1889 978 1922 1017 si
1949 984 2104 1025 uratur,

345 1049 499 1089 «quam
529 1035 609 1076 hoc
640 1038 822 1077 suaveln
858 1037 1075 1078 dicturum.
1135 1036 1202 1077 89.
1235 1038 1329 1086 Qua
1359 1038 1485 1090 igitur
1514 1051 1558 1077 re
1579 1038 1629 1078 ab
1653 1037 1732 1078 deo
1760 1040 1950 1088 vincitur,
1982 1040 2016 1080 si
2037 1053 2105 1079 ae-

293 1106 327 1134 45
342 1099 534 1139 ternitate
565 1114 649 1140 non
678 1100 886 1140 vincitur?
918 1101 965 1139 In
988 1113 1071 1153 qua
1092 1101 1192 1153 quid
1225 1107 1288 1140 est
1311 1100 1410 1140 boni
1432 1106 1597 1153 praeter
1621 1114 1823 1140 summam
1846 1104 2104 1155 voluptatem

342 1167 382 1201 et
412 1175 503 1202 eam
534 1163 858 1215 sempiternam?
901 1163 1015 1211 Quid
1046 1176 1144 1216 ergo
1176 1164 1324 1203 attinet
1360 1163 1540 1215 gloriose
1578 1163 1715 1217 loqui,
1758 1164 1837 1203 nisi
1868 1171 2107 1205 constanter

341 1224 547 1277 loquare?
592 1225 640 1264 In
671 1225 884 1278 voluptate
915 1226 1099 1278 corporis
1131 1248 1183 1253 —
1213 1226 1383 1272 addam,
1424 1226 1458 1264 si
1490 1226 1572 1273 vis,
1611 1226 1755 1272 animi,
1789 1227 1886 1266 dum
1919 1241 1967 1267 ea
1995 1228 2105 1280 ipsa,

340 1292 387 1325 ut
417 1286 561 1335 vultis,
593 1288 647 1327 sit
669 1301 721 1327 ex
743 1301 916 1341 corpore
944 1309 998 1316 —
1024 1289 1147 1328 situm
1178 1295 1237 1328 est
1260 1289 1399 1328 vivere
1421 1289 1553 1328 beate.
1600 1288 1741 1336 Quid?
1773 1289 1895 1329 istam
1916 1289 2106 1342 volupta-

342 1353 425 1388 tem
466 1356 709 1402 perpetuam
749 1351 842 1402 quis
881 1356 1018 1404 potest
1046 1356 1257 1404 praestare
1295 1351 1502 1403 sapienti?
1548 1352 1649 1390 Nam
1682 1351 1832 1403 quibus
1863 1352 1988 1391 rebus
2019 1350 2106 1392 effi-

291 1412 506 1451 moiuntur
543 1412 795 1466 voluptates,
833 1426 906 1452 eae
945 1426 1027 1452 non
1069 1418 1167 1452 sunt
1207 1413 1251 1452 in
1291 1419 1497 1465 potestate
1529 1413 1757 1466 sapientis;
1802 1427 1885 1454 non
1918 1415 2027 1454 enim
2064 1415 2105 1454 in

339 1475 429 1527 ipsa
455 1475 661 1527 sapientia
691 1476 871 1529 positum
895 1481 959 1515 est
983 1476 1151 1515 beatum
1182 1490 1293 1523 esse,
1325 1476 1397 1515 sed
1428 1477 1470 1516 in
1501 1476 1553 1515 iis
1585 1476 1729 1523 rebus,
1761 1490 1865 1529 quas
1902 1477 2108 1529 sapientia

339 1543 548 1590 comparat
577 1537 628 1577 ad
651 1538 919 1590 voluptatem.
969 1539 1120 1578 Totum
1151 1545 1289 1577 autem
1320 1538 1363 1578 id
1395 1544 1614 1577 externum
1647 1544 1729 1585 est,
1762 1544 1804 1578 et
1826 1538 1938 1591 quod
1971 1544 2107 1578 exter-

340 1612 453 1646 num,
485 1599 526 1638 id
558 1599 601 1639 in
632 1613 730 1639 casu
762 1606 836 1640 est.
884 1601 946 1640 Ita
974 1598 1019 1640 fit
1047 1600 1193 1640 beatae
1216 1602 1324 1641 vitae
1347 1600 1517 1640 domina
1537 1600 1718 1648 fortuna,
1751 1614 1874 1654 quam
1898 1601 2106 1654 Epicurus

340 1661 398 1701 ait
425 1662 617 1714 exiguam
648 1662 900 1702 intervenire
931 1663 1121 1716 sapienti.

290 1731 326 1760 25
451 1725 641 1765 XXYIII.
673 1723 738 1763 90.
776 1726 922 1777 «Age»
957 1726 1123 1778 inquies
1159 1726 1269 1766 «ista
1299 1739 1424 1780 parva
1456 1732 1582 1775 sunt„
1611 1726 1851 1779 Sapientem
1882 1725 2108 1779 locupletat

340 1787 433 1839 ipsa
463 1792 627 1834 natura,
661 1787 778 1827 cuius
810 1788 974 1827 divitias
1005 1788 1214 1841 Epicurus
1254 1789 1460 1841 parabiles
1493 1802 1584 1829 esse
1617 1789 1795 1828 docuit.»
1858 1789 1971 1828 Haec
2000 1789 2106 1828 bene

341 1849 552 1896 dicuntur,
592 1863 669 1889 nec
713 1863 790 1902 ego
833 1863 1042 1902 repugno,
1085 1851 1156 1889 sed
1189 1851 1298 1890 inter
1329 1865 1420 1891 sese
1452 1852 1543 1904 ipsa
1574 1858 1774 1904 pugnant.
1834 1853 1966 1904 Negat
1996 1853 2106 1891 enim

341 1911 586 1951 tenuissimo
624 1914 754 1959 victu,
796 1912 837 1951 id
879 1920 940 1952 est
981 1914 1346 1965 contemptissimis
1390 1915 1492 1953 escis
1526 1920 1565 1953 et
1596 1914 1858 1967 potionibus,
1904 1915 2104 1954 minorem

341 1974 599 2027 voluptatem
627 1975 784 2028 percipi
816 1989 939 2028 quam
970 1976 1094 2014 rebus
1127 1976 1467 2028 exquisitissimis
1496 1976 1547 2016 ad
1571 1976 1838 2029 epulandum.
1888 1976 1993 2015 Huic
2016 1990 2103 2028 ego,

290 2045 325 2071 30
341 2036 375 2076 si
407 2043 577 2088 negaret
607 2038 830 2090 quicquam
863 2039 1064 2077 interesse
1096 2038 1146 2077 ad
1178 2038 1297 2077 beate
1330 2038 1579 2085 vivendum,
1615 2039 1728 2091 quali
1761 2045 1948 2078 uteretur
1979 2039 2104 2084 victu,

341 2099 635 2147 concederem,
667 2099 880 2139 laudarem
913 2100 1059 2147 etiam;
1092 2114 1234 2139 verum
1267 2100 1378 2139 enim
1410 2100 1585 2146 diceret,
1618 2101 1746 2153 idque
1776 2102 2001 2147 Socratem,
2033 2100 2104 2152 qui

340 2161 596 2213 voluptatem
628 2162 747 2202 nullo
779 2162 870 2202 loco
903 2168 1112 2209 numerat,
1145 2162 1270 2202 audio
1303 2162 1527 2209 dicentem,
1560 2163 1640 2201 cibi
1674 2162 1984 2202 condimentum
2016 2175 2105 2201 esse

339 2224 510 2271 famem,
541 2225 725 2278 potionis
757 2225 884 2264 sitim.
948 2224 1029 2264 Sed
1065 2225 1136 2277 qui
1176 2224 1227 2263 ad
1260 2224 1517 2277 voluptatem
1550 2224 1688 2263 omnia
1720 2224 1902 2263 referens
1935 2225 2034 2263 vivit
2063 2230 2108 2263 ut

341 2286 580 2334 Gallonius,
612 2287 798 2340 loquitur
828 2293 874 2326 ut
904 2287 1027 2339 Frugi
1060 2287 1130 2326 ille
1162 2288 1274 2333 Piso,
1307 2301 1391 2326 non
1422 2287 1549 2326 audio
1582 2301 1658 2326 nec
1688 2301 1780 2326 eum
1811 2287 1923 2340 quod
1956 2287 2109 2326 sentiat

290 2362 326 2390 35
342 2350 480 2389 dicere
513 2350 716 2389 existimo.
777 2346 842 2388 91.
876 2350 1094 2389 Naturales
1127 2349 1295 2389 divitias
1329 2350 1435 2389 dixit
1466 2349 1672 2402 parabiles
1702 2362 1814 2395 esse,
1847 2348 1958 2401 quod
1981 2361 2106 2402 parvo

342 2417 453 2450 esset
483 2417 631 2452 natura
662 2418 868 2452 contenta.
922 2412 1060 2458 Certe,
1102 2413 1179 2451 nisi
1212 2412 1467 2464 voluptatem
1499 2412 1602 2450 tanti
1633 2411 1922 2450 aestimaretis.
1985 2412 2106 2450 «Non

342 2474 500 2513 minor»
543 2475 679 2528 inquit
711 2475 928 2528 «voluptas
969 2474 1198 2527 percipitur
1229 2487 1280 2512 ex
1312 2474 1525 2513 vilissimis
1556 2474 1681 2513 rebus
1714 2487 1837 2525 quam
1869 2486 1921 2512 ex
1952 2474 2107 2526 pretio-

342 2536 554 2576 sissimis.»
608 2537 697 2577 Hoc
730 2543 793 2577 est
823 2550 906 2576 non
939 2536 1064 2576 modo
1097 2550 1166 2575 cor
1198 2550 1282 2575 non
1318 2536 1492 2583 habere,
1525 2535 1597 2575 sed
1628 2550 1680 2575 ne
1713 2536 1894 2588 palatum
1923 2535 2105 2588 quidem.

429 2736 459 2766 l.
487 2735 624 2775 aliquid]
656 2736 833 2774 quicquam
866 2737 891 2766 G
919 2753 953 2757 -
991 2736 1018 2765 2.
1045 2734 1142 2775 Haec]
1170 2744 1225 2765 nec
1248 2735 1271 2765 Β
1303 2752 1332 2755 »ἢ
1373 2735 1402 2765 5.
1428 2735 1540 2774 perfici
1564 2734 1649 2765 AB:
1681 2734 1823 2773 perspici
1848 2734 1871 2764 E
1899 2751 1931 2754 —
1967 2734 1997 2764 7.
2025 2734 2108 2773 effici

342 2785 507 2824 uoluptate
531 2785 659 2816 beatam
685 2786 787 2816 uilam
811 2789 855 2816 A:
885 2785 1051 2825 uoluptale
1074 2786 1177 2816 ailam
1202 2785 1285 2823 effici
1309 2784 1438 2815 beatam
1462 2785 1485 2815 Β
1502 2785 1571 2815 Mo
1593 2801 1622 2804 —-
1655 2784 1680 2813 is
1704 2786 1746 2814 A:
1776 2792 1843 2813 om.
1871 2784 1938 2815 ΒΜ
1968 2802 2001 2805 —
2028 2792 2106 2814 con-

341 2836 464 2865 ueniret
490 2835 512 2865 Β
539 2852 573 2856 -
602 2835 632 2866 8.
660 2835 787 2874 neyczbil
818 2837 844 2866 A
858 2832 912 2866 13¹:
954 2835 1094 2875 negabat
1125 2834 1164 2866 Β2
1179 2835 1202 2865 Ε
1231 2853 1263 2857 —
1305 2836 1334 2865 9.
1362 2835 1534 2874 optabilem
1562 2833 1599 2865 ΑΙ
1625 2853 1665 2857 —
1708 2835 1754 2865 10.
1783 2834 1921 2873 appellet
1944 2834 2106 2873 Epicurus

341 2885 470 2915 bealum
494 2886 538 2915 A:
577 2885 729 2923 epicurus
759 2885 896 2923 appelle!
928 2885 1057 2916 bealum
1084 2886 1128 2915 B:
1168 2885 1331 2923 Epicurus
1354 2885 1484 2915 bealum
1508 2884 1644 2923 appelle!
1670 2884 1754 2917 Ελὶς
1793 2884 1921 2914 beatum
1944 2884 2108 2922 Epicurus

341 2934 478 2973 appelle!
496 2935 520 2964 O
541 2951 574 2954 —
600 2934 647 2964 Η.
668 2935 786 2972 iupiler
801 2936 826 2965 A
842 2935 864 2965 B
882 2934 906 2965 O
927 2952 960 2956 —
984 2934 1033 2965 13.
1055 2933 1155 2973 nihili]
1176 2933 1253 2963 nihil
1271 2937 1292 2963 Α
1311 2934 1333 2963 Β
1356 2950 1388 2955 -
1410 2943 1441 2964 se
1458 2942 1562 2973 supra
1581 2941 1721 2963 versun)
1740 2934 1765 2963 A
1786 2933 1874 2969 (sort.
1894 2933 2004 2973 prima
2023 2932 2103 2968 in.):

341 2991 411 3014 om.
431 2983 511 3015 BE:
539 2982 592 3022 [se]
619 2984 642 3013 O
665 3001 698 3005 -
726 2983 776 3015 114.
804 2984 844 3014 ab
868 2987 914 3015 A:
942 2993 964 3014 a
987 2984 1094 3015 BMO
1123 3001 1155 3004 —
1191 2984 1236 3014 Ι5.
1265 2992 1328 3021 qua
1350 2983 1467 3014 codd:
1494 2992 1557 3021 quo
1583 2991 1662 3013 cum
1691 2982 1851 3013 Walkero
1870 2983 1894 3013 O
1917 3001 1950 3004 —
1978 2982 2027 3012 17.
2054 2981 2104 3012 lo-

341 3033 456 3071 quare]
476 3032 564 3070 loqui
583 3033 604 3062 Β
628 3051 659 3054 -
689 3034 740 3064 48.
769 3034 812 3072 ul]
838 3037 894 3064 aul
918 3034 980 3064 BE
1002 3051 1035 3055 —
1062 3042 1104 3064 ec
1121 3042 1201 3064 nos:
1230 3036 1256 3063 e!
1277 3036 1319 3063 ,xz
1346 3042 1362 3064 c
1379 3034 1480 3064 BMO
1501 3050 1533 3054 —
1564 3033 1613 3062 20.
1634 3032 1699 3071 eae]
1726 3032 1765 3075 he
1790 3035 1831 3067 A:
1858 3032 1912 3061 hee
1936 3031 1959 3061 B
1981 3049 2012 3053 —
2033 3034 2106 3060 sun!

342 3083 372 3113 in
394 3086 551 3121 potestate
574 3084 617 3113 A:
646 3083 676 3112 in
698 3086 855 3121 potestate
878 3087 951 3113 sunt
975 3083 999 3113 Β
1019 3083 1080 3114 ΕΟ
1108 3083 1149 3119 (in
1176 3091 1245 3112 ou).
1266 3085 1318 3116 Αἱ)
1348 3101 1380 3104 -
1409 3084 1459 3113 21.
1488 3092 1553 3121 qua
1578 3083 1739 3120 sapientia
1765 3083 1786 3112 B
1803 3082 1826 3113 Ε
1850 3100 1892 3104 -—
1918 3082 1968 3111 22.
1995 3084 2106 3110 easter-

343 3141 420 3162 num
445 3135 489 3162 A:
521 3135 703 3162 eoelremum
729 3132 751 3162 B
780 3132 853 3169 .,bisN
882 3150 914 3153 —
943 3136 988 3163 est
1010 3132 1074 3163 AB
1091 3133 1133 3163 E:
1167 3140 1236 3163 0111.
1266 3133 1333 3163 Mo
1363 3151 1395 3154 m
1423 3132 1475 3163 ⁴26.
1501 3131 1597 3172 Haec]
1624 3132 1688 3162 Nec
1713 3132 1736 3162 Β
1766 3150 1798 3154 —
1836 3131 1886 3161 027.
1914 3131 1983 3169 ipsa.
2007 3139 2106 3169 repu-

341 3185 445 3222 9nant
470 3182 492 3213 B
520 3199 553 3202 —
590 3181 640 3211 ⁴28.
669 3182 699 3211 id
723 3181 777 3222 θεῖ]
805 3182 886 3212 iclcm
912 3183 934 3212 B
970 3200 1003 3203 —
1037 3182 1089 3213 32.
1117 3182 1203 3212 nullo
1228 3181 1307 3221 locu]
1335 3182 1423 3212 inillo
1447 3184 1473 3213 A
1502 3200 1534 3204 —
1563 3182 1614 3212 34.
1640 3182 1708 3220 frui
1732 3182 1782 3212 ille
1807 3182 1874 3220 ipso
1898 3181 1960 3211 BE
1989 3196 2022 3201 -
2050 3188 2106 3210 uec

344 3231 426 3263 AB:
454 3240 510 3262 nec
533 3230 619 3262 enim
643 3230 746 3262 codd.
774 3230 983 3268 deteriores;
1012 3240 1067 3262 nec
1093 3230 1199 3272 [enirn]
1226 3234 1250 3261 Ο
1278 3248 1310 3252 —
1340 3232 1425 3269 quod
1449 3240 1518 3262 om.
1545 3231 1569 3261 E
1599 3248 1631 3253 -
1660 3230 1710 3262 38.
1738 3240 1776 3262 nc
1801 3239 1869 3262 om.
1895 3230 1932 3260 B.
