2249 3624
292 143 344 186 ’16
819 145 1246 188 ACADEMICORUM
1275 144 1516 185 PRIORUM

290 265 335 301 ut
365 261 418 301 sit
447 260 606 314 aliquid
636 260 681 301 in
711 264 853 300 nostra
882 263 1106 312 potestate,
1146 258 1190 298 in
1221 272 1289 306 eo,
1322 256 1396 311 qui
1425 256 1485 296 rei
1516 254 1622 295 nulli
1652 255 1928 307 adsentietur,
1968 272 2052 300 non

291 323 380 363 erit.
440 321 506 363 39.
538 323 614 363 Ubi
657 324 781 376 igitur
810 322 964 370 virtus,
1005 322 1039 361 si
1071 320 1177 360 nihil
1208 320 1332 359 situm
1364 324 1425 359 est
1454 319 1498 358 in
1528 318 1629 371 ipsis
1660 318 1814 359 nobis?
1872 321 2053 362 Maxime

290 390 429 425 autem
460 384 703 433 absurdum,
747 385 845 425 vitia
886 384 929 423 in
960 384 1145 436 ipsorum
1177 395 1269 421 esse
1300 386 1507 434 potestate
1537 394 1676 434 neque
1705 395 1878 436 peccare
1910 397 2055 437 quem-

290 460 414 500 quam
445 447 525 487 nisi
556 447 826 494 adsensione3
870 445 950 485 hoc
980 445 1091 484 idem
1122 445 1165 483 in
1196 443 1351 483 virtute
1381 456 1464 483 non
1497 457 1609 492 esse,
1641 444 1758 484 cuius
1790 445 1925 485 omnis
1957 459 2055 486 eon-

257 509 440 548 5stantia
470 515 510 548 et
539 509 712 548 firmitas
745 522 797 547 ex
828 507 878 546 iis
910 507 1033 546 rebus
1066 511 1251 553 constat,
1292 506 1443 558 quibus
1474 505 1654 546 adsensa
1685 512 1748 547 est
1778 512 1820 547 et
1850 520 1954 560 quas
1983 508 2056 548 ad-

288 571 504 623 probavit3
537 571 793 623 omninoque
821 574 915 609 ante
937 569 1066 609 videri
1089 568 1248 622 aliquid
1272 581 1395 621 quam
1417 582 1586 622 agamus
1609 583 1781 609 necesse
1804 575 1885 616 est,
1918 571 2055 622 eique,

289 633 401 685 quod
432 633 565 672 visum
598 633 669 679 sit,
708 631 976 671 adsentiatur.
1029 631 1169 679 Quare
1202 630 1275 684 qui
1307 636 1377 671 aut
1407 632 1542 672 visum
1573 638 1645 673 aut
1674 632 1900 673 adsensum
1931 633 2054 681 tollit,

286 695 321 734 is
354 707 518 734 omnem
550 695 757 734 actionem
788 694 897 734 tollit
927 708 949 734 e
980 695 1076 734 vita.

397 757 508 796 XIII.
540 754 606 795 40.
649 758 766 796 Nunc
802 770 852 796 ea
890 756 1127 805 videamus,
1167 770 1274 810 quae
1315 760 1459 796 contra
1489 756 1539 796 ab
1570 756 1636 797 his
1667 757 1872 810 disputari
1902 758 2052 798 solent.

237 831 273 859 10
288 819 369 858 Sed
409 819 524 871 prius
564 819 735 871 potestis
776 819 903 858 totius
946 831 1092 858 eorum
1127 820 1301 859 rationis
1334 819 1452 873 quasi
1481 819 1753 861 fundamenta
1783 833 2052 873 cognoscere.

287 882 538 934 Conponunt
582 880 706 932 igitur
752 880 931 934 primum
972 886 1102 920 artem
1144 881 1354 935 quandam
1386 880 1437 920 de
1467 881 1538 929 iis,
1584 895 1691 934 quae
1729 882 1819 922 visa
1861 882 2052 930 dicimus,

285 956 514 996 eorumque
547 947 587 982 et
616 942 701 982 vim
733 947 773 982 et
803 956 957 995 genera
987 942 1214 984 definiunt:
1245 944 1289 983 in
1318 944 1407 991 his,
1440 943 1563 996 quale
1585 945 1636 984 sit
1662 945 1724 993 id,
1757 944 1871 998 quod
1893 944 2053 998 percipi

286 1011 327 1045 et
368 1005 602 1058 conprendi
632 1004 786 1057 possit,
830 1004 1005 1045 totidem
1036 1006 1172 1046 verbis
1205 1010 1307 1059 quot
1338 1006 1480 1045 Stoici.
1538 1006 1701 1047 Deinde
1731 1007 1803 1047 illa
1833 1011 2054 1061 exponunt

286 1068 392 1115 duo,
426 1080 533 1120 quae
567 1067 688 1120 quasi
720 1066 960 1107 contineant
990 1080 1155 1108 omnem
1185 1068 1294 1108 hanc
1325 1068 1635 1121 quaestionem:
1669 1082 1776 1122 quae
1803 1069 1860 1109 ita
1881 1069 2054 1110 videan-

236 1134 372 1176 45tur,
412 1133 458 1168 ut
497 1129 620 1169 etiam
666 1129 745 1169 alia
776 1130 920 1170 eodem
952 1130 1077 1171 modo
1110 1131 1241 1171 videri
1272 1130 1438 1184 possint
1468 1144 1544 1170 nec
1574 1131 1618 1171 in
1649 1131 1701 1171 iis
1734 1132 1959 1185 quicquam
1989 1132 2053 1171 in-

283 1192 421 1239 tersit,
461 1205 546 1232 non
585 1205 709 1246 posse
741 1205 886 1232 eorum
917 1193 999 1233 alia
1036 1193 1219 1246 percipi,
1259 1193 1340 1233 alia
1370 1205 1456 1232 non
1486 1193 1667 1247 percipi:
1709 1193 1815 1233 nihil
1851 1194 2053 1234 interesse

284 1260 442 1302 autem,
484 1268 569 1294 non
607 1255 732 1294 modo
771 1254 806 1294 si
845 1255 958 1294 omni
998 1269 1051 1295 ex
1088 1261 1203 1308 parte
1243 1255 1432 1295 eiusdem
1468 1255 1582 1295 modi
1614 1256 1718 1305 sint,
1759 1256 1832 1296 sed
1865 1256 1986 1296 etiam
2019 1256 2053 1296 si

285 1318 463 1358 discerni
504 1331 587 1357 non
629 1317 806 1370 possint.
858 1317 1020 1366 Quibus
1061 1319 1208 1372 positis
1245 1318 1369 1358 unius
1401 1319 1634 1370 argumenti
1665 1318 1934 1359 conclusione
1966 1322 2053 1358 tota

283 1381 334 1420 ab
365 1380 430 1420 his
461 1392 585 1420 causa
606 1380 915 1434 conprenditur.
963 1380 1189 1434 Conposita
1213 1393 1261 1420 ea
1283 1380 1497 1420 conclusio
1520 1380 1579 1420 sic
1600 1385 1683 1421 est:
1719 1382 1911 1429 «Eorum,
1943 1393 2051 1435 quae

235 1443 498 1490 aovidentur,
538 1442 621 1482 alia
660 1456 758 1482 vera
797 1447 913 1490 sunt,
950 1443 1032 1482 alia
1061 1443 1221 1483 falsat»
1266 1448 1307 1483 et
1340 1444 1479 1497 «quod
1509 1443 1659 1484 falsum
1691 1448 1776 1492 est,
1815 1443 1857 1482 id
1889 1442 2050 1496 percipi

284 1519 368 1545 non
400 1511 556 1559 potest:
590 1504 703 1558 quod
735 1510 873 1545 autem
904 1520 1045 1546 verum
1067 1506 1203 1545 visum
1235 1511 1315 1554 est,
1346 1506 1390 1546 id
1422 1520 1544 1546 omne
1574 1507 1656 1546 tale
1681 1512 1762 1555 est,
1794 1511 1840 1546 ut
1861 1505 2050 1546 eiusdem

283 1569 397 1609 modi
428 1569 552 1608 etiam
581 1567 732 1607 falsum
763 1568 898 1621 possit
928 1568 1101 1608 videri.»
1152 1569 1205 1608 Et
1238 1581 1372 1622 «quae
1402 1569 1493 1608 visa
1523 1574 1620 1608 sunt
1651 1569 1739 1608 eius
1766 1568 1900 1616 modi,
1932 1573 1978 1608 ut
2006 1568 2050 1607 in

282 1631 334 1671 iis
367 1630 470 1671 nihil
500 1630 686 1678 intersit,
718 1644 805 1670 non
835 1636 975 1684 potest
1004 1630 1196 1670 accidere
1226 1636 1438 1671 uteorum
1460 1630 1542 1670 alia
1571 1631 1731 1685 percipi
1761 1631 1938 1685 possint,
1969 1631 2052 1670 alia

283 1707 368 1734 non
399 1693 577 1746 possint.
636 1693 806 1733 Nullum
836 1694 963 1746 igitur
993 1699 1055 1733 est
1084 1694 1241 1741 visum,
1273 1693 1387 1746 quod
1418 1694 1579 1747 percipi
1609 1694 1781 1747 possit.»
1842 1690 1909 1732 M.
1932 1692 2051 1741 Quae

234 1767 269 1797 25
283 1761 421 1796 autem
453 1760 642 1803 sumunt,
686 1762 733 1795 ut
764 1757 1014 1796 concludant
1044 1756 1105 1804 id,
1148 1756 1263 1810 quod
1293 1755 1464 1803 volunt,
1499 1769 1552 1795 ex
1580 1755 1647 1795 his
1678 1755 1761 1795 duo
1792 1755 1871 1795 sibi
1902 1759 2052 1808 putant

283 1817 480 1858 concedi:
522 1831 659 1872 neque
698 1819 810 1858 enim
851 1819 1071 1872 quisquam
1108 1824 1324 1872 repugnat.
1384 1819 1444 1858 Ea
1481 1824 1577 1858 sunt
1613 1818 1737 1858 haec:
1785 1831 1925 1872 «quae
1961 1819 2051 1858 visa

280 1879 386 1920 salsa
426 1882 529 1930 sint,
572 1895 621 1922 ea
661 1882 820 1935 percipi
850 1895 932 1922 non
970 1894 1154 1934 possen)
1201 1887 1242 1921 et
1272 1881 1470 1921 alterum:
1519 1881 1658 1921 «inter
1689 1893 1796 1935 quae
1826 1881 1915 1921 visa
1944 1879 2050 1919 nihil

280 1944 464 1992 intersit,
508 1959 561 1985 ex
599 1944 650 1984 iis
681 1957 766 1983 non
803 1957 927 1997 posse
965 1943 1045 1983 alia
1075 1943 1173 1983 talia
1205 1956 1319 1991 esse,
1361 1948 1409 1982 ut
1438 1943 1599 1996 percipi
1630 1943 1814 1996 possint,
1859 1942 1960 1990 alia,
2004 1947 2049 1982 ut

280 2019 366 2046 non
396 2007 582 2060 possint:
612 2006 776 2060 reliqua
805 2019 902 2046 vero
933 2006 1064 2045 multa
1094 2011 1136 2046 et
1165 2006 1277 2047 varia
1309 2005 1500 2045 oratione
1531 2005 1781 2054 defendunt,
1815 2018 1923 2059 quae
1951 2009 2050 2045 sunt

230 2069 380 2109 30item
412 2070 516 2118 duo,
561 2082 711 2109 unum:
754 2082 892 2122 «quae
933 2069 1175 2116 videantur,
1215 2082 1357 2108 eorum
1391 2068 1472 2108 alia
1502 2082 1599 2108 vera
1630 2082 1742 2116 esse,
1775 2068 1857 2108 alia
1885 2067 2043 2108 falsat»

280 2132 478 2172 alterum:
522 2145 670 2172 «omne
700 2131 855 2179 visum,
887 2130 1002 2185 quod
1034 2131 1086 2171 sit
1114 2144 1138 2170 a
1167 2144 1285 2178 vero,
1317 2130 1398 2170 tale
1430 2144 1545 2179 esse,
1577 2131 1701 2184 quale
1734 2131 1857 2170 etiam
1887 2144 1913 2171 a
1941 2131 2046 2171 falso

279 2194 413 2247 possit
442 2207 572 2234 esse.»
624 2191 691 2233 42.
721 2194 834 2233 Haec
866 2193 948 2233 duo
980 2193 1198 2246 proposita
1218 2206 1302 2233 non
1323 2194 1650 2246 praetervolant,
1682 2193 1836 2234 sedita
1857 2193 2044 2241 dilatant,

279 2262 328 2297 ut
362 2270 447 2297 non
485 2256 736 2297 mediocrem
778 2269 919 2296 curam
956 2255 1183 2296 adhibeant
1220 2261 1259 2296 et
1298 2255 1569 2308 diligentiam.
1628 2255 1833 2296 Dividunt
1862 2254 1972 2296 enim
2002 2255 2046 2295 in

279 2325 440 2372 partes,
478 2324 518 2359 et
547 2332 616 2359 eas
652 2320 821 2373 quidem
853 2331 1044 2372 magnas:
1087 2319 1266 2372 primum
1297 2319 1339 2358 in
1372 2332 1540 2367 sensus,
1573 2318 1725 2359 deinde
1757 2319 1802 2359 in
1833 2332 1905 2367 ea,
1937 2331 2046 2372 quae

229 2394 267 2422 35
283 2381 492 2422 ducuntur
529 2395 552 2422 a
589 2382 783 2422 sensibus
825 2387 865 2422 et
895 2382 946 2422 ab
978 2382 1091 2422 omni
1123 2382 1444 2430 consuetudine,
1488 2396 1611 2436 quam
1642 2382 1857 2423 obscurari
1887 2383 2046 2423 volunt.

281 2445 386 2484 Tum
428 2444 679 2498 perveniunt
725 2445 775 2484 ad
814 2458 904 2484 eam
943 2449 1125 2497 partem,
1172 2451 1218 2485 ut
1260 2459 1313 2485 ne
1342 2446 1504 2485 ratione
1537 2444 1708 2499 quidem
1739 2450 1780 2485 et
1809 2444 2047 2485 coniectura

280 2507 366 2547 ulla
394 2520 460 2548 res
491 2508 653 2560 percipi
683 2508 827 2561 possit.
876 2508 990 2549 Haec
1020 2512 1160 2548 autem
1190 2508 1386 2549 universa
1416 2508 1646 2549 concidunt
1676 2508 1800 2549 etiam
1829 2507 2045 2549 minutius.

367 2718 397 2749 ⁴.
423 2726 459 2749 *re
482 2718 510 2748 V
538 2735 573 2741 -
599 2719 630 2750 5.
656 2718 683 2749 is
706 2720 753 2757 A,
778 2719 826 2750 his
849 2719 916 2750 BV
943 2736 978 2741 ——
1005 2722 1034 2750 et
1058 2719 1153 2759 quasi
1176 2719 1204 2751 V
1228 2736 1270 2741 —-
1294 2718 1489 2759 adprobabit
1512 2718 1602 2750 A¹B¹
1627 2735 1661 2740 —
1689 2719 1720 2750 7.
1747 2719 1898 2751 assentiri
1921 2717 2042 2751 Lamb.

281 2768 385 2807 coni„
423 2768 643 2799 assentiamur
672 2768 814 2807 Davies,
850 2767 937 2800 alter
961 2769 994 2800 in
1018 2770 1149 2800 mutata
1180 2770 1371 2808 structura,
1409 2768 1496 2800 alter
1519 2769 1553 2800 in
1586 2770 1759 2809 potestate
1784 2770 1920 2810 passiva
1945 2768 2046 2800 verbi

280 2817 452 2856 offensus3
486 2819 521 2848 at
544 2827 575 2848 v,
601 2817 748 2857 Madvig.
775 2819 805 2856 1,
837 2827 870 2858 p.
902 2818 955 2849 13¹
986 2827 1040 2858 sq.
1070 2837 1104 2842 —
1138 2820 1169 2851 8.
1195 2820 1244 2850 his
1265 2818 1305 2851 A¹
1332 2837 1366 2842 ——
1400 2820 1430 2851 9.
1457 2819 1498 2850 ab
1532 2819 1572 2850 iis
1594 2819 1731 2850 Ernesti
1756 2836 1791 2841 -
1826 2820 1877 2850 40.
1898 2819 2042 2860 potestis]

281 2867 358 2898 sort.
385 2867 543 2906 oportebit
565 2866 618 2897 vel
645 2876 725 2906 opus
748 2868 809 2898 erit
832 2885 874 2890 ——-
897 2868 1040 2900 rationes
1064 2867 1157 2900 B¹V¹
1176 2887 1211 2892 —-
1239 2870 1292 2900 Μ.
1319 2871 1357 2901 cle
1379 2870 1418 2900 iis
1441 2869 1630 2901 Manutius:
1659 2870 1696 2899 de
1718 2869 1766 2900 his
1783 2870 1806 2901 C
1827 2887 1862 2892 —
1889 2870 1940 2900 42.
1963 2876 2043 2909 per·-

279 2916 380 2955 cipiat
403 2917 579 2955 conprendi
603 2916 639 2947 B¹
667 2934 701 2939 —
728 2917 779 2947 43.
806 2918 891 2957 quod
915 2920 941 2949 A
955 2916 1046 2949 B²V¹
1073 2937 1107 2941 —
1135 2919 1187 2951 44.
1214 2923 1406 2951 conteneant
1429 2921 1469 2950 A1
1495 2936 1530 2940 -
1565 2920 1616 2950 115.
1645 2918 1714 2949 alia
1736 2919 1841 2949 multa
1864 2918 1920 2950 ed.
1947 2919 2039 2950 Crat.

283 2983 318 2989 —
344 2966 379 2996 in
402 2966 450 2996 his
474 2966 497 2997 C
514 2966 538 2996 O
565 2983 600 2987 —
628 2966 679 2997 46.
705 2975 769 2996 noa
789 2976 883 3005 posse
905 2968 1095 3000 Manutius:
1118 2978 1214 3009 posse
1236 2968 1373 3006 A¹VG;
1399 2979 1464 3000 ἠοη
1488 2976 1597 3000 omnes
1616 2976 1710 3007 posse
1734 2967 1847 2999 BA2E
1866 2985 1901 2990 —
1929 2968 1981 2999 47.
1999 2976 2043 2999 ex

280 3015 367 3047 omni
391 3024 412 3045 v
438 3032 473 3036 —
501 3015 553 3046 49.
579 3016 746 3055 conposita
770 3020 880 3048 autem
902 3026 942 3049 ea
966 3019 1030 3050 AB
1059 3037 1093 3043 —-
1127 3020 1180 3051 20.
1206 3023 1235 3051 ec
1258 3019 1314 3050 hic
1337 3021 1373 3050 et
1394 3028 1428 3051 v.
1454 3019 1494 3050 ⁶22
1519 3017 1562 3049 ab
1588 3019 1661 3059 ipsa
1687 3016 1909 3049 conclusione
1933 3017 2043 3049 inter-

279 3066 467 3106 punctione
493 3065 720 3097 seiunximus.
742 3082 778 3088 —
798 3067 850 3098 ⁶22.
874 3067 997 3107 falsum
1019 3069 1118 3100 eliam
1134 3069 1193 3100 AB
1214 3085 1249 3091 -
1274 3071 1349 3099 sunt
1371 3077 1405 3099 r:
1432 3067 1495 3098 sint
1520 3067 1580 3098 CO
1600 3084 1635 3090 -
1662 3066 1715 3099 23.
1741 3067 1781 3097 iis
1796 3065 1900 3099 V¹A²:
1926 3068 1986 3098 hiis
2001 3065 2042 3099 Αι

279 3113 332 3152 V2,
358 3114 406 3145 his
422 3114 480 3145 ΒΟ
501 3132 536 3136 -
560 3119 664 3154 potest
680 3117 869 3148 Manutius:
893 3127 985 3157 posse
1003 3119 1026 3150 C
1041 3119 1065 3150 O
1087 3136 1121 3141 -
1147 3118 1200 3149 28.
1219 3127 1261 3149 eac
1283 3118 1332 3149 his
1349 3118 1372 3149 C
1395 3135 1429 3139 -
1456 3117 1526 3148 alia
1550 3120 1608 3148 aut
1631 3126 1695 3148 non
1712 3117 1736 3148 B
1750 3114 1791 3148 V²
1809 3133 1843 3138 —
1870 3117 1923 3149 30.
1940 3126 2044 3148 unum

279 3172 392 3195 eorum
416 3172 502 3204 quae
525 3163 566 3196 A‘—’
578 3163 616 3196 13²
642 3183 676 3190 —·
710 3176 822 3198 eoram
846 3168 878 3198 in
903 3170 967 3200 AB
994 3177 1136 3200 erasum
1161 3171 1225 3200 est.
1255 3184 1289 3191 —
1325 3168 1378 3199 31.
1405 3168 1444 3199 sit
1468 3176 1576 3199 auaro
1600 3167 1640 3199 V¹
1665 3183 1701 3189 ——
1728 3165 1780 3198 34.
1802 3169 1915 3206 partes
1938 3174 1993 3198 eas
2016 3165 2044 3196 V

283 3231 318 3235 —
345 3214 398 3246 35.
424 3215 579 3246 dicuntur
602 3216 625 3246 B
641 3216 681 3246 V¹
708 3233 743 3238 -
770 3225 854 3255 qaae
877 3217 1053 3250 obscurare
1075 3218 1188 3250 volunt
1212 3219 1302 3251 coni.
1320 3218 1459 3259 Davies,
1485 3227 1586 3258 quam
1608 3217 1777 3250 observari
1798 3216 1912 3249 nolunt
1930 3215 2045 3249 Christ

285 3280 320 3286 —-
347 3262 400 3295 36.
426 3267 462 3295 ut
484 3265 678 3297 narratione
701 3263 742 3296 V¹
768 3283 803 3288 ——
829 3266 881 3298 37.
907 3276 1075 3301 unauersa
1098 3265 1150 3300 V¹.
