2249 3624
1 1291 9 1577 —-—-—-—
0 1112 6 1283 -.-—-
0 1071 5 1106 ..-

8 1938 16 2255 ι

482 164 570 205 Lm.
600 164 651 204 ΙΙ.
693 163 790 205 CAP.
820 164 1238 206 XXVII—XXVIII.
1279 164 1338 219 §§
1370 163 1560 207 67—72.
1825 166 1900 210 4⁶21

145 272 336 316 adiunxit
374 271 544 312 minime
585 270 627 310 id
659 284 752 311 esse
784 271 1036 320 mirandum,
1077 272 1188 326 quod
1221 274 1373 321 Diana,
1415 288 1507 314 cum
1539 274 1580 313 in
1613 281 1733 327 partu
1766 276 1911 330 Olym-

144 337 279 391 piadis
318 335 464 376 adesse
504 334 726 380 voluisset,
766 334 938 374 afuisset
971 335 1109 375 domo.
1157 336 1275 383 Quae
1307 342 1444 376 autem
1477 338 1555 377 dea
1585 338 1635 378 ad
1669 351 1734 377 res
1765 352 1910 379 omnes

144 399 322 444 veniret,
353 398 557 437 Venerem
587 396 718 436 nostri
742 398 1081 443 nominaverunt,
1113 404 1239 451 atque
1261 413 1313 438 cx
1337 412 1383 439 ea
1407 401 1547 453 potius
1572 407 1764 440 venustas
1787 415 1911 454 quam

143 462 283 501 Venus
314 473 366 500 ex
396 465 628 499 venustate.
688 461 876 499 xxviii.
910 459 974 499 70.
1008 461 1225 500 Videtisne
1258 462 1401 512 igitur,
1445 469 1490 502 ut
1520 477 1541 502 a
1573 464 1756 516 physicis
1788 463 1912 503 rebus

141 524 247 564 hene
288 527 413 575 atque
458 522 618 561 utiliter
657 523 836 561 inventis
879 528 1005 562 tracta
1049 524 1152 562 ratio
1193 525 1244 563 sit
1284 526 1334 563 ad
1375 526 1690 564 commenticios
1721 530 1763 564 et
1791 526 1940 564 tii-tosa

142 586 276 626 deos?
309 596 415 637 quae
446 598 512 624 res
545 586 692 636 genuit
721 584 846 624 falsas
871 586 1090 637 opiniones
1123 599 1371 638 erroresque
1404 587 1664 626 turbulentos
1697 593 1738 626 et
1767 601 1914 640 super-

141 648 331 688 stitiones
362 660 494 699 paene
527 646 681 694 aniles3
714 653 754 686 et
783 647 940 686 formae
964 647 1072 686 enim
1096 648 1216 686 nobis
1239 649 1411 688 deornm
1434 656 1474 688 et
1496 655 1651 688 aetates
1678 655 1718 688 et
1739 651 1912 688 vestitus

142 715 400 762 ornatusque
422 709 510 748 noti
534 715 650 756 sunt,
687 723 838 762 genera
861 715 1098 762 praeterea,
1126 710 1333 761 coniugia,
1365 712 1652 761 cognationes,
1684 713 1911 765 omniaque

140 771 327 813 traducta
358 771 410 812 ad
441 772 757 812 similitudinem
791 770 1072 811 inbecillitatis
1101 771 1331 819 humanae;
1365 788 1457 812 nani
1486 780 1526 812 et
1548 775 1800 826 perturbatis
1823 774 1913 813 ani-

139 836 217 875 mis
247 834 524 874 inducuntur:
566 835 804 888 accepimus
836 835 944 873 enim
978 834 1153 873 deorum
1186 834 1454 885 cupiditates,
1495 837 1800 888 aegritudines,
1833 837 1958 876 ira-io

139 897 330 944 cundias,
371 911 448 937 nec
479 910 598 944 vero,
640 903 686 936 ut
716 897 879 936 fabulae
912 896 1071 943 serunt,
1104 896 1226 935 bellis
1258 897 1516 951 proeliisque
1548 906 1792 945 caruerunt,
1833 911 1910 937 nec

139 960 295 1006 solum,
326 966 373 1000 ut
402 959 512 1013 apud
545 959 793 1006 Homerum,
827 973 919 998 cum
953 958 1035 998 duo
1067 959 1277 998 exercitus
1307 962 1540 1000 contrarios
1571 962 1640 1000 alii
1665 961 1731 1000 dei
1755 974 1806 1000 ex
1828 961 1911 1000 alia

138 1028 253 1078 parte
286 1022 576 1069 defenderent,
610 1023 682 1061 sed
716 1023 861 1069 etiam,
898 1027 943 1061 ut
973 1034 1065 1060 cum
1099 1021 1282 1068 Titanis,
1323 1027 1368 1061 ut
1399 1036 1491 1061 cum
1524 1023 1793 1073 Gigantibus,
1835 1035 1910 1062 sua

137 1085 308 1139 propria
346 1084 455 1124 bella
494 1090 726 1136 gesserunt.
778 1085 890 1123 Haec
932 1089 971 1123 et
1012 1083 1208 1122 dicuntur
1250 1089 1290 1123 et
1328 1085 1558 1124 creduntur
1593 1087 1836 1125 stultissime
1870 1091 1912 1125 et

137 1148 261 1203 plena
300 1152 396 1187 sunt
434 1146 644 1186 futilitatis
682 1159 953 1199 summaeque
994 1146 1190 1185 levitatis.
1251 1142 1316 1185 71.
1349 1147 1432 1186 Sed
1476 1154 1612 1187 tamen
1652 1148 1718 1187 his
1757 1148 1959 1188 sabulist5

137 1210 286 1264 spretis
318 1222 365 1249 ac
395 1209 628 1262 repudiatis
661 1210 763 1250 deus
795 1210 1011 1262 pertinens
1039 1222 1114 1262 per
1135 1214 1322 1249 naturam
1346 1210 1551 1264 cuiusque
1572 1212 1651 1258 rei,
1683 1224 1759 1264 per
1780 1217 1910 1250 terras

140 1272 283 1320 Ceres,
315 1285 389 1325 per
418 1271 548 1311 maria
578 1273 819 1325 Neptunus,
851 1272 920 1311 alii
951 1284 1026 1324 per
1056 1270 1159 1318 alia,
1196 1276 1393 1323 poterunt
1423 1271 1610 1324 intellegi
1641 1274 1712 1326 qui
1743 1272 1911 1326 quales-

137 1349 221 1391 que
253 1335 355 1382 sint,
394 1348 565 1388 quoque
597 1348 669 1374 eos
701 1335 871 1374 nomine
903 1333 1162 1374 consuetudo
1193 1335 1516 1387 nuncupaverit,
1555 1335 1634 1375 hoc
1666 1348 1738 1375 eos
1771 1342 1812 1376 et
1841 1348 1911 1375 ve-

136 1398 275 1440 nerari
319 1402 359 1437 et
401 1397 538 1437 colere
580 1397 793 1436 debemus.
854 1397 996 1437 Cultus
1027 1402 1165 1436 autem
1199 1396 1372 1435 deorum
1405 1403 1468 1437 est
1499 1398 1683 1450 optimus
1714 1399 1910 1452 idemque

138 1461 396 1502 castissimus
437 1467 561 1513 atque
602 1460 889 1499 sanctissimus
931 1460 1285 1512 plenissimusque
1327 1460 1514 1512 pietatis,
1557 1467 1601 1500 ut
1641 1474 1713 1500 eos
1745 1475 1958 1513 semper20

136 1536 264 1578 pura,
305 1524 488 1576 integra,
520 1523 763 1575 incorrupta
794 1527 835 1562 et
865 1528 1004 1562 mente
1037 1528 1078 1562 et
1109 1535 1211 1563 voce
1244 1536 1502 1563 veneremur.
1552 1525 1645 1563 Non
1677 1524 1786 1563 enim
1820 1525 1912 1577 phi-

137 1586 305 1640 losophi
350 1586 505 1632 solum,
550 1599 694 1626 verum
736 1586 859 1625 etiam
900 1585 1076 1625 maiores
1115 1585 1246 1624 nostri
1279 1586 1623 1638 superstitionem
1654 1600 1677 1627 a
1708 1587 1910 1640 religione

137 1654 448 1702 separaverunt.
507 1646 575 1688 72.
619 1650 720 1688 Nam
762 1648 832 1701 qui
874 1653 984 1688 totos
1023 1647 1112 1687 dies
1153 1648 1429 1700 precabantur
1460 1655 1499 1689 et
1528 1650 1820 1698 immolabant,
1865 1656 1912 1690 ut

138 1712 216 1752 sibi
248 1712 313 1751 sui
345 1710 463 1751 liberi
486 1711 733 1764 superstites
756 1716 916 1758 essent,
949 1710 1228 1763 superstitiosi
1251 1716 1348 1750 sunt
1367 1712 1587 1764 appellati,
1619 1712 1734 1766 quod
1758 1726 1911 1752 nomen

136 1774 273 1827 patuit
303 1779 449 1827 postea
480 1773 617 1813 latius.
669 1773 752 1822 Qui
783 1779 922 1813 autem
954 1773 1113 1820 omnia,
1157 1786 1267 1826 quae
1308 1774 1359 1813 ad
1392 1775 1548 1814 cultum
1581 1775 1755 1814 deorum
1786 1777 1957 1830 perti-25

136 1841 310 1883 nerent,
341 1835 567 1889 diligenter
594 1841 869 1876 retractarent
899 1840 939 1875 et
967 1841 1178 1889 tamquam
1200 1835 1453 1889 relegerent,
1485 1843 1583 1877 sunt
1603 1838 1701 1879 dicti
1723 1839 1909 1892 religiosi

132 2005 225 2047 plum
255 2004 304 2041 B;
339 2003 493 2042 templum
527 2004 723 2043 (superscr.
751 2012 797 2034 n).
825 2011 896 2034 see.
924 2003 1054 2042 templa)
1080 2002 1107 2033 V
1140 2020 1174 2025 —
1208 2004 1424 2044 deam-auisse
1450 2005 1494 2042 A3
1529 2005 1764 2046 demtyrczutsoe
1789 2006 1844 2046 (mi
1868 2016 1910 2039 ex

137 2054 367 2093 correctione)
392 2054 440 2090 B;
467 2054 562 2084 deam
586 2053 782 2093 mim-unisse
809 2054 996 2093 (superse-r.
1024 2061 1070 2084 m.
1091 2061 1163 2084 sec.
1183 2054 1431 2093 dc,tla91-auisse)
1459 2055 1485 2083 V
1510 2074 1539 2077 —
1568 2056 1598 2086 t.
1627 2057 1801 2087 aitiuncaeit
1825 2058 1852 2088 Α
1873 2074 1907 2078 -

136 2110 233 2138 cartu
256 2103 297 2135 W
324 2123 358 2127 —
386 2105 572 2144 olimpiadis
595 2107 619 2135 A
636 2104 658 2134 B
676 2105 720 2137 V:
755 2105 945 2143 olimpiades
971 2104 994 2135 C
1023 2097 1066 2126 —'
1086 2104 1115 2135 Ξ.
1143 2104 1263 2143 afuisse
1287 2104 1325 2135 A¹
1341 2105 1362 2135 B
1380 2104 1489 2142 C¹Y¹;
1523 2106 1663 2144 abfuisse
1688 2105 1748 2143 C‘23
1779 2107 1913 2146 affuisse

136 2156 184 2190 E:
211 2154 368 2190 abfuisset
390 2151 431 2185 A2
445 2152 521 2185 v²0
550 2172 585 2176 —
611 2153 642 2186 li.
673 2155 831 2186 Videtisne
856 2155 958 2195 iyitur
973 2172 1022 2177 —-
1039 2163 1249 2192 summaeque
1272 2154 1416 2185 levitatis
1439 2158 1650 2193 Augustinus
1675 2157 1718 2188 de
1744 2158 1834 2188 cixit.
1855 2157 1911 2189 dei

136 2206 192 2241 lv,
219 2206 278 2237 30:
311 2205 468 2235 Videtisne
491 2205 594 2244 iyitur
610 2222 628 2227 -
641 2222 659 2227 —
675 2206 914 2235 commenticias
937 2208 965 2234 et
984 2205 1075 2244 fictos
1091 2221 1109 2226 -
1122 2222 1139 2226 -
1155 2205 1363 2243 cognationes
1387 2214 1497 2235 (mines
1511 2209 1687 2246 omniaque
1703 2225 1718 2229 -
1732 2225 1749 2230 -
1767 2207 1914 2238 imbecil-

137 2257 238 2288 litatis
253 2256 417 2286 humanae
442 2256 639 2286 Lactantius
664 2256 745 2286 Inst.
765 2256 789 2291 l,
810 2255 862 2285 47.
886 2271 917 2275 —
947 2254 977 2284 5.
997 2255 1085 2284 ratio
1109 2255 1148 2284 sit
1172 2258 1279 2284 tracta
1298 2256 1510 2293 Augustinus
1545 2273 1579 2278 —-
1604 2258 1695 2297 fictos
1720 2258 1909 2297 (superscr.

138 2315 210 2339 sec.
242 2314 289 2336 m.
317 2306 462 2345 ficticios)
489 2306 514 2335 V
543 2322 576 2327 —
624 2306 654 2336 6.
680 2307 869 2346 errorisque
892 2305 919 2334 V
948 2322 982 2328 -—
1023 2305 1073 2334 tt».
1101 2304 1284 2342 accepimus
1308 2305 1541 2341 Augustinus:
1580 2308 1761 2345 accipimus
1785 2306 1825 2338 ⁴21.
1860 2306 1909 2338 Cf.

137 2356 192 2388 111.
219 2356 239 2396 §
255 2355 306 2386 42.
330 2354 383 2386 47.
424 2372 458 2376 —
498 2356 548 2387 ll.
575 2355 703 2394 ferunt.
729 2356 761 2387 di
787 2356 874 2386 bellis
899 2356 1123 2393 Augustinus.
1145 2371 1179 2376 —
1203 2355 1406 2393 praeliisque
1430 2354 1469 2385 Αι
1486 2356 1508 2386 Β
1524 2356 1547 2386 C
1563 2356 1602 2391 V,
1627 2357 1804 2396 pretiisque
1827 2357 1852 2388 E
1873 2375 1909 2380 —

137 2406 311 2437 caluerunt
336 2404 359 2435 C
388 2421 423 2426 —
452 2405 502 2435 ⁴2.
529 2409 610 2444 aput
634 2408 659 2436 A
684 2423 727 2428 —
751 2407 832 2436 duos
855 2404 932 2436 A2E
959 2423 993 2427 —
1021 2406 1067 2435 ali
1093 2405 1131 2434 Vi
1160 2422 1194 2426 —-
1224 2406 1273 2436 453.
1301 2406 1355 2435 sed
1377 2406 1478 2436 eliam
1501 2415 1575 2436 cum
1599 2407 1712 2437 titanis
1736 2412 1764 2438 el
1787 2416 1861 2438 cum
1885 2408 1910 2440 C

141 2471 176 2479 —
203 2457 317 2487 titanis
340 2463 430 2486 corr.
458 2463 500 2485 ex
524 2456 681 2486 timannis
705 2456 750 2492 V;
777 2456 923 2487 titfaxnis
946 2458 972 2486 Α
997 2473 1031 2477 -
1058 2458 1094 2485 at
1118 2464 1189 2485 cum
1218 2456 1405 2496 (superscr.
1427 2464 1472 2486 ni.
1493 2464 1563 2486 sec,
1584 2457 1617 2486 id
1641 2460 1695 2495 est)
1722 2458 1912 2498 yiyantibus

138 2506 185 2543 V;
212 2509 241 2537 et
264 2514 339 2536 cum
362 2504 550 2545 yiqantibas
574 2506 622 2541 (ῖς
657 2509 715 2535 aut
738 2514 813 2536 cum
839 2505 1034 2546 Gigantibus
1059 2506 1282 2543 Augustinus.
1313 2524 1346 2528 —
1384 2504 1434 2536 it.
1462 2507 1636 2537 credentur
1661 2509 1849 2547 (superscr.
1876 2509 1912 2548 u)

137 2556 165 2588 A
191 2573 227 2577 -
255 2556 304 2586 45.
331 2554 519 2594 futtilitatis
544 2553 620 2593 tint.
643 2564 662 2585 7·
686 2564 795 2593 erasa)
822 2557 867 2592 A}
894 2556 1062 2594 futilitatis
1087 2564 1177 2586 corr.
1206 2555 1282 2586 ead.
1312 2564 1358 2586 m.
1388 2555 1420 2585 in
1444 2556 1625 2593 futtilitatis
1649 2557 1697 2593 B3
1723 2558 1914 2589 inutilitatis

138 2614 229 2638 corr.
255 2605 288 2636 in
311 2604 479 2644 futilitatis
502 2605 550 2641 C;
576 2605 749 2644 facilitatis
773 2606 820 2638 E:
846 2606 1014 2645 futilitatis
1039 2605 1161 2642 [littera
1189 2608 1265 2645 post
1289 2615 1310 2635 u
1336 2614 1435 2636 erasa
1462 2608 1495 2636 et
1519 2606 1529 2636 l
1554 2615 1643 2637 corr.
1665 2617 1704 2638 ex
1724 2608 1749 2647 c)
1777 2608 1820 2644 V;
1847 2617 1914 2639 ua-

137 2656 252 2686 nitatis
275 2654 497 2694 Augustinus.
527 2671 561 2676 —-
589 2663 776 2694 summeque
801 2656 822 2686 B
839 2656 862 2686 t:
894 2672 922 2677 -
953 2655 1014 2685 hiis
1040 2655 1090 2687 V:
1118 2655 1157 2685 iis
1180 2658 1206 2686 A
1223 2656 1245 2685 C
1272 2673 1314 2677 —
1339 2655 1387 2685 417.
1414 2659 1570 2693 poterunt
1592 2665 1683 2687 corr.
1704 2657 1736 2688 in
1756 2660 1915 2696 poterant

139 2705 187 2741 B;
211 2708 367 2744 poterant
390 2705 416 2735 A
444 2721 480 2726 —
507 2703 560 2735 48.
586 2705 651 2735 sint
674 2705 719 2736 E:
747 2709 821 2735 sunt
844 2706 869 2736 Α
887 2705 908 2735 Β
925 2705 948 2735 C
964 2705 990 2733 V
1013 2722 1047 2726 —
1074 2704 1133 2735 hoc
1156 2713 1208 2735 eos
1232 2705 1318 2735 Osxv.
1338 2704 1469 2735 Theod.
1491 2704 1561 2735 Keil
1582 2706 1748 2742 (Quaesit.
1768 2707 1911 2739 Tullian.

139 2754 239 2794 Spee.
268 2762 301 2794 p.
318 2756 416 2791 xxm:
444 2763 523 2794 quos
547 2755 621 2786 deos
644 2758 668 2787 Α
682 2756 705 2786 Β
721 2756 745 2786 C
761 2756 784 2786 E
803 2765 808 2788 z
834 2755 890 2786 hos
915 2755 1017 2793 (corr.
1038 2763 1078 2785 ex
1104 2755 1193 2793 quos]
1219 2755 1294 2784 deos
1318 2754 1344 2783 V
1360 2754 1384 2784 O
1408 2770 1442 2775 —-
1470 2754 1522 2785 ⁶21.
1542 2755 1615 2785 Non
1639 2757 1725 2788 enim
1739 2774 1754 2779 -
1771 2773 1789 2779 -
1805 2760 1841 2787 ut
1863 2759 1914 2788 sui

139 2804 200 2834 sibi
231 2803 479 2835 liberi--sunt
509 2806 676 2844 appellati.
716 2807 778 2844 Qui
809 2806 1212 2844 autem--pertmerent,
1242 2804 1745 2845 retractarent“reteget-ent,
1782 2807 1806 2837 ii
1837 2807 1915 2838 dicti

140 2857 214 2884 sunt
235 2854 382 2894 religiosi
405 2864 448 2886 ee
471 2856 653 2896 retegendo,
680 2859 852 2896 tamquam
877 2864 919 2886 er:
935 2856 1081 2895 eligendo
1098 2856 1277 2895 elegantes,
1305 2859 1332 2885 et
1349 2864 1391 2885 ew
1409 2855 1571 2893 diliyetido
1587 2872 1605 2877 -
1618 2872 1638 2878 -
1653 2856 1738 2886 enim
1753 2855 1915 2887 verbis--

141 2904 283 2935 alterum
314 2904 423 2935 laudis
453 2906 651 2936 Lactantius
683 2906 765 2936 lust.
792 2906 847 2941 tv,
878 2905 938 2941 28:
977 2914 1043 2936 non
1075 2906 1225 2936 enim--
1242 2905 1502 2944 superstitionem
1531 2905 1752 2944 7·eli9i0ne--
1769 2908 1839 2937 tota
1864 2906 1917 2938 die

138 2956 294 2993 precatus
322 2957 352 2984 et
380 2955 564 2986 inmolabat
580 2973 628 2978 --
644 2958 864 2986 retractarent
889 2958 919 2985 et
942 2954 1092 2993 aliquam
1115 2963 1184 2985 rem
1208 2955 1377 2995 eliyerent.
1404 2954 1435 2983 tii
1457 2957 1532 2984 sunl
1551 2954 1696 2994 religiosi
1711 2964 1754 2987 ece
1769 2956 1915 2996 etiyendo

141 3004 273 3036 Nonius
297 3012 330 3044 p.
349 3003 432 3041 43st
459 3006 532 3036 Non
556 3005 643 3036 enim
658 3022 706 3028 --
722 3005 937 3044 superstitiosi
961 3008 1034 3035 sunt
1058 3005 1214 3044 appellati
1229 3005 1442 3043 Augustinus
1467 3003 1510 3034 de
1536 3004 1627 3035 civit.
1648 3004 1704 3036 dei
1730 3006 1784 3040 lv,
1804 3006 1855 3036 30.
1876 3023 1912 3028 -

142 3052 195 3083 23.
227 3057 471 3091 separauerant
500 3054 679 3094 Augustini
712 3054 788 3085 cod.
817 3053 1054 3086 corbeiensis.
1083 3071 1117 3076 —
1152 3055 1206 3086 ⁶23.
1233 3054 1480 3093 *Superstitiosos
1513 3055 1561 3084 ait
1584 3054 1695 3085 Cicero
1719 3056 1913 3095 appellatos,

143 3103 198 3142 qui
221 3106 303 3133 totos
326 3103 392 3133 dies
412 3104 638 3142 precabantur
660 3107 689 3134 et
713 3103 943 3141 immolabant,
969 3108 1005 3135 ut
1027 3098 1087 3135 sibi
1110 3105 1160 3135 sui
1180 3104 1271 3135 tiberi
1290 3104 1477 3143 superstites
1493 3108 1594 3135 essent
1610 3104 1763 3136 isidorus
1781 3104 1911 3146 Hispal.

144 3152 254 3192 Origg.
275 3152 314 3190 Χ,
334 3152 408 3185 244.
438 3171 473 3176 —
499 3153 552 3186 24.
571 3154 622 3184 sui
638 3153 697 3184 sibi
716 3154 739 3184 E
753 3154 778 3184 O
807 3171 840 3175 —-
867 3155 919 3186 25.
941 3155 1120 3195 Religiosus
1135 3156 1181 3185 ait
1195 3155 1308 3185 Cicero
1325 3163 1345 3184 a
1363 3154 1532 3194 relegendo
1556 3155 1752 3194 appellatus,
1779 3155 1836 3195 qui
1856 3163 1913 3187 re-

144 3204 267 3232 tracta-t
291 3205 321 3233 et
344 3206 515 3241 tamquam
538 3204 653 3244 releyit
675 3212 716 3234 ea
741 3211 825 3242 quae
848 3205 892 3234 ad
915 3205 1038 3236 cultum
1061 3206 1206 3235 divinum
1236 3205 1411 3243 pertinent.
1437 3204 1478 3234 Hi
1500 3209 1575 3235 sunt
1599 3205 1677 3235 dicti
1698 3205 1849 3245 relegiosi
1871 3213 1914 3236 ex

143 3251 312 3292 relegendo
337 3256 508 3293 tamquam
530 3263 574 3285 ea:
597 3254 742 3293 etiqendo
766 3254 937 3294 eligyeiileS,
963 3263 1006 3285 ex
1022 3254 1183 3292 diliqendo
1200 3253 1384 3293 diligentes,
1410 3261 1454 3284 θα)
1469 3253 1681 3294 intelleyendo
1697 3255 1914 3295 intellegentes

144 3300 298 3334 Isidorus
314 3303 416 3342 (corr.
437 3312 479 3335 ex
496 3303 575 3335 cod.
597 3304 815 3344 frisingensi)
833 3303 873 3342 X,
890 3303 964 3337 234.
995 3321 1030 3328 —
1056 3304 1109 3335 26.
1128 3304 1300 3345 diti9enter
1322 3306 1543 3336 retractarent
1566 3312 1635 3337 om.
1655 3301 1696 3337 Αι
1714 3322 1749 3328 -
1768 3305 1913 3346 religiosi
